3132 5129
290 1565 345 1612 ll

1348 296 1764 358 „56-

380 456 740 515 Pisistrateis
788 454 1244 512 Homeridarum
1288 457 1469 530 atque
1514 452 1943 529 rhapsodorum
1991 453 2246 530 vestigia
2310 456 2526 513 secutis
2582 473 2718 513 con-

380 543 737 601 summatum
794 542 904 598 est.
1006 539 1330 598 Poeseos
1385 557 1524 598 vero
1579 538 1951 597 unitatem
2009 539 2201 597 inesse
2254 557 2374 597 non
2430 557 2603 614 posse
2656 538 2720 597 in

381 628 472 685 his
519 625 905 701 quantumvis
949 623 1433 683 artificiosissime
1478 622 1824 698 compositis
1884 622 2267 697 corporibus,
2324 623 2426 682 sed
2483 626 2719 682 tantum

382 712 444 770 in
489 711 769 786 integriS,
814 729 964 784 quae
1019 708 1139 768 illis
1185 708 1534 783 corporibus
1580 709 1807 768 inserta
1848 712 2019 780 sunt,
2066 708 2427 767 carminibus
2472 708 2531 766 id
2576 728 2719 783 quo·

383 795 556 853 modo
623 812 839 870 negare
904 793 1129 868 possit,
1208 793 1313 869 qui
1379 793 1449 851 de
1516 794 1635 852 illis
1703 793 2065 852 carminibus
2126 795 2362 852 tantum
2430 796 2721 870 quantum

384 880 719 938 Nitzschius
776 878 1091 950 concessit,
1165 897 1258 937 me
1315 897 1434 937 non
1496 879 1841 952 intellegere
1897 878 2105 938 fateor.
2199 878 2317 937 Sed
2375 879 2514 936 nolo
2576 878 2719 937 haec

381 964 621 1040 longius
666 964 981 1039 persequi,
1029 981 1162 1021 cum
1205 964 1445 1021 omnino
1488 982 1611 1021 non
1656 963 2124 1039 disputationem
2171 963 2282 1023 viri
2328 963 2554 1039 egregii
2598 963 2720 1022 sin-

385 1049 636 1126 gulatim
683 1048 941 1107 refutare
988 1048 1132 1107 mihi
1179 1048 1590 1123 proposuerim
1636 1048 1739 1107 sed
1781 1050 2018 1107 tantum
2049 1047 2332 1123 exemplis
2366 1047 2721 1122 quibusdam

387 1135 824 1205 demonstrare,
874 1153 994 1208 qua
1040 1133 1137 1192 via
1181 1132 1621 1208 procedendum
1667 1134 1773 1204 sit,
1832 1134 1883 1191 si
1937 1132 2071 1207 quis
2128 1152 2197 1191 ea
2253 1132 2400 1190 duce
2445 1133 2532 1190 uti
2580 1131 2727 1191 velit

388 1219 461 1278 ad
508 1238 739 1277 omnem
786 1218 952 1276 illam
978 1218 1070 1277 de
1116 1217 1320 1277 Iliadis
1366 1217 1600 1276 unitate
1648 1218 1979 1276 doctrinam
2024 1217 2491 1276 convellendam.

560 1303 785 1375 Quodsi
818 1306 1018 1362 tamen
1050 1322 1136 1375 ea,
1170 1322 1348 1378 quam
1382 1302 1685 1378 descripsi,
1717 1301 2084 1361 Nitzschiani
2118 1301 2306 1361 libelli
2337 1302 2724 1376 pertractatio

388 1388 705 1448 coniuncta
748 1388 987 1463 quidum
1047 1406 1181 1445 cum
1226 1389 1510 1463 perpetua
1554 1390 1944 1462 accurateque
1990 1387 2235 1445 Homeri
2280 1386 2534 1445 lectione
2579 1406 2723 1445 non-

388 1474 530 1531 dum
585 1472 884 1531 suffecerit
934 1473 1008 1530 ad
1075 1472 1431 1530 traditam
1497 1472 1661 1530 illam
1729 1472 1956 1530 fidem
2024 1467 2527 1547 deponendam¹)‚
2600 1476 2724 1530 tum

390 1576 530 1617 vero
576 1558 769 1632 posito
813 1557 1021 1615 libello
1066 1558 1256 1631 ipsam
1301 1556 1547 1614 Iliadem
1596 1575 1715 1615 uno
1771 1559 1977 1615 tenore
2022 1556 2256 1631 saepius
2301 1556 2574 1631 perlegas
2617 1556 2719 1628 ita,

393 1646 461 1702 ut
504 1661 739 1717 semper
781 1644 842 1698 et
886 1641 1138 1716 ubique,
1200 1660 1377 1715 quam
1423 1641 1763 1700 Nitzschius
1810 1640 2315 1700 fundamentalem
2360 1641 2563 1715 posuit
2606 1659 2725 1699 car-

392 1727 570 1786 minis
627 1726 1011 1796 sententiam,
1071 1727 1357 1784 memoria
1412 1728 1614 1785 teneas
1673 1728 1734 1783 et
1789 1726 1908 1785 acri
1966 1726 2183 1785 iudicio
2246 1727 2413 1801 quasi
2458 1744 2727 1785 normam

392 1813 464 1870 ad
522 1811 671 1869 illud
728 1811 1071 1869 admoveas:
1131 1811 1248 1868 iam
1307 1809 1568 1882 videbis,
1624 1810 1675 1869 si
1734 1811 1867 1885 quis
1921 1814 2098 1886 poeta
2154 1830 2215 1868 re
2263 1829 2402 1869 vera
2445 1811 2516 1868 ad
2563 1811 2727 1868 illam

393 1896 661 1972 regulam
708 1915 856 1971 opus
903 1896 1349 1971 composuisset,
1395 1915 1534 1953 eum
1578 1895 1845 1970 profecto
1891 1914 2135 1969 munere
2166 1914 2273 1953 suo
2306 1894 2576 1955 functum
2603 1914 2729 1954 esse

393 1982 681 2056 pessime,
742 2000 875 2038 cum
933 1984 996 2038 et
1054 1999 1163 2054 per
1213 1980 1596 2056 longissimas
1653 1980 1929 2039 carminis
1986 1983 2186 2055 partes
2242 1998 2336 2037 res
2380 1982 2730 2038 enarrentur

392 2066 539 2124 nihil
599 2065 670 2122 ad
727 2084 1017 2123 summam
1078 2064 1242 2122 illam
1270 2065 1692 2137 conferentes,
1751 2067 1812 2122 et
1856 2084 2004 2139 quae
2048 2065 2381 2123 necessario
2427 2065 2552 2122 eius
2598 2064 2732 2122 illu-

395 2149 671 2209 strandae
717 2151 907 2219 gratia
950 2149 1148 2207 adlata
1197 2150 1476 2208 vellemus
1523 2168 1768 2226 prorsus
1816 2150 2193 2219 omittantur,
2239 2154 2300 2207 et
2344 2167 2732 2223 quaecunque

394 2255 513 2294 uno
581 2235 708 2293 loco
777 2234 1115 2293 conduntur
1182 2253 1570 2310 personarum
1639 2254 1951 2309 rerumque
2011 2234 2275 2292 rationes
2343 2234 2733 2309 sequentibus

394 2320 600 2379 statim
658 2323 763 2377 aut
818 2320 1168 2395 ignorentur
1229 2322 1335 2378 aut
1391 2323 1766 2390 evertantur,
1824 2323 1886 2377 et
1939 2319 2182 2377 omnino
2240 2337 2359 2377 non
2403 2319 2507 2376 uni
2553 2318 2734 2393 capiti

398 2404 706 2477 „membra
752 2404 1011 2479 undique
1058 2406 1338 2464 conlata“
1396 2404 1902 2480 adglutinentur,
1928 2406 1995 2461 ut
2039 2423 2176 2462 vere
2222 2403 2337 2462 dici
2381 2404 2573 2478 possit
2615 2403 2733 2461 Ho-

396 2510 626 2563 merum
670 2489 1053 2548 Nitzschiana
1101 2490 1342 2564 quidem
1401 2489 1631 2548 trutina
1688 2488 2050 2564 pensitatum
2120 2507 2239 2548 non
2309 2488 2560 2560 „nihil“,
2629 2488 2735 2546 sed

397 2576 596 2653 potius
662 2575 811 2634 nihil
875 2595 996 2634 non
1066 2576 1305 2650 „inepte
1371 2575 1689 2633 molitum“
1758 2593 1906 2633 esse.
1999 2571 2185 2646 Quin,
2255 2575 2303 2633 si
2373 2575 2507 2648 quis
2563 2577 2738 2649 poeta

397 2659 686 2720 Nitzschii
730 2662 1046 2734 praecepta
1097 2663 1336 2717 secutus
1383 2678 1604 2718 novum
1651 2678 1890 2718 carmen
1935 2677 2263 2734 proponere
2294 2658 2735 2733 adgrederetur,

402 2746 453 2802 is
497 2744 653 2803 haud
710 2744 923 2820 ‘dubito
972 2745 1118 2819 quin
1161 2762 1279 2802 non
1327 2746 1445 2803 tam
1492 2743 1737 2802 Ilaidem
1770 2747 1912 2818 post
1941 2743 2287 2815 Homerum,
2335 2762 2510 2817 quam
2546 2742 2739 2802 Achil·

403 2829 620 2887 Isidem
663 2832 899 2904 praeter
939 2827 1268 2886 Homerum
1316 2828 1647 2903 scripturus
1694 2832 1866 2902 esset,
1913 2846 2045 2886 cum
2092 2830 2326 2886 tantum
2372 2847 2493 2887 non
2540 2828 2741 2886 omnia

405 2914 577 2972 aliter
619 2914 674 2972 ei
700 2912 1085 2982 ⁴instituenda
1128 2916 1189 2972 et
1231 2912 1511 2990 fingenda
1556 2913 1768 2972 forent.
2203 2919 2208 2923 ’

543 3081 588 3138 ι)
637 3076 759 3142 „Es
802 3076 1029 3130 handelt
1074 3077 1189 3130 sich
1234 3076 1363 3130 aber
1413 3077 1644 3143 darum,
1700 3078 1763 3129 ob
1810 3077 1902 3130 die
1946 3076 2284 3131 Menschheit
2328 3078 2489 3130 einen
2534 3077 2742 3131 Homer

401 3145 592 3214 yehabt
629 3144 763 3198 habe
797 3144 930 3197 oder
964 3144 1129 3198 nicht.
1204 3144 1326 3197 Ehe
1361 3161 1491 3197 man
1537 3145 1684 3199 diese
1726 3145 2181 3209 tiberlieferte
2219 3145 2592 3199 Thatsache
2623 3145 2744 3199 sich

401 3214 628 3265 nehmen
675 3213 837 3271 ldsst.
885 3212 1074 3266 diesen
1113 3213 1429 3266 Glauben
1471 3213 1589 3267 sich
1633 3214 1877 3280 bewoyen
1911 3213 2100 3275 finden
2133 3213 2235 3267 soll
2269 3212 2629 3282 aufzuyeben,
2665 3213 2744 3266 da

402 3281 595 3334 verlan
688 3296 821 3332 man
855 3286 1035 3333 suerat
1070 3281 1192 3334 eine
1225 3295 1369 3349 qam
1392 3280 1599 3333 andere
1629 3280 2334 3349 Untersuchunysmethode,
2370 3296 2514 3350 ,σακε
2536 3280 2746 3334 andere

408 3348 573 3401 Gran
654 3352 760 3400 ''tze
811 3348 1089 3401 dev-selben
1146 3348 1268 3401 und
1321 3348 1498 3402 denen
1556 3348 2001 3425 ent-sprechendes
2056 3348 2416 3412 Verfahren.“
2487 3349 2740 3406 Ninscn.

405 3433 462 3484 p.
502 3422 617 3469 ⁶29⁴.
690 3415 900 3469 Audire
939 3415 1043 3469 tibi
1079 3415 1288 3469 videris
1323 3433 1495 3468 unum
1534 3433 1601 3469 ex
1637 3416 1789 3467 hisce
1825 3416 2169 3469 nostratibus
2204 3416 2530 3486 theologum
2567 3417 2744 3484 puris·

408 3484 551 3537 sima
586 3483 696 3536 fide
733 3483 1196 3551 sanctissimaque
1282 3483 1455 3537 ietate
1509 3483 1900 3537 ferocientem!
1973 3483 2046 3536 Et
2078 3500 2149 3536 ne
2187 3484 2375 3552 agitur
2409 3484 2636 3550 quidem
2673 3483 2744 3537 de

408 3551 653 3604 Homero
688 3550 746 3603 in
783 3551 1123 3610 universum,
1160 3502 1279 3604 secfl
1294 3553 1513 3605 tantum
1540 3552 1611 3604 de
1637 3551 1882 3605 Homero
1905 3551 2284 3615 NitzschianO,
2317 3567 2488 3618 quam
2523 3551 2581 3603 in
2617 3567 2742 3604 sen·

322 3671 323 3674 ,
408 3619 645 3672 tentiam
695 3619 1014 3672 adscribere
1060 3619 1251 3687 placet
1294 3619 1540 3670 sobrium
1586 3618 1990 3689 Sengebuschii
2043 3618 2310 3672 iudicium
2346 3620 2403 3671 in
2463 3619 2745 3672 dissertat.

408 3688 633 3741 Homer.
672 3687 815 3755 post.
850 3705 905 3756 p.
940 3691 1006 3740 89
1044 3685 1129 3738 his
1170 3686 1352 3739 verbis
1387 3688 1744 3754 conceptum:
1788 3688 1907 3753 „Ex
1953 3687 2021 3741 iis
2066 3687 2327 3755 quidem,
2370 3702 2517 3754 quae
2560 3687 2745 3741 adhuc

408 3773 442 3808 a
477 3771 567 3807 me
606 3755 665 3807 in
700 3754 949 3808 medium
980 3754 1206 3821 prolata
1228 3755 1373 3819 sunt,
1411 3753 1517 3806 hoc
1541 3753 1771 3809 minime
1797 3755 2177 3874 conseffluitur,
2215 3754 2517 3807 Homerum
2543 3754 2744 3832 ipsum,

408 3824 454 3876 si
490 3824 547 3875 in
583 3825 775 3891 partes
801 3821 1109 3874 Wolfianas
1145 3820 1419 3884 discedas,
1459 3837 1489 3873 e
1527 3822 1715 3875 medio
1751 3840 1872 3876 esse
1909 3823 1990 3876 tol
2016 3822 2240 3875 endum.
2299 3822 2443 3875 Nam
2481 3822 2547 3875 ut
2580 3821 2745 3875 multi

408 3889 621 3944 fuerint
656 3889 851 3942 Iliadis
886 3891 1057 3956 atque
1096 3888 1377 3956 Odysseae
1413 3890 1636 3957 poetae,
1675 3891 1809 3956 quid
1846 3890 2099 3957 impedit,
2134 3889 2433 3957 quominus
2469 3890 2564 3942 uni
2597 3890 2748 3942 inter

411 3973 507 4010 eos
530 3955 762 4011 Homeri
788 3973 991 4010 nomen
1029 3955 1199 4009 l'uisse
1237 3957 1547 4021 credamus,
1587 3973 1622 4010 a
1696 3975 1785 4021 uo,
1822 3974 1994 4024 quum
2029 3957 2088 4008 in
2124 3957 2230 4012 hoc
2265 3973 2501 4026 poeseos
2536 3973 2745 4025 genere

411 4026 533 4078 toto
571 4023 832 4092 princeps
868 4023 1192 4088 haberetur,
1229 4024 1412 4077 totum
1447 4041 1624 4093 genus
1699 4026 1926 4080 emerici
1961 4024 2214 4079 traheret
2237 4041 2441 4078 nomen
2459 4030 2523 4076 ?“
2577 4023 2745 4091 Equi-

412 4092 540 4144 dem
578 4106 920 4159 quamquam
959 4091 1307 4156 „carminum
1346 4094 1616 4146 venator“
1654 4109 1765 4146 non
1802 4093 1982 4147 solum
2018 4109 2241 4158 nomen,
2278 4092 2378 4146 sed
2413 4092 2584 4146 etiam
2621 4108 2749 4160 per-

413 4174 607 4214 sonam
654 4157 883 4212 Homeri
930 4160 1171 4224 retine0,
1220 4160 1319 4226 qui
1366 4161 1649 4226 quomodo
1695 4160 1903 4228 insigni
1947 4160 2161 4231 ingenii
2199 4161 2447 4226 artisque
2486 4159 2747 4226 exemplo

412 4243 590 4304 novus
638 4227 830 4303 spicae
875 4243 1113 4296 poeseos
1157 4226 1413 4281 conditor
1456 4244 1491 4281 a
1559 4246 1628 4281 ue
1673 4228 1907 4294 signifer
1952 4229 2256 4292 exstiterit,
2316 4228 2576 4281 accurate
2620 4244 2747 4296 per-

413 4309 717 4361 spicueque
742 4311 801 4346 in
876 4295 1019 4348 rima
1052 4295 1153 4348 illa
1176 4294 1485 4349 litterariae
1562 4311 1855 4350 raecorum
1882 4295 2149 4350 historiae
2175 4298 2335 4365 parte
2365 4297 2454 4364 [cf.
2475 4314 2528 4365 p.
2551 4301 2612 4349 57
2634 4297 2745 4365 sq.J

414 4361 711 4432 explanare
746 4362 835 4415 stu
877 4362 1000 4415 ebo.

660 4685 799 4788 Ἆ-
