3132 5129
1304 380 1765 442 -117-

361 537 645 595 ultimum
690 555 958 610 versum,
1016 538 1092 596 ad
1152 556 1328 613 quem
1374 538 1542 596 nulla
1587 540 1779 597 exstat
1821 538 2176 596 scholiorum
2219 538 2555 615 adnotatiO,
2603 561 2705 616 pa·

361 621 584 681 tienter
626 622 821 681 adhuc
867 622 1183 681 toleratum
1229 641 1356 682 esse
1397 622 1473 681 ab
1517 624 1792 681 omnibus
1838 624 1981 681 satis
2026 624 2228 681 mirari
2275 642 2395 681 non
2440 642 2700 699 possum.

361 707 519 765 Nam
567 708 712 781 quin
760 708 830 765 in
887 707 1362 766 defendenda
1417 709 1670 782 patria
1726 727 1859 767 cum
1904 710 2074 782 patre
2131 711 2193 765 et
2249 708 2363 782 ipsi
2422 708 2527 767 filii
2587 730 2704 769 una

361 791 721 864 occiderint,
781 796 848 849 ut
901 794 1174 851 funestus
1231 811 1383 851 unus
1438 792 1563 850 dies
1620 796 1849 852 tantam
1921 793 2183 852 omnium
2244 793 2701 853 domesticarum

363 895 562 935 rerum
609 877 835 935 cladem
881 878 1220 953 complexus
1266 879 1372 952 sit,
1419 878 1753 953 neminem,
1801 878 1902 954 qui
1950 878 2135 937 totius
2180 878 2293 937 loci
2341 879 2461 937 vim
2507 882 2568 938 et
2610 899 2699 938 ra-

361 961 588 1020 tionem
635 962 1048 1036 perpenderit,
1106 963 1363 1038 amplius
1419 962 1835 1021 dubitaturum
1891 963 2173 1021 arbitror.
2250 963 2459 1039 Apage
2515 964 2704 1040 igitur

360 1048 511 1105 istos
568 1045 747 1104 boum
806 1048 1125 1121 oviumque
1181 1066 1425 1124 gregeS,
1492 1067 1642 1122 quos
1701 1049 1803 1122 qui
1862 1048 2072 1107 intulit
2123 1049 2379 1106 aliorum
2437 1048 2700 1108 locorum

361 1132 515 1190 male
562 1148 788 1189 memor
828 1132 973 1205 fuit,
1022 1133 1237 1207 quibus
1282 1133 1385 1191 illa
1430 1133 1611 1206 „belli
1669 1133 1928 1191 deterior
1971 1133 2186 1191 causa“
2246 1136 2696 1192 commemorari

360 1217 543 1290 solet,
591 1219 659 1274 ut
702 1217 761 1272 A
813 1218 948 1275 154.
1013 1221 1074 1273 A
1121 1220 1242 1276 672
1276 1237 1406 1293 sqq.
1479 1218 1539 1272 Σ
1579 1219 1700 1276 524
1756 1237 1889 1293 sqq.
1961 1218 2017 1273 T
2052 1220 2151 1276 91.
2228 1236 2260 1274 o
2307 1220 2445 1277 386.
2510 1239 2543 1296 ρ
2573 1220 2693 1277 471

359 1321 485 1377 sq.,
534 1320 708 1377 quem
753 1302 948 1360 locum
995 1302 1148 1360 haud
1198 1304 1315 1361 scio
1360 1322 1436 1361 an
1482 1304 1676 1377 ipsum
1723 1303 1799 1361 ob
1845 1303 2046 1361 oculos
2092 1302 2392 1362 habuerit:

618 1412 832 1475 ὁππότ’
881 1411 1035 1496 ἀνὴρ
1079 1418 1213 1497 περὶ
1258 1411 1382 1476 οἷσι
1422 1416 1808 1497 μαχειόμενος
1852 1413 2147 1479 κτεάτεσσι

616 1500 890 1579 βλήεται,
936 1499 979 1581 ἢ
1022 1502 1154 1582 περὶ
1196 1503 1467 1583 βουσὶν
1510 1499 1552 1580 ἢ
1594 1499 1633 1562 ἆ
1653 1525 1776 1582 ργε
1795 1512 1969 1585 ννῇς
2014 1497 2318 1564 ὀίεσσιν.

533 1640 705 1699 Unus
749 1643 940 1699 restat
995 1643 1158 1700 locus
1214 1641 1629 1700 celeberrimus
1686 1641 1786 1699 ille
1848 1643 2231 1717 433—439,
2292 1663 2408 1717 quo
2465 1642 2697 1702 Andro-

355 1726 567 1785 mache
611 1727 817 1801 inepta
862 1728 945 1784 rei
990 1727 1284 1802 gerendae
1329 1726 1576 1785 consilia
1620 1726 1865 1785 Hectori
1932 1746 2036 1784 suo
2096 1728 2201 1785 dat
2243 1728 2335 1785 vel
2381 1745 2513 1785 cum
2560 1729 2696 1786 sim-

356 1812 499 1887 plici
545 1810 653 1869 illo
698 1804 885 1868 αὐτοῦ
927 1804 1104 1887 μίμν’
1154 1806 1248 1868 ἐπὶ
1295 1806 1502 1897 πύργῳ
1544 1814 1752 1886 aperte
1791 1813 2138 1888 pugnantia.
2230 1812 2343 1870 Sed
2378 1812 2450 1869 de
2492 1812 2587 1872 his
2633 1819 2699 1872 ut

355 1895 636 1971 pluribus
685 1914 862 1971 agere
919 1915 1037 1953 non
1096 1915 1247 1971 opus
1303 1896 1412 1970 sit,
1484 1900 1546 1954 et
1602 1896 1931 1954 Aristarchi
1987 1899 2263 1955 accurata
2319 1897 2463 1955 facit
2518 1899 2696 1957 ratio·

355 1982 611 2053 cinatio,
678 2001 854 2055 quam
924 1982 1069 2039 satis
1136 1981 1286 2039 bene
1348 1984 1647 2039 servatam
1717 1982 1775 2039 in
1837 1981 2224 2040 Aristoniceis
2288 1980 2570 2057 legimus,
2640 1987 2700 2041 et

355 2066 614 2124 Bekkeri
659 2067 1038 2140 obsequium,
1087 2067 1186 2140 qui
1219 2067 1324 2124 hos
1354 2085 1588 2141 quoque
1630 2084 1838 2124 versus
1868 2084 2056 2141 nuper
2085 2066 2159 2124 ad
2192 2067 2371 2124 imam
2418 2069 2697 2141 paginam

353 2150 678 2209 damnavit

527 2235 638 2293 His
695 2234 912 2311 igitur,
974 2254 1121 2310 quos
1176 2236 1368 2294 adhuc
1417 2236 1697 2309 tractavi,
1757 2235 2025 2294 versibus
2080 2234 2333 2294 sublatis
2389 2240 2694 2310 praestan·
2734 2236 2798 2284 10

309 2330 327 2346 “
359 2321 656 2380 tissimum
705 2339 945 2378 carmen
989 2322 1076 2378 ita
1119 2321 1458 2396 integritati
1506 2339 1645 2378 suae
1674 2320 1975 2378 redditum
2010 2321 2314 2393 existimo,
2363 2324 2431 2379 ut
2472 2323 2589 2395 vix,
2624 2323 2695 2380 de

355 2404 575 2482 quibus
644 2404 885 2479 insuper
942 2405 1337 2463 dubitandum
1403 2407 1509 2479 eit,
1581 2405 1769 2464 relicti
1837 2405 1897 2462 in
1963 2425 2032 2464 eo
2092 2423 2297 2463 versus
2362 2405 2694 2464 videantur.

360 2492 574 2567 ltaque
621 2494 891 2566 poteram
936 2491 1030 2548 hic
1074 2490 1250 2548 finem
1297 2490 1518 2564 facere,
1565 2492 1681 2548 nisi
1710 2492 2037 2548 exstitisset
2078 2493 2218 2548 ante
2264 2490 2504 2567 aliquod
2551 2495 2694 2548 tem·

356 2596 468 2652 pus
513 2595 585 2635 ex
631 2576 805 2633 sociis
850 2578 1181 2634 carminum
1211 2577 1596 2636 venatoribus
1640 2595 1822 2651 unus,
1872 2576 1973 2651 qui
2019 2576 2208 2634 multo
2250 2575 2521 2634 acerbius
2566 2596 2693 2636 cru·

357 2662 699 2737 deliusque,
750 2680 928 2736 quam
974 2680 1085 2737 ego
1131 2662 1248 2719 iam
1296 2662 1486 2735 egisse
1543 2662 1792 2719 unitatis
1835 2661 2175 2736 pastoribus
2220 2660 2493 2736 videbor,
2542 2662 2691 2720 Hec-

356 2746 508 2805 toris
562 2750 745 2821 atque
798 2745 1245 2804 Andromachae
1317 2745 1679 2820 colloquium
1747 2747 2072 2804 diminuere
2138 2749 2201 2803 et
2253 2747 2327 2804 ad
2386 2747 2693 2805 minimam

357 2832 628 2906 profecto
673 2831 764 2887 sui
811 2833 1044 2904 partem
1076 2830 1344 2905 redigere
1376 2833 1624 2888 conatus
1655 2834 1761 2889 est.
1838 2831 2146 2888 Paulum
2193 2830 2291 2888 La
2332 2830 2692 2889 Bochium

357 2917 520 2991 dico,
567 2917 669 2990 qui
715 2915 776 2972 in
822 2915 1270 2987 dissertatione,
1320 2934 1495 2990 quam
1529 2918 1846 2974 vernaculo
1892 2934 2160 2974 sermone
2206 2917 2601 2990 conscriptam
2632 2921 2695 2974 et

356 3000 969 3076 „Homericarum
1022 2999 1483 3075 analyseon“
1542 3000 1722 3059 titulo
1781 3002 2131 3058 instructam
2175 3000 2475 3076 Philologi
2520 3001 2691 3059 volu-

354 3086 504 3145 mini
545 3084 663 3143 XII
708 3082 926 3161 (1857)
971 3106 1029 3159 p.
1063 3086 1391 3144 395--411
1444 3086 1725 3159 inseruit,
1773 3086 1923 3144 hanc
1965 3082 2139 3143 nobis
2184 3085 2694 3161 quadraginta

354 3176 522 3230 octo
568 3187 921 3229 versuum
966 3169 1292 3228 Homiliam
1336 3170 1627 3228 exsecuit:
1676 3171 2032 3229 394—401.
2081 3170 2438 3228 404-412.
2482 3170 2693 3230 440—-

353 3256 496 3315 446.
543 3255 898 3313 466-478.
946 3254 1301 3314 482—489.
1351 3255 1707 3313 494—496.
1798 3255 2079 3313 Rationes
2139 3252 2413 3329 quidem,
2475 3254 2692 3329 quibus

353 3341 504 3401 hanc
550 3338 950 3399 carnificinam
995 3344 1300 3414 tamquam
1364 3339 1760 3397 necessarium
1803 3339 2178 3398 subtilissimi
2222 3338 2425 3397 iudicii
2464 3339 2692 3398 facinus

353 3424 859 3485 confidentissime
903 3423 1369 3497 commendavit,
1414 3423 1573 3499 apud
1618 3424 1839 3499 ipsum,
1902 3424 1951 3482 si
1995 3425 2218 3499 placet,
2276 3424 2472 3500 legere
2520 3443 2689 3498 prae-

353 3515 506 3585 stat,
551 3510 817 3568 refutare
871 3508 1137 3585 singulas
1181 3512 1244 3567 et
1298 3509 1628 3568 taediosum
1689 3512 1782 3567 est
1838 3511 1899 3567 et
1955 3526 2199 3584 prorsus
2253 3507 2498 3581 inutile,
2557 3528 2690 3567 cum

355 3596 454 3654 vix
512 3594 838 3654 verendum
895 3594 1003 3668 sit,
1071 3613 1146 3652 ne
1187 3595 1351 3652 inter
1404 3594 1606 3668 epicae
1661 3612 1906 3669 poeseos
1961 3595 2188 3669 peritos
2247 3612 2529 3668 magnum
2585 3593 2706 3652 ille·

355 3679 776 3755 plaudentium
819 3697 1134 3737 numerum
1179 3680 1258 3749 sit
1286 3679 1659 3737 inventuruS.
1712 3680 2108 3753 ‘Quamquam
2140 3677 2300 3735 enim
2328 3678 2540 3752 quavis
2569 3678 2690 3735 fere

353 3766 574 3841 pagina
617 3764 770 3838 epici
817 3763 942 3822 stili
986 3764 1397 3840 integritatem
1425 3765 1612 3837 atque
1641 3762 1880 3838 antiqui
1924 3766 2133 3839 poetae
2179 3781 2468 3820 summam
2498 3765 2689 3820 artem

353 3851 566 3924 iactat,
613 3848 765 3907 nihil
807 3848 931 3907 fere
972 3850 1171 3907 tamen
1200 3848 1435 3924 profert
1463 3847 1580 3906 nisi
1610 3848 1928 3924 imperiosa
1957 3847 2184 3923 proprii
2214 3846 2447 3905 arbitrii
2477 3847 2687 3921 edicta,

355 3936 607 4010 quibua,
665 3933 807 4008 quid
858 3931 1168 4008 pulchrum
1224 3934 1305 3991 sit
1348 3932 1492 4008 quid
1547 3934 1634 3991 rei
1677 3933 2184 3992 accommodatum
2243 3930 2385 4005 quid
2439 3933 2688 4006 antiquo

353 4020 530 4079 heroe
575 4019 857 4094 dignum,
913 4036 1037 4077 non
1079 4018 1191 4077 sibi
1237 4037 1310 4077 ex
1351 4017 1614 4076 Homero
1659 4018 1761 4077 sed
1808 4019 2066 4077 Homero
2112 4015 2467 4089 Graecisque
2513 4035 2583 4073 ex
2626 4035 2687 4075 se

353 4104 703 4164 discendum
756 4104 1132 4178 proposuisse
1186 4102 1440 4162 videtur.
1514 4101 1829 4178 Ingeniose
1873 4107 2044 4165 acute
2088 4101 2349 4176 speciose
2392 4101 2569 4160 etiam
2612 4101 2688 4160 ad

353 4189 664 4248 hominum
719 4188 1155 4263 elegantiorum
1212 4187 1670 4246 delectationem
1737 4188 1893 4247 haud
1958 4205 2143 4263 pauca
2206 4185 2507 4261 disputata
2562 4205 2686 4245 esse

352 4273 631 4333 lubenter
672 4272 959 4348 conced0,
1020 4273 1121 4332 sed
1165 4273 1360 4348 ipsum
1404 4272 1504 4347 „id
1551 4273 1848 4348 sophistae
1892 4289 2124 4347 quoque
2171 4270 2495 4346 fecerunt“,
2544 4290 2687 4346 quo-

353 4376 484 4418 rum
537 4362 714 4418 notos
772 4357 938 4416 lusus
988 4359 1106 4417 iam
1164 4358 1306 4417 olim
1359 4377 1396 4416 a
1452 4357 1619 4416 Zoilo
1673 4358 1790 4417 isto
1845 4358 1909 4416 in
1961 4356 2205 4417 Homeri
2264 4356 2684 4416 contumeliam

355 4444 674 4504 translatos
716 4443 981 4520 analysis
1024 4443 1130 4505 illa
1172 4444 1261 4502 ita
1301 4441 1669 4518 aemulatur,
1729 4446 1827 4519 ut,
1875 4445 2078 4501 utrum
2123 4442 2275 4501 serio
2319 4461 2398 4500 an
2439 4440 2687 4499 ludibrii
