3132 5129
1244 404 1706 468 -427-

798 556 920 619 καὶ
963 552 1145 631 θεὸς
1189 550 1593 639 ὖψιγὲνεθλος
1638 527 2039 639 ἔην.λόγος.

302 680 421 740 Ubi
479 700 534 738 v.
583 682 620 738 3
668 700 738 738 cx
781 678 952 755 XVI,
1001 682 1100 738 30.
1158 678 1294 755 XX,
1345 681 1464 738 142
1517 676 1741 758 γόνος
1797 681 2003 757 scripsi
2063 676 2173 757 pro
2231 678 2418 757 φάος,
2486 683 2643 759 quod

304 765 557 824 nimium
613 765 765 824 lucis
820 765 1040 824 frustra
1095 766 1575 842 interpungendo
1635 766 1909 842 mitigare
1963 766 2342 828 studuerunt.
2442 767 2641 844 Ipsam

302 849 636 909 doctrinam
693 851 806 909 etsi
856 850 1270 909 verbosissime
1328 854 1663 909 enarratam
1719 851 1996 928 religiose
2052 852 2342 925 servavit,
2398 871 2507 911 nec
2563 853 2642 911 de

301 954 430 995 suo
475 936 870 1010 quicquam
916 934 1191 994 addere
1247 954 1425 994 ausus
1470 941 1590 1010 est,
1650 936 1763 995 nisi
1811 936 1914 995 ubi
1957 954 2052 994 res
2097 939 2374 996 externae
2419 937 2643 1012 simpli-

302 1022 451 1079 citer
506 1020 801 1079 indicatae
857 1020 931 1077 ad
989 1020 1411 1078 accuratiorem
1459 1019 1925 1096 descriptionem
1969 1021 2138 1096 quasi
2182 1021 2440 1080 invitare
2483 1022 2643 1081 vide·

303 1108 542 1179 rentur,
599 1108 669 1163 ut
712 1105 967 1180 exempli
1012 1105 1206 1180 gratia
1248 1103 1353 1178 IV,
1402 1105 1483 1163 32
1530 1105 1755 1165 Christi
1801 1106 1998 1164 cibum
2045 1108 2372 1166 recusantis
2416 1110 2642 1181 gestuS,

305 1189 408 1264 IX,
448 1192 475 1246 1
512 1208 646 1265 sqq.
681 1190 834 1248 caeci
880 1189 1138 1249 hominis
1182 1192 1395 1248 natura
1440 1193 1499 1248 et
1545 1192 1791 1264 curatio,
1838 1190 1939 1264 XI,
1976 1193 2055 1248 29
2091 1191 2311 1249 Mariae
2354 1191 2643 1251 excitatae

302 1294 373 1333 ex
418 1274 586 1332 luctu
644 1277 704 1332 et
757 1274 974 1349 gaudio
1029 1275 1216 1332 mixta
1271 1275 1452 1333 animi
1510 1293 1713 1349 sensa,
1773 1275 1949 1338 ibid.
1996 1276 2075 1333 39
2106 1293 2234 1351 sqq.
2297 1276 2502 1334 Lazari
2557 1296 2646 1335 re-

301 1359 626 1434 suscitatiO,
674 1359 829 1433 XIX,
865 1360 942 1417 23
958 1378 1086 1435 sqq.
1118 1359 1306 1417 crucis
1350 1360 1727 1435 supplicium,
1775 1358 1931 1434 XXI,
1967 1362 2144 1435 sssqq.
2180 1360 2340 1419 Petri
2373 1361 2640 1435 piscatio.

302 1445 459 1503 Raro
515 1444 741 1520 aliquid
788 1444 1076 1519 pristinae
1119 1443 1446 1503 rhetoricae
1500 1445 1751 1503 ornandi
1805 1446 2002 1519 gratia
2057 1444 2336 1520 retinuit,
2394 1449 2462 1504 ut
2505 1445 2639 1521 XII,
2673 1440 2704 1487 8

305 1530 387 1587 43
419 1549 550 1605 sqq.
600 1527 701 1587 ubi
745 1533 951 1588 narrat
992 1528 1343 1587 Pharisaeos
1388 1530 1703 1588 consilium
1749 1530 1989 1605 cepisse,

608 1668 692 1682 --
777 1671 860 1681 -
948 1670 1030 1681 -
1116 1670 1199 1681 -
1285 1633 1450 1735 οφρα
1494 1635 1595 1697 καὶ
1638 1627 1825 1697 αὐτὸν

612 1716 894 1801 Λάζαρον
936 1718 1244 1800 ἀχλυόεντι
1285 1715 1471 1782 πάλιν
1512 1720 1795 1800 πέμψωσι
1837 1719 2110 1805 βερέθρῳ

609 1804 893 1885 νόστιμον
937 1805 1003 1867 ἐκ
1049 1805 1306 1883 νεκύων,
1354 1804 1528 1889 ἑτέρῳ
1573 1807 1901 1880 κτείνοντες
1945 1783 2175 1890 ὀλέθρῳ

606 1886 830 1970 πότμον
875 1889 958 1950 ἔτι
1000 1892 1280 1952 πνείοντα
1324 1893 1699 1970 παλαίτερον,
1741 1915 1907 1971 οφρα
1949 1915 2037 1965 τις
2082 1891 2253 1975 εἴπῃ·

608 1975 928 2055 ,,Λοὶζαρος
972 1970 1134 2036 οἶτον
1174 1975 1352 2051 αλυξε
1396 1975 1496 2037 καὶ
1540 1974 1612 2037 ού
1659 1977 1855 2057 φύγεν
1895 1972 2230 2057 ἇρχιερῆας.
2237 1981 2278 2014 “

472 2090 635 2149 Haec
689 2090 848 2165 ipsa,
921 2108 1099 2164 quam
1157 2089 1418 2149 breviter
1471 2089 1988 2166 adumbravimuS,
2045 2090 2190 2151 fides
2245 2090 2361 2149 iam
2418 2110 2525 2167 per
2583 2111 2645 2150 se

304 2174 554 2234 suadere
587 2174 838 2250 videtur,
886 2177 953 2232 ut
984 2173 1267 2233 Nonnum
1298 2178 1579 2249 putemus
1625 2176 2055 2235 studiosissime
2101 2175 2344 2250 cavisse,
2392 2194 2466 2236 ne
2499 2177 2642 2251 quid

303 2261 453 2319 sacri
512 2259 586 2318 de
642 2278 886 2335 corpore
939 2260 1344 2336 evangelistae
1400 2260 1639 2334 periret.
1727 2259 1936 2335 Itaque
1994 2279 2099 2336 per
2154 2278 2217 2319 se
2273 2260 2433 2319 haud
2488 2262 2642 2321 male

301 2348 510 2421 poetae
574 2345 836 2403 animum
901 2347 1195 2404 noverant
1259 2340 1631 2403 Bordatus
1696 2347 1758 2402 et
1818 2345 2180 2419 Nansius,
2248 2362 2410 2419 cum,
2491 2365 2642 2420 quae

301 2430 597 2506 evangelii
639 2428 824 2488 verba
865 2429 1021 2505 apud
1066 2429 1241 2487 illum
1285 2429 1557 2504 neglecta
1604 2428 1980 2504 viderentur,
2042 2433 2377 2505 temporum
2423 2430 2642 2489 iniuria

299 2515 536 2592 perdita
579 2514 1004 2574 existimarent.
1080 2514 1162 2574 Et
1205 2533 1344 2574 sane
1388 2517 1457 2573 ut
1499 2513 1857 2591 Dionysiaca
1900 2514 1985 2574 ita
2030 2516 2208 2574 etiam
2235 2510 2640 2590 'paraphrasin

299 2601 605 2661 lacunis
652 2600 1028 2676 deturpatam
1060 2618 1186 2659 esse
1216 2600 1555 2676 interrupta
1586 2599 1905 2659 verborum
1935 2620 2248 2676 rerumque
2281 2599 2641 2659 continuitas

300 2687 533 2761 aliquot
575 2686 720 2744 locis
766 2688 889 2743 tam
935 2687 1142 2761 aperte
1186 2686 1419 2760 clamat,
1466 2688 1536 2744 ut
1580 2703 1682 2744 eos
1727 2686 2076 2761 simpliciter
2117 2704 2494 2744 enumerasse
2523 2687 2640 2744 suf-

300 2770 479 2829 ficiat.
555 2770 1040 2846 Longissima
1082 2770 1320 2845 quidem
1366 2772 1638 2830 lacuna
1680 2773 1775 2830 est
1802 2774 1941 2846 post
1970 2770 2075 2845 VI,
2117 2773 2254 2846 163,
2302 2771 2403 2846 qui
2435 2790 2642 2831 versus

299 2845 580 2928 ὖστατίης
636 2873 736 2912 οτε
797 2850 1013 2932 φέγγος
1069 2849 1368 2912 ἐλεύσεται
1421 2849 1754 2932 ἠριγενείης
1800 2856 1893 2914 bis
1937 2857 2060 2915 fere
2104 2856 2260 2915 idem
2305 2856 2532 2931 positus
2577 2857 2641 2915 in

300 2958 474 2999 causa
504 2939 637 3014 fuit,
690 2941 760 2998 ut
789 2941 1145 2999 intermedia
1174 2939 1598 3015 respondentia
1627 2941 1921 3018 evangelii
1952 2941 2221 3000 versibus
2251 2939 2355 3015 VI,
2390 2942 2550 2998 41—-
2561 2941 2640 2999 54

302 3044 504 3085 errore
537 3025 976 3085 omitterentur.
1050 3025 1313 3084 Plures
1358 3044 1621 3085 versus
1667 3026 2013 3084 exciderunt
2040 3029 2178 3101 post
2207 3024 2312 3100 IV,
2350 3027 2489 3100 133,
2537 3025 2640 3084 ubi

303 3110 485 3169 verba
514 3110 919 3186 evangelistae
943 3105 1364 3184 Καὶ-ἐλάλει
1395 3109 1832 3184 desiderantur3
1864 3113 1994 3168 tum
2023 3112 2087 3169 in
2116 3111 2280 3169 lacus
2312 3110 2642 3169 Bethesdae

304 3194 703 3270 descriptione
748 3194 821 3270 V,
870 3197 906 3253 6
953 3195 1013 3253 in
1059 3195 1257 3254 medio
1302 3214 1507 3269 versu3
1565 3199 1705 3270 post
1747 3194 1924 3268 VIII,
1978 3198 2115 3270 101,
2176 3195 2280 3253 ubi
2337 3196 2645 3271 perierunt

300 3278 516 3355 quibus
561 3279 857 3357 evangelii
886 3299 945 3339 v.
978 3281 1057 3339 38
1090 3280 1538 3355 exprimeretur,
1586 3282 1764 3355 atque
1810 3279 1992 3339 ibid.
2026 3280 2180 3339 circa
2208 3299 2264 3338 v.
2303 3281 2454 3357 1083
2501 3284 2643 3355 post

300 3363 448 3438 XII,
498 3365 596 3439 58,
654 3364 755 3422 ubi
813 3364 919 3423 illa
967 3357 1234 3438 Ὡσαννά
1294 3368 1354 3423 et
1407 3384 1557 3440 quae
1615 3367 1944 3440 sequuntur
1996 3365 2094 3423 vix
2155 3368 2300 3441 puto
2346 3364 2636 3441 abfuisse;

301 3448 482 3506 ibid.
526 3452 663 3524 post
705 3468 764 3508 v.
816 3450 966 3524 124,
1024 3449 1127 3509 ubi
1180 3450 1480 3526 evangelii
1535 3469 1594 3509 v.
1643 3450 1722 3506 32
1768 3452 1830 3509 et
1875 3450 1954 3507 33
1999 3468 2106 3508 nec
2163 3468 2267 3525 per
2327 3467 2388 3507 se
2432 3449 2639 3508 abesse

299 3534 562 3607 potuisse
607 3536 772 3609 patet
814 3537 876 3593 et
917 3554 953 3592 a
998 3534 1213 3593 Nonno
1256 3535 1442 3593 lectos
1487 3553 1616 3595 esse
1659 3553 1728 3592 ex
1776 3554 1833 3592 v.
1869 3535 1987 3592 132
2014 3554 2142 3610 sqq.
2177 3537 2455 3609 apparet3
2503 3538 2641 3608 post

299 3616 460 3692 XIV,
497 3619 593 3693 76,
639 3617 742 3676 ubi
784 3619 1081 3695 evangelii
1126 3639 1186 3678 v.
1222 3621 1305 3678 20
1334 3619 1536 3694 periit.
1615 3618 1822 3678 Unus
1868 3621 2104 3678 tantum
2150 3638 2414 3678 versus
2459 3619 2638 3694 periit

298 3705 439 3777 post
478 3709 758 3778 μενοινῆς
803 3703 882 3779 ΙΙ,
932 3706 1043 3779 593
1089 3703 1269 3766 ibid.
1315 3723 1372 3762 v.
1410 3706 1529 3764 116
1575 3707 1713 3780 post
1758 3695 1857 3761 ἐόν
1901 3705 1964 3763 in
2009 3704 2205 3763 medio
2251 3722 2458 3778 versu3
2504 3707 2642 3778 post

296 3779 578 3868 ἇπνθήσῃ
620 3786 729 3864 ΙΠ,
782 3791 929 3863 17ος
983 3792 1123 3864 post
1165 3786 1329 3890 πηγῇ
1373 3788 1477 3864 IV,
1530 3791 1686 3862 1883
1740 3791 1879 3864 post
1930 3782 2231 3859 ἀκούσας,
2290 3789 2395 3848 ubi
2439 3788 2637 3847 omitti

296 3890 420 3931 non
477 3876 715 3948 poterat
767 3869 858 3932 ὅτι
909 3833 1143 3949 ’,Ιησοῦς
1199 3867 1333 3948 ἥκει
1389 3867 1452 3930 ἐκ
1504 3880 1610 3950 τῆς
1662 3866 1957 3943 Ἰουδαίας
2003 3872 2087 3943 εἰς
2131 3870 2244 3949 τὴν
2286 3869 2636 3946 Γαλιλαίαν,

298 3955 403 4030 IV,
452 3958 607 4033 214·
675 3961 815 4017 ante
868 3960 933 4017 et
984 3960 1123 4034 post
1166 3957 1240 4032 V,
1290 3958 1410 4015 144
1468 3954 1658 4016 ταῦτά
1713 3977 1785 4034 με
1842 3955 2128 4035 κηρύσσει
2181 3952 2283 4015 καὶ
2342 3950 2639 4035 ἐρεύγεται

298 4037 557 4141 ἔμπεδον
597 4036 823 4118 αὖὸήν;
868 4045 1008 4118 post
1049 4048 1260 4100 τοῦτον
1304 4042 1436 4115 VH,
1489 4045 1645 4117 103,
1691 4046 1848 4142 post
1872 4041 2108 4120 πομπῆς
2153 4041 2328 4101 ibid.
2376 4061 2433 4101 v.
2483 4044 2634 4117 108,

298 4130 437 4187 ante
493 4118 642 4201 ὑμῖν
697 4120 876 4196 αὐτὸς
933 4122 1097 4198 ἔλεξα
1140 4126 1314 4201 VIII,
1367 4128 1515 4202 1333
1571 4131 1714 4228 post
1765 4119 1948 4207 μύθῳ
2007 4127 2183 4190 ibid.
2228 4146 2285 4186 v.
2335 4127 2474 4201 174,
2532 4086 2635 4185 ubi

297 4211 590 4288 evangelii
634 4211 817 4271 verba
858 4207 961 4269 καὶ
1017 4205 1129 4269 οὐκ
1173 4208 1468 4289 ἐγνώκατε
1511 4205 1705 4270 αὐτὸν
1747 4213 1927 4272 etiam
1972 4231 2008 4270 a
2051 4211 2265 4271 Nonno
2310 4213 2466 4271 lecta
2509 4230 2636 4270 esse

298 4296 677 4393 sequentium
736 4297 1046 4357 antithesis
1091 4297 1292 4372 docet3
1349 4299 1488 4373 post
1531 4291 1777 4372 Σιλωαμ
1820 4296 1922 4369 IX,
1970 4299 2070 4372 62,
2129 4296 2229 4355 ubi
2283 4296 2637 4374 gravissima

296 4380 535 4456 imperii
591 4399 727 4456 pars
783 4381 854 4439 de
912 4381 1307 4441 abluendis
1363 4382 1551 4442 oculis
1611 4382 1810 4442 omitti
1864 4400 1984 4441 non
2041 4384 2304 4458 poterat3
2365 4381 2465 4456 IX,
2515 4384 2633 4438 145

297 4469 437 4524 ante
495 4463 639 4542 ἰωῆς
696 4466 757 4524 in
815 4484 1022 4526 versus
1081 4467 1374 4546 clausula3
1430 4471 1566 4543 post
1619 4461 1904 4542 μανέντες
1949 4467 2020 4543 Χ,
2073 4467 2222 4541 13ος
2267 4466 2372 4542 XI,
2419 4469 2455 4527 3
2502 4469 2638 4542 post
