3132 5129
1244 426 1708 491 ...459—

614 581 718 642 καὶ
760 580 836 660 δὴ
880 574 1099 680 λυχνον
1140 580 1394 646 απιστον
1436 578 1731 662 ἀπέσβεσε
1773 578 1987 662 πικρὸς
2026 577 2212 662 ἀήτης

616 665 719 727 καὶ
764 658 973 746 ψυχὴν
1014 665 1116 728 καὶ
1158 665 1345 748 ἔρωτα
1388 663 1772 747 πολυτλήτοιο
1818 663 2155 748 Λεάνδρου.

481 790 594 848 Hic
646 807 784 848 vero
842 790 957 848 iam
1015 789 1089 847 ad
1144 808 1281 848 eum
1335 791 1530 849 locum
1590 790 1995 866 pervenimus,
2054 810 2172 865 quo
2218 791 2396 850 codex
2444 795 2648 849 noster

310 894 605 933 summum
663 874 837 934 nobis
882 873 1229 933 beneficium
1274 875 1590 950 praestitit.
1682 876 1751 933 In
1799 874 2064 951 vulgatis
2111 876 2270 935 enim
2312 874 2483 934 libris
2528 877 2646 934 iam

314 959 399 1017 ita
441 960 743 1036 pergitur:

613 1072 788 1136 εἰσέτι
831 1070 892 1135 δ’
942 1067 1263 1147 ἰθύνοντος
1310 1072 1406 1136 ἐπ’
1457 1072 1855 1156 ἆγρύπνοισιν
1899 1071 2172 1149 ὀπωπαῖς

616 1159 818 1220 ἵστατο
860 1160 1234 1237 κυμαίνουσα
1278 1156 1742 1222 πολυκλαύτοισι
1783 1162 2122 1240 μερίμναις,

313 1281 415 1340 ubi
466 1280 600 1340 cum
645 1281 792 1339 illud
840 1277 1161 1350 ἰθύνοντος
1205 1301 1380 1341 sensu
1427 1286 1685 1357 careret,
1734 1284 1961 1341 mature
2007 1287 2336 1343 correctum
2382 1287 2475 1343 est
2518 1283 2646 1359 qui·

313 1366 560 1425 busdam
611 1366 914 1425 codicibus
959 1367 1437 1426 adsentientibus
1483 1369 1544 1426 in
1590 1360 1999 1444 δηθύνοντος,
2045 1369 2205 1443 quod
2250 1368 2395 1442 quin
2443 1386 2647 1427 verum

310 1452 419 1527 sit,
480 1450 740 1509 dubitari
799 1470 939 1510 sane
996 1469 1117 1509 non
1162 1454 1391 1527 potest,
1452 1452 1551 1531 sed
1601 1452 1926 1512 admissum
1970 1453 2259 1530 asyndeto
2305 1452 2500 1521 locum
2549 1451 2652 1510 dat

314 1554 560 1610 prorsus
604 1536 991 1595 intolerabili.
1068 1536 1280 1612 Itaque
1325 1537 1685 1597 recentiores
1732 1557 1933 1597 omnes
1978 1556 2010 1596 e
2055 1538 2184 1597 sola
2228 1538 2566 1597 coniectura
2608 1531 2652 1612 ἢ

313 1614 370 1676 δ’
421 1616 525 1678 ἔτι
569 1617 947 1696 δηθύνοντος
988 1621 1356 1697 scripserunt
1386 1622 1738 1698 obtegentes
1769 1640 1890 1681 non
1923 1627 2196 1683 sanantes
2229 1622 2496 1683 vulneris
2525 1622 2649 1680 hia-

315 1708 465 1767 tum.
527 1705 766 1764 Etenim
813 1705 908 1764 hic
951 1706 1239 1781 quosdam
1282 1726 1489 1766 versus
1534 1707 1906 1767 intercidisse
1950 1710 2013 1766 et
2043 1707 2236 1767 Herus
2272 1725 2488 1767 nomen
2519 1726 2650 1765 nar·

313 1790 567 1850 rationis
620 1790 693 1848 ad
751 1792 942 1865 ipsam
998 1792 1355 1850 revertentis
1410 1792 1585 1851 initio
1629 1792 1924 1851 omissum
1983 1794 2045 1851 et
2096 1792 2275 1852 nimis
2330 1792 2651 1866 abruptum

307 1875 458 1933 illud
507 1875 889 1950 participium
934 1867 1310 1950 δηθύνοντος
1356 1878 1564 1936 docere
1608 1881 1865 1952 poterat.
1929 1878 2083 1948 Quid
2132 1897 2272 1938 vero
2317 1870 2424 1935 P‘?
2483 1876 2543 1935 Is
2589 1877 2650 1934 in

311 1960 416 2019 fol.
445 1962 522 2019 87
533 1956 559 1995 ¹³
603 1960 723 2019 imo
769 1962 829 2019 et
872 1960 973 2019 fol.
1002 1962 1112 2020 88²
1157 1980 1387 2021 summo
1432 1962 1537 2021 hos
1585 1961 1833 2036 praebet
1877 1981 2017 2021 sane
2062 1966 2205 2022 nota
2250 1963 2368 2020 iam
2416 1962 2650 2020 ratione

311 2044 619 2104 mutilatos
662 2064 869 2104 versus
915 2046 1355 2105 accuratissime
1399 2047 1494 2105 hic
1539 2046 1896 2122 descriptos.

617 2162 877 2224 νείκεσσί
915 2157 977 2222 δ’
1024 2156 1409 2265 ἆγριόθυμον
1452 2160 1864 2241 ἐπεσβολίησιν
1906 2153 2018 2240 ἆήτ

613 2239 732 2324 ἤδη
775 2244 889 2327 γὰρ
934 2244 1254 2325 φθιμένοιο
1296 2268 1407 2324 μορ
1450 2252 1674 2309 θεσπισ
1715 2245 2036 2324 λεᾶνδρου

617 2328 789 2392 εἰσέτι
834 2330 1199 2410 δηθμέοντος
1244 2330 1715 2429 ἔπαγρύπνοισιν
1756 2327 2027 2403 ὀπωπαῖς

617 2415 821 2477 ἵστατο
864 2418 1236 2495 κυμαίνουσα
1280 2410 1775 2477 πολυκλαυστοισι
1819 2416 2147 2496 μερίμναις.

313 2537 534 2598 Versus
578 2557 615 2597 a
645 2538 883 2598 Musaeo
928 2539 1060 2613 ipso
1104 2538 1400 2614 profectos
1439 2538 1843 2614 facillimeque
1874 2538 2273 2598 emendandos
2307 2557 2415 2597 nee
2445 2539 2648 2596 tamen

311 2622 473 2698 ipsos
528 2626 714 2682 totam
772 2625 1045 2683 lacunam
1101 2624 1336 2699 explere
1392 2624 1497 2683 sed
1541 2624 1785 2682 maioris
1830 2623 2010 2682 etiam
2057 2624 2318 2682 iacturae
2364 2623 2648 2682 indicium
2692 2631 2697 2636 '

310 2707 614 2767 continere
658 2728 833 2768 nemo
878 2709 1206 2785 negaverit.
1296 2708 1471 2768 Patet
1516 2709 1752 2768 collatis
1798 2728 1855 2768 v.
1892 2709 2014 2766 256
2042 2728 2176 2784 sqq.
2228 2712 2367 2784 post
2411 2729 2468 2766 v.
2504 2709 2645 2779 329,

309 2811 425 2868 quo
472 2792 545 2850 de
590 2793 932 2853 Leandro
977 2795 1312 2853 intereunte
1357 2795 1622 2852 narratio
1666 2792 2148 2869 concludebatur,
2196 2794 2315 2854 iam
2345 2792 2421 2852 ad
2454 2793 2647 2851 Herus

309 2880 532 2938 sortem
576 2879 685 2937 hoc
728 2879 850 2938 fere
894 2878 1069 2937 modo
1115 2878 1420 2937 transiisse
1465 2881 1730 2954 poetam:

559 2984 738 3071 ‘Heca
785 2988 848 3054 δ’
896 2990 1293 3072 ἠλιβάτοιο
1337 2994 1774 3074 φαεσφόρος
1820 2987 2070 3068 ὑψόθι
2114 2994 2406 3099 πύργου

564 3075 950 3139 παντοθεν
992 3075 1487 3185 έγρομένῃσιν
1516 3075 1880 3140 ἐπέσκεπε
1925 3087 2167 3160 φᾶρος
2211 3076 2516 3151 ἀέλλαις

564 3160 922 3264 ἀγγελίην
965 3161 1270 3241 λύχνοιο
1312 3163 1548 3242 μάτην
1593 3163 2023 3224 σπεύδουσα
2068 3159 2520 3242 φυλάσσειν,

567 3247 812 3309 νείκεσε
856 3242 915 3308 δ’
962 3243 1336 3352 ἆγριόθυμον
1380 3246 1789 3332 ἕπεσβολίησιν
1831 3243 2071 3328 ἆήτην·

564 3332 683 3413 ἤδη
727 3331 838 3414 γὰρ
880 3330 1203 3410 φθιμένοιο
1245 3334 1469 3436 μόρον
1494 3313 1802 3395 θέσπισσε
1850 3329 2170 3409 Λεάνδρου

568 3415 743 3479 εἰσέτι
789 3416 1238 3496 δηθύνοντος’
1287 3416 1383 3479 ἐπ’
1430 3411 1799 3523 αγρύπνοισι
1842 3412 1909 3478 δ’
1955 3413 2227 3491 ὀπωπαῑς

565 3503 769 3564 ἵστατο
812 3503 1185 3580 κυμαίνουσα
1230 3499 1696 3565 πολυκλαυτοισι
1736 3502 2067 3584 μερίμναις.

314 3642 448 3700 Hoc
499 3642 674 3700 modo
731 3645 1046 3719 postquam
1096 3641 1311 3701 codicis
1365 3643 1554 3701 nostri
1612 3660 1721 3717 ope
1778 3660 2050 3700 mancum
2094 3643 2286 3700 locum
2334 3641 2642 3716 suppleve-

315 3747 471 3801 ram,
519 3726 665 3785 duos
709 3727 846 3786 illos
891 3746 1095 3788 versus
1139 3728 1256 3784 iam
1302 3727 1439 3786 aliis
1485 3746 1555 3786 ex
1601 3725 1900 3785 codicibus
1945 3727 2209 3802 prolatos
2256 3727 2358 3783 sed
2401 3725 2478 3784 ab
2525 3725 2646 3783 edi-

315 3813 548 3871 toribus
592 3812 1019 3871 incredibiliter
1049 3812 1351 3888 neglectos
1379 3831 1508 3872 esse
1540 3811 1821 3888 cognovi3
1870 3830 1944 3870 en
1975 3809 2305 3870 Heinrichii
2338 3810 2412 3868 ad
2443 3830 2500 3870 v.
2525 3811 2647 3868 329

315 3897 794 3956 adnotationem.
842 3897 1057 3973 „Hunc
1099 3915 1253 3957 vers.
1301 3898 1364 3956 in
1410 3896 1599 3956 Codd.
1641 3895 1834 3955 Vatic.
1882 3899 1944 3955 et
1986 3894 2136 3955 Ven.
2183 3895 2488 3971 excipiunt
2532 3895 2648 3952 duo

314 3982 472 4041 hunc
516 3982 578 4040 in
622 3981 891 4041 modum·

629 4097 883 4159 Νείκεσε
926 4094 989 4157 δ’
1036 4090 1404 4179 ἆγριόθυμος
1451 4094 1865 4179 ἐπεσβολίῃσιν
1907 4089 2110 4174 αήτης.
2691 4100 2751 4148 18

604 4180 772 4261 ἼΙδη
815 4207 927 4264 γαρ
970 4180 1293 4262 φθιμένοιο
1334 4181 1521 4263 μόρον
1562 4180 1852 4243 θέσπισσε
1896 4177 2201 4260 λεᾶνδρου.

499 4319 571 4378 In
608 4339 761 4396 quos
788 4321 1156 4396 praeclaram
1178 4320 1396 4391 Heynii
1430 4320 1904 4380 observationem
1940 4318 2218 4378 adiciam:
2252 4317 2434 4376 Nullo
2473 4318 2650 4377 modo

322 4405 419 4462 hic
461 4423 668 4464 sensus
713 4424 840 4465 esse
882 4408 1084 4482 potest
1127 4425 1243 4466 vss,
1274 4406 1655 4480 insertorum,
1702 4405 1802 4480 qui
1847 4404 2090 4463 omnino
2137 4422 2256 4462 non
2286 4407 2426 4462 sunt
2454 4404 2648 4462 infice-

321 4491 503 4549 tiores
548 4490 757 4550 multis
802 4490 952 4550 aliie.
1012 4491 1235 4551 Locum
1282 4491 1503 4550 habent
1543 4494 1685 4567 post
1727 4510 1782 4553 v.
1810 4491 1932 4549 332
1979 4493 2040 4548 et
2083 4489 2271 4567 agunt
2314 4488 2386 4547 de
2417 4488 2647 4566 puella:
