3132 5129
1284 423 1361 434 -
1451 386 1747 449 253-

333 552 398 607 et
443 549 850 607 demonstrare
894 563 1160 605 conarer.
1254 544 1392 603 Feci
1436 562 1577 604 vero
1623 542 1685 602 id
1732 541 1835 617 ita,
1882 544 1952 601 ut
1996 544 2058 600 et
2094 541 2170 600 ab
2216 544 2377 601 omni
2421 544 2673 601 aliorum

337 638 446 693 aut
489 631 1032 709 impugnandorum
1076 633 1184 688 aut
1225 629 1679 688 refutandorum
1723 625 1926 686 labore
1970 627 2349 703 abstinerem,
2395 627 2555 704 quod
2597 627 2673 685 ab

334 719 512 777 huius
571 716 909 792 scriptionis
965 717 1183 775 natura
1235 713 1675 789 abhorruisset,
1732 718 1795 771 et
1846 732 2038 771 meam
2082 712 2271 788 ipsius
2316 713 2675 772 sententiam

334 822 518 879 quam
567 801 914 861 brevissime
955 818 1350 876 proponerem
1394 798 2016 875 argumentationibus
2060 801 2122 855 et
2164 798 2375 857 alienis
2416 797 2677 857 auctori-

335 888 562 947 tatibus
616 888 742 946 sere
802 886 1066 959 omissis,
1122 903 1198 942 ne
1255 885 1443 944 libelli
1487 883 1635 943 fines
1677 883 1856 942 nimis
1900 881 2233 959 egrederer.
2323 883 2491 953 Quod
2538 882 2677 942 scri·

336 973 518 1032 bendi
549 990 759 1049 genus,
804 971 918 1029 nisi
951 970 1188 1047 egregie
1218 967 1412 1044 fallor,
1445 988 1587 1028 sane
1616 987 1795 1043 quam
1825 968 2080 1026 maxime
2109 968 2200 1026 his
2230 967 2679 1043 quaestionibus

335 1058 642 1131 convenit,
702 1076 852 1131 quae
907 1055 1173 1115 omnium
1227 1054 1471 1114 minime
1527 1054 1807 1113 verbosas
1863 1053 2297 1112 controversias
2352 1053 2679 1129 longasque

337 1142 826 1227 ratiocinationes
871 1140 1208 1200 desiderare
1249 1140 1549 1215 videntur,
1595 1138 1878 1215 quoniam
1923 1138 2019 1196 hic
2061 1138 2437 1212 potissimum

785 1269 1069 1345 ἁπλοῦς
1111 1266 1144 1333 ὁ
1191 1277 1438 1351 μῦθος
1483 1274 1608 1351 τῆς
1652 1267 2020 1351 ἀληθείας
2066 1268 2205 1348 ἔφυ

337 1398 414 1457 iis
459 1401 648 1473 certe,
705 1397 810 1471 qui
863 1415 1070 1471 sapere
1126 1398 1189 1455 et
1241 1396 1502 1454 audeant
1557 1396 1621 1453 et
1676 1394 1913 1453 valeant
1966 1412 2075 1453 nec
2119 1393 2232 1469 ipsi
2278 1393 2388 1451 soli
2436 1394 2550 1453 sibi
2594 1394 2678 1454 vi—

339 1484 624 1557 deantur,
681 1500 911 1541 errores
967 1499 1136 1555 vere,
1193 1500 1230 1539 a
1287 1480 1500 1555 quibus
1559 1479 1703 1539 satis
1758 1497 1966 1538 cavere
2021 1497 2095 1538 ne
2153 1478 2399 1538 summis
2442 1479 2678 1554 quidem

343 1567 566 1627 criticis
595 1585 939 1627 concessum
981 1569 1255 1641 est,=quo
1299 1565 1631 1639 simplicius
1674 1563 2062 1640 proferuntur
2105 1562 2265 1621 omni
2310 1564 2681 1638 probationis

337 1652 590 1729 ambage
633 1654 941 1728 tamquam
985 1653 1335 1727 tegumento
1379 1651 1641 1725 remoto,
1688 1668 1757 1708 eo
1801 1649 2035 1707 facilius
2080 1649 2560 1725 commodiusque
2603 1649 2680 1707 ab

340 1737 616 1797 omnibus
658 1739 1087 1813 agnoscuntur.

509 1822 636 1880 Iam
678 1825 747 1881 ut
790 1822 866 1880 ad
909 1822 1118 1898 ipsam,
1164 1839 1343 1896 quam
1388 1820 1562 1879 nobis
1590 1819 2029 1895 proposuimuS,
2076 1819 2485 1894 quaestionem
2516 1837 2671 1879 acce·

339 1908 578 1979 damus,
634 1907 1216 1981 antiquissimae
1261 1905 1518 1982 primum
1564 1906 1816 1980 partes
1861 1905 2255 1965 enucleandae
2300 1908 2469 1980 sunt,
2528 1923 2680 1981 quae

343 1993 530 2053 totius
589 1990 748 2066 quod
805 2010 964 2050 nunc
1015 1991 1305 2049 habemus
1350 1990 1615 2065 corporis
1662 1990 1833 2065 quasi
1890 1989 2082 2065 prima
2124 1989 2419 2049 elementa
2461 1990 2680 2049 habere

339 2078 638 2137 videntur.
722 2076 821 2135 Ad
874 2095 973 2135 eas
1031 2075 1420 2135 secernendae
1474 2076 1674 2149 ipsum
1720 2074 2205 2150 'theogoniae
2264 2093 2483 2133 nomen
2526 2075 2677 2133 anti-

341 2163 544 2237 quitus
599 2161 727 2220 sine
781 2161 908 2219 ulla
957 2162 1246 2221 varietate
1289 2160 1583 2221 traditum
1626 2159 1951 2233 plurimum
1996 2158 2169 2234 facit,
2223 2162 2316 2218 cui
2376 2178 2511 2219 cum
2556 2180 2680 2236 ge-

341 2247 642 2305 nuinum
687 2245 868 2304 etiam
909 2245 1374 2321 prooemium
1419 2244 1777 2319 consentiat,
1835 2243 1907 2303 de
1951 2262 2153 2303 earum
2198 2245 2459 2315 partium
2504 2264 2681 2321 argu-

343 2334 540 2390 mento
598 2333 659 2390 et
712 2330 913 2390 indole
970 2330 1034 2389 in
1091 2331 1434 2389 universum
1481 2348 1602 2388 non
1649 2330 1905 2388 multum
1950 2328 2211 2388 dubitari
2254 2332 2472 2405 potest.
2562 2328 2679 2388 Sed

342 2416 498 2491 quod
556 2415 738 2474 fuerit
795 2415 1124 2492 genuinum
1191 2415 1590 2490 prooemium,
1655 2416 1794 2473 ante
1858 2413 2059 2472 omnia
2126 2413 2676 2487 demonstrandum,

344 2499 621 2577 quoniam
664 2519 789 2559 non
831 2520 1048 2576 purum
1090 2500 1241 2558 illud
1285 2498 1388 2559 sed
1420 2502 1591 2559 vasta
1622 2498 1993 2558 diversorum
2022 2499 2352 2557 carminum
2381 2498 2681 2577 farragine

347 2587 628 2645 obrutum
669 2586 748 2644 ad
791 2605 900 2645 nos
943 2586 1234 2660 pervenit.
2496 2623 2503 2631 -

513 2670 823 2730 Contineri
879 2673 1037 2729 enim
1092 2669 1304 2746 primis
1360 2670 1480 2729 illis
1525 2667 1685 2728 CXV
1740 2668 2059 2728 hodiernae
2116 2668 2497 2745 Theogoniae
2552 2687 2679 2728 ver-

349 2756 513 2816 sibus
568 2755 736 2816 varia
787 2757 1086 2815 variorum
1141 2759 1457 2831 poetarum
1501 2753 1743 2813 exordia
1788 2757 1849 2813 et
1893 2753 2226 2831 fragmenta
2268 2754 2479 2830 pingui
2525 2772 2681 2813 com-

345 2840 626 2916 positoris
683 2840 935 2900 artificio
990 2841 1247 2900 conflata
1302 2859 1490 2898 unum
1547 2841 1640 2898 est
1693 2839 2092 2898 recentiorum
2134 2839 2211 2898 ab
2257 2839 2495 2916 Heynio
2540 2839 2679 2898 inde

344 2926 683 2984 criticorum
743 2926 1028 2985 iudicium
1084 2925 1381 2998 omnium,
1440 2923 1534 2983 cui
1589 2925 1737 2982 adeo
1783 2943 1955 2983 caeca
1996 2924 2287 2999 Lennepii
2332 2925 2682 3000 superstitio

343 3013 632 3086 quantum
689 3009 931 3085 quidem
987 3012 1191 3086 potuit
1245 3008 1613 3084 subscripsit.
1702 3008 1820 3068 Sed
1876 3009 1939 3066 in
1994 3009 2339 3084 separandis
2383 3009 2506 3068 illis
2549 3028 2681 3084 par-

345 3095 504 3155 tibus
547 3114 765 3170 magna
808 3113 950 3154 sane
1003 3095 1198 3170 primo
1241 3094 1530 3169 adspectu
1576 3093 1917 3152 criticorum
1961 3112 2212 3170 regnare
2256 3093 2497 3153 videtur
2541 3111 2678 3152 con-

349 3181 664 3241 troversia.
750 3179 905 3238 Nam
950 3199 1084 3239 cum
1130 3180 1356 3255 primus
1402 3177 1872 3238 Hermannus
1915 3179 1980 3237 in
2022 3178 2390 3254 praefatione
2436 3178 2681 3253 hymno-

347 3283 475 3322 rum
532 3263 985 3324 Homericorum
1038 3283 1101 3339 p.
1148 3263 1520 3322 XIII—XIX
1578 3267 1866 3338 septem
1924 3262 2161 3322 diversa
2218 3262 2456 3321 exordia
2509 3266 2683 3322 acute

346 3350 731 3424 restituisset,
786 3349 891 3425 qui
940 3368 1076 3408 eum
1132 3353 1494 3424 exceperunt
1547 3350 1797 3423 maiore,
1857 3347 2095 3423 opinor,
2153 3347 2361 3406 harum
2420 3347 2682 3422 partium

347 3453 588 3494 numero
632 3435 938 3509 perterriti
983 3452 1225 3509 operam
1270 3433 1596 3506 dederunt,
1658 3436 1726 3491 ut
1768 3451 1904 3491 eum
1947 3435 2239 3508 quantum
2283 3435 2532 3508 possent
2576 3433 2681 3490 mi-

346 3521 612 3592 nuerent,
659 3519 847 3578 donec
889 3519 1226 3594 nuperrime
1257 3516 1710 3592 Gerhardus,
1759 3518 1861 3593 qui
1907 3522 1969 3576 et
2009 3518 2136 3594 ipse
2181 3519 2322 3576 olim
2356 3517 2680 3575 Hermanni

349 3603 602 3680 vestigia
653 3603 927 3679 legisset,
984 3603 1061 3662 ad
1117 3604 1258 3662 duo
1315 3603 1645 3661 carmina
1695 3602 2098 3661 amoebaea
2152 3603 2361 3661 eiectis
2412 3601 2683 3662 versibus

349 3689 449 3746 25.
493 3689 594 3747 46.
641 3689 744 3746 52.
793 3691 1062 3748 65—67.
1113 3689 1448 3748 108-110
1491 3689 1689 3745 totum
1734 3687 2102 3762 prooemium
2146 3688 2483 3758 revocavit,
2539 3705 2679 3762 quo·

347 3791 476 3832 rum
539 3774 710 3847 prius
775 3776 1054 3858 constans
1112 3772 1265 3831 illud
1330 3791 1403 3830 ex
1471 3772 1675 3830 1-4,
1738 3773 2025 3830 22—35.
2085 3773 2355 3830 36—51.
2414 3771 2681 3830 68-74,

349 3858 620 3916 81—-93,
671 3858 793 3916 104
843 3859 1030 3934 ipsius
1075 3857 1323 3916 Hesiodi
1379 3857 1667 3932 hymnum
1722 3856 1786 3914 in
1828 3856 2029 3915 Musas
2084 3855 2475 3930 continuerit,
2534 3856 2684 3914 alte-

347 3959 478 4000 rum
522 3941 746 4002 habens
777 3962 831 4002 v.
867 3946 896 4001 1
925 3963 1013 4018 sq.
1061 3943 1289 3999 5—21.
1334 3942 1605 4000 53—64.
1655 3942 1925 4000 75—80.
1972 3941 2263 4000 94--103
2309 3940 2418 3999 sub
2465 3940 2682 3998 aemuli

349 4045 602 4100 persona
643 4024 924 4086 Chalcide
981 4028 1056 4086 ab
1101 4026 1366 4086 Hesiodo
1422 4025 1723 4102 quondam
1767 4026 1912 4085 victi
1956 4025 2231 4084 additum
2276 4025 2358 4084 sit
2403 4045 2439 4082 a
2481 4025 2677 4099 primo

348 4110 722 4189 Theogoniae
765 4112 1177 4188 compositore,
1225 4112 1327 4186 qui
1371 4115 1432 4170 et
1473 4111 1891 4170 transitionem
1935 4111 2013 4169 ad
2056 4110 2243 4187 ipsam
2276 4108 2681 4186 Theogoniam

350 4213 404 4254 v.
439 4197 772 4256 105-115
815 4197 1276 4257 concinnaverit.

515 4280 676 4351 Quae
709 4282 963 4357 suspicio
994 4283 1142 4359 quot
1168 4284 1536 4357 quantasque
1564 4280 1785 4340 habeat
1815 4279 2220 4355 difficultates,
2268 4279 2674 4340 demonstrare
2724 4297 2781 4343 11

349 4383 455 4424 nec
499 4369 591 4426 est
629 4365 806 4426 huius
849 4367 966 4426 loci
1006 4386 1117 4426 nec
1161 4366 1402 4425 omnino
1447 4384 1599 4441 opus
1642 4365 1900 4440 videtur,
1947 4383 2080 4423 cum
2125 4365 2321 4440 ipsum
2367 4366 2676 4442 sagacissi-

353 4469 510 4510 mum
568 4455 901 4525 auctorem,
980 4452 1086 4512 ubi
1148 4451 1330 4510 semel
1399 4451 1562 4509 illam
1644 4450 1921 4524 carminis
1978 4449 2276 4509 amoebaei
2344 4449 2681 4526 opinionem
