3132 5129
1280 424 1383 470 ·-
1470 424 1720 487 65-

296 634 297 637 ,
344 582 639 674 gloriatus
670 583 781 640 est.
857 580 1043 638 Porro
1075 579 1209 639 vide
1241 582 1361 638 357
1408 571 1498 649 ὡς
1544 576 1734 656 φάτο
1780 575 2140 657 δακρυχέων,
2186 589 2315 640 τοῦ
2363 577 2417 637 δ’
2464 580 2678 641 ἔκλυε

342 662 556 723 πότνια
612 686 916 741 μητηρπ
948 666 1029 721 43
1074 654 1167 734 ὡς
1223 660 1425 737 ἔφατ’
1474 661 1822 743 εὐχόμενος,
1877 672 2007 723 τοῦ
2066 658 2129 722 δ’
2186 662 2398 725 ἔκλυε
2453 667 2675 745 Φοῖβος

340 743 656 809 Ἀπόλλων.
746 749 977 808 Deinde
1033 752 1101 806 ut
1156 749 1377 824 Apollo
1425 749 1690 854 Olympo
1740 750 2045 810 descendit
2099 747 2270 808 νυκτὶ
2329 747 2530 820 έοικως
2575 755 2674 821 47,

344 836 431 893 ita
486 835 696 894 Thetis
751 854 822 893 ex
879 834 1027 891 mari
1085 835 1339 910 emergit
1384 836 1505 893 359
1550 828 1690 911 ἠύτ’
1736 828 1978 911 ὀμίχλη,
2026 855 2207 910 quae,
2254 838 2323 895 ut
2364 831 2680 913 πάροιθ’

342 912 546 979 αὐτοῖο
578 915 951 990 καθέζετο
995 915 1445 995 δακρυχέοντος,
1486 915 1496 1000 Ι
1534 920 1685 998 χειρί
1724 917 1784 978 τέ
1825 941 1930 997 μιν
1973 917 2368 998 κατέρεξεν
2414 924 2539 981 360
2569 942 2677 997 sq„

344 1007 611 1082 apprime
680 1005 954 1080 opposita
1020 1006 1114 1063 est
1178 1004 1508 1075 Minervae,
1581 1007 1653 1064 de
1719 1025 1836 1081 qua
1895 1007 2014 1063 197
2072 1006 2358 1082 legimus:
2434 1012 2566 1081 στῆ
2616 1002 2673 1062 δ’

342 1087 645 1163 ὄπιθεν,
710 1092 943 1165 ξανθῆς
1008 1083 1073 1145 δὲ
1140 1085 1330 1164 κόμης
1398 1085 1511 1147 ἕλε
1580 1089 1917 1166 Πηλείωνα.
2019 1089 2217 1149 Etiam
2285 1092 2538 1150 Achillis
2604 1092 2677 1150 ad

342 1179 591 1235 matrem
634 1194 837 1250 preces
882 1173 1107 1233 similes
1138 1177 1280 1232 sunt
1311 1173 1574 1277 Chrysae
1601 1176 1674 1233 ad
1705 1176 2046 1251 Apollinem
2091 1176 2393 1250 precibus:
2443 1176 2519 1235 cf.
2556 1179 2677 1235 394

343 1258 406 1319 εἴ
439 1280 581 1318 ποτε
629 1257 705 1335 δή
749 1281 804 1317 τι
848 1277 981 1318 cum
1029 1259 1108 1316 39
1139 1277 1232 1333 sq.
1279 1255 1343 1315 εἴ
1378 1254 1517 1316 ποτέ
1561 1278 1648 1317 τοι
1693 1265 1828 1333 etc„
1878 1263 1939 1319 et
1966 1258 2235 1335 Iuppiter
2276 1257 2418 1361 ατερ
2461 1256 2678 1336 ἥμενος

340 1338 538 1403 ἄλλων
582 1347 706 1405 498
751 1342 1054 1419 Apollinis
1110 1345 1454 1402 memoriam
1510 1349 1750 1404 revocat
1791 1346 1892 1421 qui
1940 1336 2082 1412 ἕζετ’
2131 1337 2314 1403 ἔπειτ’
2360 1339 2675 1404 ἀπάνευθε

346 1438 501 1489 νεῶν
544 1431 648 1489 48.
740 1430 896 1487 Tum
951 1427 1111 1502 quod
1168 1427 1374 1487 Thetis
1431 1429 1636 1489 Iovem
1694 1434 1900 1506 rogat,
1965 1431 2031 1484 ut
2085 1428 2207 1489 filio
2263 1431 2549 1489 honorem
2605 1433 2679 1489 ab

340 1518 792 1593 Agamemnone
821 1513 1150 1591 negatum
1135 1532 1259 1587 ipse
1289 1514 1576 1587 praebeat
1606 1516 1958 1586 505—508,
2007 1532 2127 1573 non
2173 1515 2364 1573 solum
2410 1521 2678 1575 accurate

339 1602 518 1676 primi
566 1601 851 1659 carminis
883 1598 1320 1673 Agamemnoni
1352 1597 1511 1658 Iovis
1555 1598 1884 1658 honorifico
1916 1601 2119 1659 favore
2150 1596 2331 1678 (175)
2365 1600 2676 1659 ferocienti

341 1687 642 1762 congruit,
695 1685 798 1745 sed
843 1686 1025 1743 etiam
1072 1682 1317 1740 eandem
1364 1683 1544 1741 habet
1573 1685 1706 1743 Dei
1753 1688 1930 1760 atque
1976 1682 2124 1742 viri
2170 1686 2678 1759 compositionem,

339 1790 519 1846 quam
567 1773 980 1847 Agamemnon
1028 1767 1149 1825 182
1181 1786 1311 1842 sqq.
1371 1787 1498 1827 sese
1553 1769 1713 1827 iuter
1769 1773 1949 1844 atque
1993 1768 2333 1845 Apollinem
2392 1771 2675 1834 instituit.

341 1856 657 1915 Postremo
700 1856 828 1913 rixa
870 1854 990 1925 illa,
1040 1870 1157 1926 qua
1184 1851 1455 1926 Iuppiter
1494 1873 1529 1910 a
1560 1853 1784 1913 Iunone
1830 1856 2140 1914 lacessitus
2185 1855 2246 1912 in
2292 1856 2679 1914 vehementis—

341 1942 521 2000 simas
567 1941 760 1998 minas
790 1940 1064 2014 erumpit,
1111 1936 1498 1996 festivissima
1527 1942 1620 1997 est
1649 1940 2073 2012 altercationis,
2119 1958 2237 2014 qua
2269 1941 2678 2015 Agamemnon

341 2030 525 2101 atque
588 2024 850 2083 Achilles
916 2021 1235 2093 dissident,
1305 2023 1576 2096 pai-odia:
1647 2023 1749 2082 sed
1814 2045 1965 2099 quae
2038 2043 2132 2083 res
2195 2044 2552 2099 quamquam
2619 2031 2681 2083 et

341 2111 786 2186 sapientissima
813 2110 943 2168 Dea
983 2113 1047 2167 et
1091 2106 1449 2182 gravissimo
1495 2128 1635 2167 sene
1681 2109 2187 2168 intercedentibus
2232 2110 2679 2168 innumerorum

342 2196 636 2254 malorum
682 2196 852 2271 origo
899 2197 992 2253 est
1036 2191 1279 2250 δειλοῖσι
1323 2191 1647 2269 βροτοῖσιν,
1695 2194 1901 2252 eadem
1944 2191 2268 2270 μακάρεσσι
2315 2197 2508 2251 θεοῖσι
2540 2194 2677 2254 Vol-

343 2281 475 2339 cani
520 2279 907 2339 claudicantis
952 2278 1109 2337 facili
1157 2275 1573 2338 adhortatione
1616 2280 1929 2353 iocosoque
1970 2272 2315 2337 ministerio
2333 2298 2439 2337 sua
2468 2284 2682 2354 sponte
2716 2289 2779 2334 21

344 2365 472 2424 abit
515 2365 580 2423 in
624 2360 918 2441 ἄσβεστον
959 2359 1210 2441 γέλωταῑ
1301 2361 1661 2423 Brevissime
1706 2364 1984 2436 indicavi,
2033 2382 2212 2439 quam
2254 2364 2587 2423 accuratius
2620 2366 2681 2422 in

341 2450 595 2510 historia
638 2450 934 2508 litteraria
976 2447 1257 2524 explicui,
1303 2450 1664 2521 peculiarem
1708 2448 1883 2507 huius
1928 2449 2204 2507 carminis
2235 2449 2678 2523 praestantiam,

344 2554 495 2612 quae
540 2535 807 2594 locorum
852 2554 921 2594 ex
966 2535 1157 2610 primo
1188 2532 1449 2591 carmine
1480 2541 1585 2593 aut
1628 2534 2120 2610 depromptorum
2164 2539 2268 2592 aut
2310 2533 2678 2594 imitatorum

343 2620 734 2679 multitudine
790 2623 1024 2679 tantum
1085 2618 1255 2677 abest
1314 2621 1380 2675 ut
1437 2619 1789 2678 obscuretur
1845 2623 1914 2677 ut
1958 2639 2129 2678 suum
2183 2619 2321 2676 inde
2366 2621 2679 2695 proprium

343 2706 603 2765 colorem
662 2705 1157 2781 splendoremque
1215 2701 1428 2759 tiahat.
1518 2704 1759 2762 Etenim
1817 2704 1957 2763 dum
2019 2706 2197 2780 poeta
2242 2706 2516 2764 consulto
2562 2707 2681 2766 sin-

345 2791 502 2867 gulis
548 2790 730 2848 etiam
777 2791 977 2849 verbis
1020 2786 1449 2865 phrasibusque
1494 2789 1572 2847 ad
1617 2793 2049 2848 antecessorem
2092 2789 2249 2847 haud
2294 2809 2427 2848 raro
2472 2811 2535 2851 se
2579 2792 2677 2849 ad-

345 2875 711 2946 commodat,
769 2877 838 2932 ut
894 2875 1152 2950 exempli
1208 2889 1385 2931 causa
1439 2874 1616 2931 etiam
1662 2873 1785 2933 398
1829 2864 2029 2931 ἀεικέα
2084 2861 2283 2951 λοιγον
2325 2866 2548 2949 ἆμῦναι
2604 2875 2678 2933 ad

347 2962 447 3021 67.
496 2962 596 3018 97.
644 2920 786 3033 341,
835 2961 979 3018 512.
1026 2960 1171 3018 565.
1217 2956 1340 3015 569
1386 2950 1580 3015 ακέων
1635 2962 1694 3018 et
1736 2945 1993 3016 ἆκέουσα
2037 2960 2109 3017 ad
2160 2961 2259 3033 34,
2324 2960 2445 3016 545
2492 2956 2679 3017 πάν-

348 3065 469 3114 τας
514 3076 601 3087 -
643 3039 910 3102 ἐπιέλπεο
950 3041 1191 3120 μύθους
1236 3037 1497 3115 εἰδήσειν
1525 3043 1600 3101 ad
1633 3044 1754 3102 288
1801 3039 2101 3102 πάντων
2127 3038 2238 3118 μὲν
2266 3038 2534 3117 κρατέειν
2564 3049 2676 3106 etc.

348 3134 409 3187 et
464 3131 588 3187 294
650 3128 799 3185 πᾶν
853 3125 1025 3206 ἔργον
1078 3121 1424 3201 ὑπείξομαι,
1478 3129 1599 3186 562
1656 3121 1775 3184 απὸ
1833 3132 2044 3203 θυμοῦ
2088 3159 2169 3170 -
2212 3122 2369 3184 ἔσεαι
2424 3129 2496 3187 ad
2563 3131 2679 3188 176

348 3211 621 3289 εχθιστος
666 3209 730 3269 δέ
773 3212 878 3289 μοι’
928 3209 1087 3289 ἐσσι,
1141 3214 1264 3272 563
1311 3206 1384 3267 τὸ
1432 3208 1499 3269 δέ
1544 3232 1659 3270 τοι
1703 3208 1829 3270 καὶ
1877 3211 2125 3291 ρίγιον
2169 3207 2373 3268 ἔσται
2417 3213 2490 3271 ad
2537 3214 2678 3286 325,

349 3301 470 3358 566
514 3292 597 3374 μή
646 3291 720 3355 νύ
765 3318 851 3355 τοι
895 3318 968 3357 ου
1012 3295 1378 3376 χραίσμωσιν
1422 3297 1497 3355 ad
1545 3300 1655 3372 28,
1715 3301 1783 3356 ut
1839 3299 1961 3358 588
1992 3318 2084 3398 sq.
2132 3293 2207 3354 οὕ
2251 3315 2302 3352 τι
2346 3291 2682 3374 δυνήσομαι

345 3375 675 3484 ἀχνύμενός
720 3401 830 3459 περ
868 3383 877 3459 Ι
916 3386 1224 3461 χραισμεῖν
1252 3382 1326 3440 ad
1356 3382 1497 3456 242,
1546 3384 1668 3440 568
1713 3373 1793 3452 ὡς
1840 3373 2008 3454 ἔφατ’
2060 3379 2322 3439 ἔδδεισεν
2352 3378 2417 3439 δὲ
2462 3384 2534 3442 ad
2581 3385 2679 3459 33,

351 3469 471 3526 573
526 3458 567 3543 ἦ
624 3463 697 3543 δὴ
754 3465 941 3545 λοίγια
997 3464 1135 3545 ἔργα
1188 3467 1260 3525 ad
1318 3467 1438 3525 254
1499 3488 1546 3524 ω
1603 3462 1789 3524 πόποι
1842 3457 1883 3543 ἦ
1935 3462 2084 3545 μέγα
2139 3461 2363 3537 πένθος
2425 3502 2497 3509 —-
2559 3473 2681 3526 tam

349 3553 533 3611 libere
580 3555 778 3611 tamen
823 3554 1179 3630 egregieque
1223 3571 1330 3611 suo
1379 3552 1618 3628 ingenio
1663 3559 2082 3629 argumentum
2128 3555 2187 3611 et
2229 3553 2593 3628 excogitavit
2623 3556 2684 3611 et

351 3639 693 3708 exornavit,
762 3641 832 3696 ut
883 3638 1016 3697 illas
1072 3636 1457 3713 repetitiones
1514 3640 1693 3712 atque
1749 3638 2115 3697 imitationes
2170 3636 2375 3696 divitis
2433 3641 2682 3696 naturae

353 3722 660 3797 felicisque
705 3723 850 3782 artis
894 3723 1090 3794 lusuS,
1135 3741 1284 3793 non,
1334 3724 1402 3779 ut
1445 3722 1505 3780 in
1549 3721 1670 3780 illis
1715 3723 2258 3782 consarcinatorum
2305 3722 2677 3794 centonibus,

352 3808 724 3882 paupertatis
747 3807 1092 3866 testimonia
1119 3826 1248 3866 esse
1277 3824 1600 3881 cognoscas
1631 3807 2062 3884 intellegesque
2092 3807 2187 3866 hic
2217 3824 2454 3882 quoque
2484 3807 2679 3866 valere

353 3891 535 3949 illud:
585 3891 724 3950 duo
770 3893 828 3950 si
875 3892 1168 3952 faciant
1211 3891 1445 3963 idem,
1490 3909 1632 3950 non
1678 3911 1835 3951 esse
1881 3892 2098 3951 idem!

519 3975 649 4034 Iam
716 3976 807 4035 his
884 3976 1097 4052 positis
1174 3975 1574 4035 fundamentis
1640 3977 1900 4035 iudicare
1966 3977 2107 4037 licet
2172 3978 2244 4036 de
2308 3976 2439 4046 illa,
2506 3995 2681 4052 quam

354 4061 740 4120 Aristarchus
770 4061 991 4135 reiecit,
1036 4055 1554 4136 ἆνακεφαλαιιόσει
1586 4062 1941 4135 366-392,
1973 4062 2138 4121 cuius
2170 4063 2324 4120 bona
2352 4080 2489 4136 pars
2521 4081 2679 4136 sane,

351 4166 457 4221 per
512 4166 577 4205 se
631 4147 680 4205 si
739 4149 1067 4222 spectetur,
1122 4149 1314 4222 primo
1369 4145 1660 4219 adspectu
1704 4165 1738 4203 a
1782 4146 2124 4204 centonario
2180 4166 2357 4222 opere
2414 4148 2681 4221 proxime

350 4231 558 4290 abesse
601 4231 903 4291 videatur:
953 4233 1288 4290 371—375
1320 4254 1402 4277 -·—-·
1437 4231 1704 4289 12-16,
1754 4231 2088 4289 376-379
2119 4257 2203 4280 ===
2235 4232 2512 4293 22-25.
2558 4233 2680 4291 383

351 4316 425 4374 cf.
472 4318 574 4375 53.
624 4317 747 4375 388
794 4313 1191 4394 τετελεσμένος
1237 4312 1363 4375 ἔστί
1385 4341 1468 4364 ==
1501 4315 1643 4373 212.
1701 4314 1927 4373 Verum
1973 4318 2168 4374 totum
2212 4317 2407 4375 locum
2452 4319 2500 4376 si
2548 4335 2682 4375 con·

352 4401 834 4475 sideraverimus,
880 4403 1061 4461 etiam
1107 4403 1169 4461 in
1213 4403 1305 4462 his
1350 4403 1589 4479 poetam
1635 4404 1905 4459 nostrum
1938 4419 2345 4477 agnoscemus,
2392 4402 2493 4476 qui
2538 4420 2682 4461 con-

353 4486 512 4545 sulto
556 4486 800 4562 quidem
842 4506 913 4546 ex
956 4487 1061 4546 illo
1106 4488 1387 4559 carmine,
1443 4486 1538 4544 cui
1594 4503 1765 4543 suum
1820 4485 2115 4560 adplicare
2158 4487 2423 4558 volebat,
2483 4506 2551 4544 ea
2595 4486 2680 4543 in-

453 4591 702 4641 Kochly,
733 4593 979 4633 Schriften.
1020 4594 1058 4634 1.
1375 4562 1387 4572 ⁶
1452 4647 1459 4656 ,
2249 4587 2282 4634 5
