3132 5129
1233 326 1789 412 g-119—

389 491 670 555 „mu-ssia,
701 504 869 544 menn
900 503 964 543 er
991 486 1457 560 demunqeachtet
1484 503 1560 543 zu
1591 486 1705 543 den
1719 491 1950 560 yo'ttern
1977 483 2111 542 bald
2132 487 2363 558 darauf
2380 487 2463 560 (v.
2489 489 2567 545 47
2576 491 2612 547 6
2639 485 2727 565 ff.)

391 617 429 638 „
439 572 652 644 yebeeet
696 572 850 629 hatte
867 616 881 636 ,
939 573 1022 629 sie
1065 572 1327 629 moclden
1376 572 1579 629 seinen
1596 593 1604 604 ·
1620 571 1767 629 solm
1808 589 1871 628 so
1914 572 2341 644 Jeervorraqemi
2390 578 2565 631 anter
2620 575 2732 631 den

393 701 430 724 ,‚
450 656 676 714 Troern
729 657 971 714 ιιιιιοΙιοη
1027 657 1131 714 wic
1159 663 1160 666 ’
1187 656 1290 713 ιἸιη
1342 656 1469 714 und
1525 657 1630 713 i-Izn
1682 657 1931 730 mc'iclztiq
1982 655 2287 714 herrschen
2342 657 2534 716 lassen
2587 660 2731 716 ‘uber

395 740 749 810 „dics-aben.
862 740 1000 799 Wer
1062 742 1294 799 solchen
1352 740 1804 815 einfc'illiyen
1876 741 2373 813 widcrspru-ch
2439 743 2731 815 allenfalls

393 870 430 893 ,.
453 827 594 884 noch
638 828 744 883 ‘mit
785 827 1115 899 sophimnen
1169 826 1496 884 bemc'i-nteln
1549 826 1688 884 oder
1728 825 2048 884 ver-mittem
2103 826 2251 894 will,
2308 827 2410 884 dor
2450 834 2610 901 τηῦρο
2653 846 2729 894 es,

391 910 682 979 „leciri-sn,
729 911 884 969 dem
938 911 1064 970 der
1108 910 1394 985 beyrisf
1439 902 1764 984 epischei·
1818 910 2275 982 einfachhcit
2327 913 2474 970 und
2529 913 2729 972 klar-

393 996 480 1062 „h
501 996 596 1053 eit
639 994 1160 1070 aufyeyanyen
1206 998 1327 1063 ist,
1385 996 1534 1053 wird
1578 1013 1640 1053 er
1683 996 1865 1054 durch
1918 995 2321 1070 iryendwelche
2357 997 2730 1070 yedrechselte

394 1124 432 1148 „
447 1083 926 1153 aryumemation
967 1099 1082 1138 von
1123 1082 1226 1140 der
1268 1081 1669 1139 authmticitc’t't
1696 1081 1922 1138 solchen
1951 1080 2331 1139 machwerkes
2373 1081 2731 1157 ilberzeuyen

395 1165 694 1232 „konnem
784 1165 912 1223 Der
962 1171 1186 1239 sptuerc
1247 1166 1463 1223 diomer-
1516 1165 1682 1232 aber,
1748 1167 1855 1223 wie
1904 1169 2132 1240 yesayt,
2199 1165 2475 1225 bemerkte
2533 1169 2731 1227 diesen

391 1250 919 1323 „anyeheuern
961 1251 1454 1324 widerspruch
1503 1268 1620 1323 yar
1662 1251 1815 1307 nicht
1861 1268 1963 1309 vor
2006 1249 2408 1325 befriediywny
2450 1253 2594 1310 iiber
2636 1254 2727 1311 die

391 1334 740 1409 „erfiillunq
781 1337 880 1393 des
920 1336 1198 1394 zunaclest
1242 1335 1536 1408 lieyenden
1563 1336 1827 1394 zweckae.
1900 1335 2083 1393 Denn
2136 1353 2267 1393 mm
2311 1354 2437 1393 war
2477 1337 2599 1394 ile-m
2636 1356 2727 1410 {Je-
2766 1345 2826 1390 12

390 1420 706 1493 ‚aege-›decit
729 1421 997 1494 yeycben,
1027 1421 1347 1478 miccinam
1382 1420 1794 1478 brillanten
1822 1420 2728 1493 antithesen-effectstitck

389 1505 535 1572 „die
575 1504 917 1578 yefi'ihlvolle
968 1510 1127 1564 sarto
1175 1505 1515 1580 yatbcnliebe
1556 1504 1830 1563 Hektor’s
1882 1506 1951 1562 in
2004 1505 2112 1562 das
2167 1505 2542 1578 ylc'inzendste
2595 1507 2727 1565 licht

387 1608 506 1656 „zu
547 1589 810 1647 stellcn.“
901 1588 1016 1647 Sed
1071 1589 1211 1648 nolo
1271 1589 1444 1663 plura
1488 1588 1848 1647 describere:
1908 1589 2025 1646 iam
2070 1589 2211 1648 haec
2254 1590 2411 1647 enirn
2457 1590 2726 1648 sufficere

385 1673 653 1731 arbitror
694 1673 767 1731 ad
812 1673 1010 1732 critici
1052 1675 1244 1733 nostri
1288 1672 1550 1732 indolem
1595 1673 1989 1732 iudicandam.
2063 1673 2188 1731 Nec
2233 1674 2547 1749 quicquam
2593 1694 2725 1750 pro·

387 1759 549 1816 fecto
595 1758 685 1816 his
733 1758 1150 1834 similibusque
1211 1757 1743 1818 declamationibus
1798 1759 1994 1833 aptius
2051 1762 2157 1815 aut
2213 1760 2432 1833 opponi
2487 1760 2727 1818 videtur

385 1845 495 1901 aut
538 1843 754 1917 apponi
800 1843 915 1901 nisi
962 1844 1249 1902 comicum
1296 1843 1446 1900 illud
1499 1836 1880 1917 ληκύθιον
1923 1835 2332 1900 ἀπώλεσεν.
2408 1842 2525 1902 Vix
2569 1845 2726 1902 enim

384 1928 699 1986 inventum
744 1927 819 1985 iri
864 1928 1124 1986 arbitror
1168 1931 1271 1985 aut
1327 1927 1784 2003 grammaticum
1827 1929 1892 1985 in
1939 1927 2365 2003 particularum
2429 1947 2537 1986 usu
2599 1948 2725 1987 ver-

386 2015 621 2085 satum,
669 2013 764 2070 cui
810 2012 882 2069 de
926 2009 1038 2090 γάρ
1082 2031 1327 2088 prorsus
1372 2011 1660 2086 absurde,
1709 2017 1813 2070 aut
1847 2013 2236 2071 aestheticum
2269 2013 2451 2071 animi
2482 2013 2723 2072 humani

387 2116 675 2172 gnarum,
723 2097 815 2154 eui
847 2097 920 2154 de
950 2097 1228 2169 Hectoris
1260 2096 1493 2156 insania
1522 2096 1877 2173 ingentique
1908 2097 2014 2156 illo
2046 2098 2319 2156 dissensu
2349 2099 2724 2171 persuadeat.

559 2180 643 2239 Ut
688 2181 812 2256 hic,
867 2182 953 2239 ita
996 2183 1173 2240 etiam
1219 2182 1363 2240 alibi
1407 2182 1495 2239 La
1515 2181 1748 2240 Roehio
1794 2181 2036 2257 accidit,
2084 2184 2176 2254 ut,
2226 2181 2723 2256 quemadmodum

385 2267 447 2323 in
492 2265 908 2325 dissertatione
953 2268 1255 2342 superiore
1301 2286 1360 2341 p.
1407 2267 1445 2324 8
1495 2262 1705 2343 [supra
1747 2286 1806 2341 p.
1857 2263 1965 2344 94]
2012 2266 2242 2340 monui,
2291 2272 2567 2339 „poetam
2615 2286 2723 2342 pro

381 2351 678 2425 plagiario
723 2351 1080 2426 plagiarium
1109 2370 1217 2426 pro
1248 2354 1423 2426 poeta
1452 2350 1757 2409 haberet“.
1837 2351 1972 2410 Uno
2007 2351 2305 2426 defungor
2335 2351 2440 2409 sed
2471 2353 2719 2426 apertis-

381 2436 532 2494 simo
560 2436 847 2510 exemplo.
912 2436 1216 2495 Habemus
1259 2440 1466 2495 nostro
1512 2436 1642 2494 loco
1687 2436 2022 2495 490—493
2068 2435 2412 2494 notissimos
2442 2455 2677 2495 versus:

642 2526 773 2594 ἀλλ’
822 2534 905 2607 εἷς
950 2526 1114 2595 οἶκον
1157 2536 1327 2596 ἰοῦσα
1373 2533 1443 2596 τὰ
1489 2531 1547 2594 σ’
1596 2530 1782 2612 αὐτῆς
1827 2533 1964 2615 ἔργα
2008 2532 2238 2611 κόμιζε,

644 2618 810 2680 ἱστόν
853 2615 903 2678 τ’
951 2614 1256 2698 ἠλακάτην
1300 2644 1390 2697 τε,
1435 2619 1535 2680 καὶ
1578 2611 1959 2698 ἀμφιπόλοισι
2002 2618 2202 2680 κέλευε

642 2702 813 2783 ἔργον
858 2703 1225 2782 ἐποίχεσθαι.
1314 2704 1631 2784 πόλεμος
1678 2699 1735 2763 δ’
1781 2703 2068 2784 ἄνδρεσσι
2110 2701 2345 2783 μελήσει

639 2790 815 2868 πᾶσι,
857 2788 1110 2868 μάλιστα
1154 2786 1211 2849 δ’
1261 2787 1418 2867 ε’μοί,
1465 2788 1574 2851 τοὶ
1614 2786 1801 2870 Ἰλίῳ
1845 2788 2313 2870 ἐγγεγάασιν.

383 2891 494 2961 Qui
542 2893 722 2950 iidem
767 2913 816 2966 φ
846 2894 1184 2953 350—353
1228 2894 1510 2970 leguntur
1553 2894 1718 2950 exitu
1758 2894 2065 2968 paululum
2113 2894 2430 2951 immutato
2474 2913 2509 2950 a
2551 2894 2713 2952 Tele·

386 2977 595 3036 macho
643 2979 1014 3052 pronuntiati
1060 2982 1311 3037 matrem
1358 2979 1431 3036 ab
1478 2996 1648 3037 arcus
1694 2979 2013 3037 certamine
2058 2978 2221 3037 abire
2266 2977 2534 3036 iubente:

643 3112 722 3120 —
851 3111 927 3120 —
1068 3112 1140 3121 -
1279 3074 1487 3150 τόξον
1529 3072 1586 3135 δ’
1634 3074 1920 3156 ἄνδρεσσι
1961 3075 2202 3154 μελήσει

637 3162 813 3239 πᾶσι,
855 3157 1104 3239 μάλιστα
1149 3158 1207 3220 δ’
1258 3160 1410 3239 ε’μοί·
1458 3162 1583 3222 τοῦ
1627 3161 1762 3242 γὰρ
1805 3160 2069 3241 κράτος
2115 3158 2254 3219 ἔστ’
2303 3159 2414 3221 ἐνὶ
2457 3161 2658 3244 οἴκῳ.

383 3266 501 3325 Eos
546 3284 670 3324 non
713 3267 891 3325 nimis
947 3270 1085 3341 apte
1140 3286 1210 3325 ex
1253 3266 1439 3325 Iliade
1493 3266 1739 3325 haustos
1784 3284 1913 3325 esse
1970 3266 2064 3324 vel
2122 3266 2315 3324 solum
2373 3266 2522 3324 illud
2578 3259 2707 3324 ἀλλ’

383 3349 488 3419 εἰς
532 3341 746 3408 οἶκον
789 3347 962 3409 ἰοῦσα
1008 3352 1271 3410 ostendit
1312 3357 1471 3410 recte
1516 3350 1590 3408 de
1636 3350 2079 3424 Andromache,
2125 3369 2247 3409 non
2290 3355 2447 3410 recte
2493 3352 2566 3409 de
2610 3352 2715 3409 Pe-

382 3435 595 3511 nelope
641 3436 895 3506 dictum,
965 3435 1120 3494 unde
1181 3437 1502 3495 nonnullos
1556 3440 1621 3494 et
1676 3454 1782 3511 pro
1843 3436 1963 3493 illis
2019 3428 2165 3493 ἀλλὰ
2219 3430 2303 3492 σύ
2358 3428 2416 3511 γ’
2480 3434 2712 3493 εἰσελ-

383 3518 626 3577 θοῦσα
692 3525 751 3579 et
820 3521 975 3578 infra
1034 3516 1216 3578 πάλιν
1293 3516 1729 3595 θάλαμόνδε
1793 3514 2037 3597 βεβήκει
2096 3521 2403 3595 scripsisse
2462 3523 2720 3578 testatur

389 3603 584 3665 Schol.
644 3605 718 3662 ad
771 3626 810 3661 α
856 3606 1001 3664 356.
1077 3604 1194 3664 Sed
1259 3607 1519 3681 ineptius
1577 3605 1752 3663 etiam
1812 3624 1882 3663 ex
1937 3605 2041 3663 illo
2104 3605 2401 3681 Odysseae
2459 3604 2718 3662 carmine

383 3708 514 3747 cum
562 3690 772 3748 vicinis
828 3685 904 3768 (φ
949 3691 1283 3749 350—358
1330 3718 1410 3738 =
1455 3710 1493 3745 α
1540 3685 1905 3767 356-364)
1961 3691 2235 3749 translati
2292 3691 2433 3748 sunt
2497 3688 2572 3747 ab
2630 3707 2715 3763 ee,

384 3775 482 3849 qui
528 3775 786 3849 primum
835 3773 1132 3851 Odysseae
1178 3775 1396 3833 librum
1442 3774 1650 3850 pingui
1681 3776 1808 3833 arte
1852 3774 2317 3849 conglutinavit,
2367 3774 2585 3849 quippe
2631 3774 2718 3832 in-

386 3859 577 3918 ferens
623 3859 1019 3919 insulsissime
1064 3857 1311 3933 μῦθος
1357 3852 1420 3915 δ’
1467 3855 1760 3936 ἄνδρεσσι
1787 3855 2044 3935 μελήσει.
2121 3858 2529 3917 Aristarchum
2576 3877 2716 3918 vero

386 3947 540 4002 certe
586 3943 741 4002 hunc
787 3944 986 4003 locum
1024 3945 1442 4020 proscripsisse
1487 3963 1555 4003 ex
1601 3943 1840 4002 scholiis
1886 3950 1947 4002 et
1991 3943 2065 4002 ad
2112 3945 2308 4018 ipsum
2356 3946 2418 4000 et
2461 3944 2533 4000 ad
2581 3943 2715 4001 Ilia·

386 4028 515 4086 dem
563 4030 814 4087 servatis
872 4032 1071 4104 patet,
1132 4033 1483 4105 secutusque
1531 4032 1626 4087 est
1668 4030 1783 4086 iam
1831 4028 1973 4086 olim
2018 4028 2356 4102 Bekkerus‚
2418 4046 2525 4086 nec
2569 4029 2710 4086 Fae-

385 4114 536 4171 sium
582 4115 856 4172 nostrum
903 4133 998 4173 res
1043 4114 1264 4173 fefellit
1306 4115 1369 4172 in
1415 4114 1736 4173 introduct.
1784 4113 1989 4170 Iliadis
2033 4132 2091 4187 p.
2140 4114 2195 4170 9.
2261 4112 2530 4188 Denique
2563 4114 2713 4171 alius

384 4197 632 4273 insuper
679 4197 1007 4273 rhapsodus
1051 4200 1367 4274 postremis
1412 4217 1554 4258 usus
1601 4202 1693 4256 est
1734 4198 1891 4255 haud
1937 4197 2148 4255 melius
2191 4198 2223 4253 λ
2271 4198 2395 4255 350
2426 4217 2554 4273 sqq.

636 4299 827 4371 ξεῖνος
873 4294 939 4357 δὲ
985 4292 1199 4375 τλήτω,
1242 4296 1401 4376 μάλα
1446 4319 1555 4377 περ
1602 4289 1833 4357 νόστοιο
1876 4296 2154 4374 χατίζων,

635 4381 826 4461 ἔμπης
874 4374 986 4442 οὖν
1029 4380 1322 4462 ἐπιμεῖναι
1370 4381 1429 4456 ἐς
1474 4381 1719 4462 αὔριον,
1764 4382 1847 4454 εἰς
1893 4378 1927 4442 ὅ
1972 4403 2037 4441 κε
2081 4382 2284 4441 πᾶσαν
