<?xml version="1.0" encoding="UTF-8"?>
<!DOCTYPE html PUBLIC "-//W3C//DTD XHTML 1.0 Transitional//EN"
    "http://www.w3.org/TR/xhtml1/DTD/xhtml1-transitional.dtd">
<html xmlns="http://www.w3.org/1999/xhtml" xml:lang="en" lang="en">
 <head>
  <title>
</title>
<meta http-equiv="Content-Type" content="text/html;charset=utf-8" />
  <meta name='ocr-system' content='tesseract 3.04.00' />
  <meta name='ocr-capabilities' content='ocr_page ocr_carea ocr_par ocr_line ocrx_word'/>
</head>
<body>
  <div class='ocr_page' id='page_1' title='image "./opusculaphilolo00koecgoog_0555.png"; bbox 0 0 3132 5129; ppageno 0'>
   <div class='ocr_carea' id='block_1_1' title="bbox 1276 381 1726 445">
    <p class='ocr_par' dir='ltr' id='par_1_1' title="bbox 1276 381 1726 445">
     <span class='ocr_line' id='line_1_1' title="bbox 1276 381 1726 445; baseline 0.002 -17"><span class='ocrx_word' id='word_1_1' title='bbox 1276 381 1726 445; x_wconf 71' lang='lat'>-543-.</span> 
     </span>
    </p>
   </div>
   <div class='ocr_carea' id='block_1_2' title="bbox 940 529 2024 1042">
    <p class='ocr_par' dir='ltr' id='par_1_2' title="bbox 940 529 2024 1042">
     <span class='ocr_line' id='line_1_2' title="bbox 946 529 1800 614; baseline 0 -20"><span class='ocrx_word' id='word_1_2' title='bbox 946 532 1046 594; x_wconf 86' lang='grc' dir='ltr'>καὶ</span> <span class='ocrx_word' id='word_1_3' title='bbox 1092 532 1250 613; x_wconf 82' lang='grc' dir='ltr'><strong><em>θῦμ’</em></strong></span> <span class='ocrx_word' id='word_1_4' title='bbox 1302 532 1414 595; x_wconf 84' lang='grc' dir='ltr'>οὐκ</span> <span class='ocrx_word' id='word_1_5' title='bbox 1459 529 1800 614; x_wconf 75' lang='grc' dir='ltr'><em>εὐγάθητον</em></span> 
     </span>
     <span class='ocr_line' id='line_1_3' title="bbox 946 615 2024 699; baseline 0.001 -21"><span class='ocrx_word' id='word_1_6' title='bbox 946 618 1144 681; x_wconf 76' lang='grc' dir='ltr'><strong><em>ἔτεκεν</em></strong></span> <span class='ocrx_word' id='word_1_7' title='bbox 1188 619 1431 699; x_wconf 77' lang='grc' dir='ltr'><strong><em>ἔτρεφεν</em></strong></span> <span class='ocrx_word' id='word_1_8' title='bbox 1474 615 1845 695; x_wconf 74' lang='grc' dir='ltr'><strong><em>εὐκταῖον,</em></strong></span> <span class='ocrx_word' id='word_1_9' title='bbox 1891 618 2024 679; x_wconf 78' lang='grc' dir='ltr'>τὰν</span> 
     </span>
     <span class='ocr_line' id='line_1_4' title="bbox 943 703 1665 781; baseline -0.004 -16"><span class='ocrx_word' id='word_1_10' title='bbox 943 706 1203 778; x_wconf 80' lang='grc' dir='ltr'><strong><em>ἱππείοις</em></strong></span> <span class='ocrx_word' id='word_1_11' title='bbox 1250 703 1314 764; x_wconf 79' lang='grc' dir='ltr'>ἐν</span> <span class='ocrx_word' id='word_1_12' title='bbox 1359 704 1665 781; x_wconf 83' lang='grc' dir='ltr'><em>δίφροισιν</em></span> 
     </span>
     <span class='ocr_line' id='line_1_5' title="bbox 945 786 1980 868; baseline -0.001 -20"><span class='ocrx_word' id='word_1_13' title='bbox 945 789 1260 868; x_wconf 79' lang='grc' dir='ltr'><em>ψαμάθων</em></span> <span class='ocrx_word' id='word_1_14' title='bbox 1305 786 1566 862; x_wconf 79' lang='grc' dir='ltr'><strong><em>Αὐλίδος</em></strong></span> <span class='ocrx_word' id='word_1_15' title='bbox 1614 787 1980 867; x_wconf 79' lang='grc' dir='ltr'><strong><em>ἐπιβᾶσαν</em></strong></span> 
     </span>
     <span class='ocr_line' id='line_1_6' title="bbox 944 869 1927 954; baseline -0.001 -19"><span class='ocrx_word' id='word_1_16' title='bbox 944 874 1282 954; x_wconf 83' lang='grc' dir='ltr'><strong><em>νύμφαν,</em></strong></span> <span class='ocrx_word' id='word_1_17' title='bbox 1327 874 1517 953; x_wconf 79' lang='grc' dir='ltr'><strong><em>οἴμοι,</em></strong></span> <span class='ocrx_word' id='word_1_18' title='bbox 1564 869 1927 953; x_wconf 77' lang='grc' dir='ltr'><strong><em>δύσνυμφον</em></strong></span> 
     </span>
     <span class='ocr_line' id='line_1_7' title="bbox 940 956 1873 1042; baseline 0.001 -23"><span class='ocrx_word' id='word_1_19' title='bbox 940 970 1032 1042; x_wconf 65' lang='grc' dir='ltr'>τῷ</span> <span class='ocrx_word' id='word_1_20' title='bbox 1077 962 1180 1032; x_wconf 78' lang='grc' dir='ltr'>τᾶς</span> <span class='ocrx_word' id='word_1_21' title='bbox 1226 960 1563 1042; x_wconf 82' lang='grc' dir='ltr'><strong><em>Νηρῇδος</em></strong></span> <span class='ocrx_word' id='word_1_22' title='bbox 1608 956 1873 1042; x_wconf 79' lang='grc' dir='ltr'><strong><em>κούρῳ.</em></strong></span> 
     </span>
    </p>
   </div>
   <div class='ocr_carea' id='block_1_3' title="bbox 332 1092 2672 1429">
    <p class='ocr_par' dir='ltr' id='par_1_3' title="bbox 332 1092 2672 1429">
     <span class='ocr_line' id='line_1_8' title="bbox 502 1092 2672 1174; baseline -0 -17"><span class='ocrx_word' id='word_1_23' title='bbox 502 1099 596 1157; x_wconf 88' lang='lat' dir='ltr'>Ita</span> <span class='ocrx_word' id='word_1_24' title='bbox 641 1098 799 1156; x_wconf 89' lang='lat' dir='ltr'>enim</span> <span class='ocrx_word' id='word_1_25' title='bbox 846 1099 1054 1157; x_wconf 87' lang='lat' dir='ltr'>ultima</span> <span class='ocrx_word' id='word_1_26' title='bbox 1099 1097 1410 1158; x_wconf 87' lang='lat' dir='ltr'>scribenda</span> <span class='ocrx_word' id='word_1_27' title='bbox 1455 1116 1701 1173; x_wconf 84' lang='lat' dir='ltr'>censeo,</span> <span class='ocrx_word' id='word_1_28' title='bbox 1763 1118 1893 1158; x_wconf 91' lang='lat' dir='ltr'>cum</span> <span class='ocrx_word' id='word_1_29' title='bbox 1943 1099 2003 1156; x_wconf 93' lang='lat' dir='ltr'>in</span> <span class='ocrx_word' id='word_1_30' title='bbox 2049 1098 2218 1157; x_wconf 85' lang='lat' dir='ltr'>libris</span> <span class='ocrx_word' id='word_1_31' title='bbox 2264 1092 2566 1174; x_wconf 82' lang='grc' dir='ltr'><strong><em>νύμφαιον</em></strong></span> <span class='ocrx_word' id='word_1_32' title='bbox 2612 1104 2672 1158; x_wconf 89' lang='lat' dir='ltr'>et</span> 
     </span>
     <span class='ocr_line' id='line_1_9' title="bbox 335 1175 2669 1260; baseline 0 -19"><span class='ocrx_word' id='word_1_33' title='bbox 335 1179 585 1259; x_wconf 83' lang='grc' dir='ltr'><strong><em>Νηρέως</em></strong></span> <span class='ocrx_word' id='word_1_34' title='bbox 629 1175 849 1259; x_wconf 87' lang='grc' dir='ltr'><strong><em>κούρας</em></strong></span> <span class='ocrx_word' id='word_1_35' title='bbox 895 1184 1147 1260; x_wconf 86' lang='lat' dir='ltr'>legatur.</span> <span class='ocrx_word' id='word_1_36' title='bbox 1239 1183 1319 1241; x_wconf 90' lang='lat' dir='ltr'>Et</span> <span class='ocrx_word' id='word_1_37' title='bbox 1363 1184 1512 1242; x_wconf 91' lang='lat' dir='ltr'>illud</span> <span class='ocrx_word' id='word_1_38' title='bbox 1559 1184 1801 1259; x_wconf 87' lang='lat' dir='ltr'>quidem</span> <span class='ocrx_word' id='word_1_39' title='bbox 1846 1184 1963 1242; x_wconf 90' lang='lat' dir='ltr'>iam</span> <span class='ocrx_word' id='word_1_40' title='bbox 2013 1183 2277 1260; x_wconf 85' lang='lat' dir='ltr'>Scaliger</span> <span class='ocrx_word' id='word_1_41' title='bbox 2320 1187 2669 1258; x_wconf 80' lang='lat' dir='ltr'>correxerat,</span> 
     </span>
     <span class='ocr_line' id='line_1_10' title="bbox 332 1262 2671 1345; baseline -0.001 -17"><span class='ocrx_word' id='word_1_42' title='bbox 332 1289 464 1329; x_wconf 87' lang='lat' dir='ltr'>cum</span> <span class='ocrx_word' id='word_1_43' title='bbox 509 1268 884 1343; x_wconf 81' lang='lat' dir='ltr'>Musgravius</span> <span class='ocrx_word' id='word_1_44' title='bbox 931 1263 1284 1345; x_wconf 85' lang='grc' dir='ltr'><strong><em>νυμφεῖόν</em></strong></span> <span class='ocrx_word' id='word_1_45' title='bbox 1326 1262 1387 1344; x_wconf 77' lang='grc' dir='ltr'>γ’</span> <span class='ocrx_word' id='word_1_46' title='bbox 1437 1268 1760 1344; x_wconf 83' lang='lat' dir='ltr'>coniceret,</span> <span class='ocrx_word' id='word_1_47' title='bbox 1809 1268 1968 1344; x_wconf 87' lang='lat' dir='ltr'>quod</span> <span class='ocrx_word' id='word_1_48' title='bbox 2013 1288 2048 1326; x_wconf 83' lang='lat' dir='ltr'>a</span> <span class='ocrx_word' id='word_1_49' title='bbox 2096 1268 2450 1343; x_wconf 86' lang='lat' dir='ltr'>quibusdam</span> <span class='ocrx_word' id='word_1_50' title='bbox 2494 1268 2671 1327; x_wconf 87' lang='lat' dir='ltr'>etiam</span> 
     </span>
     <span class='ocr_line' id='line_1_11' title="bbox 332 1352 2671 1429; baseline -0.001 -15"><span class='ocrx_word' id='word_1_51' title='bbox 332 1355 406 1414; x_wconf 89' lang='lat' dir='ltr'>ab</span> <span class='ocrx_word' id='word_1_52' title='bbox 451 1354 795 1412; x_wconf 80' lang='lat' dir='ltr'>Hermanno</span> <span class='ocrx_word' id='word_1_53' title='bbox 841 1354 1192 1429; x_wconf 84' lang='lat' dir='ltr'>adoptatum</span> <span class='ocrx_word' id='word_1_54' title='bbox 1239 1352 1445 1428; x_wconf 86' lang='lat' dir='ltr'>vide0,</span> <span class='ocrx_word' id='word_1_55' title='bbox 1493 1373 1831 1429; x_wconf 83' lang='lat' dir='ltr'>perperam:</span> <span class='ocrx_word' id='word_1_56' title='bbox 1877 1374 2016 1412; x_wconf 83' lang='lat' dir='ltr'>nam</span> <span class='ocrx_word' id='word_1_57' title='bbox 2061 1372 2168 1412; x_wconf 90' lang='lat' dir='ltr'>nec</span> <span class='ocrx_word' id='word_1_58' title='bbox 2213 1353 2506 1428; x_wconf 85' lang='lat' dir='ltr'>particula</span> <span class='ocrx_word' id='word_1_59' title='bbox 2548 1354 2671 1428; x_wconf 88' lang='lat' dir='ltr'>pla-</span> 
     </span>
    </p>
   </div>
   <div class='ocr_carea' id='block_1_4' title="bbox 334 1439 2771 1516">
    <p class='ocr_par' dir='ltr' id='par_1_4' title="bbox 334 1439 2771 1516">
     <span class='ocr_line' id='line_1_12' title="bbox 334 1439 2771 1516; baseline -0.001 -18"><span class='ocrx_word' id='word_1_60' title='bbox 334 1459 465 1499; x_wconf 89' lang='lat' dir='ltr'>cere</span> <span class='ocrx_word' id='word_1_61' title='bbox 522 1441 722 1514; x_wconf 83' lang='lat' dir='ltr'>potest</span> <span class='ocrx_word' id='word_1_62' title='bbox 778 1440 868 1514; x_wconf 90' lang='lat' dir='ltr'>et,</span> <span class='ocrx_word' id='word_1_63' title='bbox 938 1458 1080 1497; x_wconf 90' lang='lat' dir='ltr'>num</span> <span class='ocrx_word' id='word_1_64' title='bbox 1145 1441 1441 1514; x_wconf 84' lang='grc' dir='ltr'><strong><em>νυμφεῖον</em></strong></span> <span class='ocrx_word' id='word_1_65' title='bbox 1484 1439 1774 1516; x_wconf 82' lang='lat' dir='ltr'>singulari</span> <span class='ocrx_word' id='word_1_66' title='bbox 1818 1457 2063 1499; x_wconf 89' lang='lat' dir='ltr'>numero</span> <span class='ocrx_word' id='word_1_67' title='bbox 2109 1439 2180 1497; x_wconf 87' lang='lat' dir='ltr'>de</span> <span class='ocrx_word' id='word_1_68' title='bbox 2226 1439 2356 1512; x_wconf 86' lang='lat' dir='ltr'>ipsa</span> <span class='ocrx_word' id='word_1_69' title='bbox 2400 1457 2674 1513; x_wconf 89' lang='lat' dir='ltr'>sponsa</span> <span class='ocrx_word' id='word_1_70' title='bbox 2768 1504 2771 1511; x_wconf 44' lang='lat'>‚</span> 
     </span>
    </p>
   </div>
   <div class='ocr_carea' id='block_1_5' title="bbox 335 1522 2679 2619">
    <p class='ocr_par' dir='ltr' id='par_1_5' title="bbox 335 1522 2674 1855">
     <span class='ocr_line' id='line_1_13' title="bbox 336 1522 2674 1619; baseline -0.001 -36"><span class='ocrx_word' id='word_1_71' title='bbox 336 1527 563 1583; x_wconf 85' lang='lat' dir='ltr'>dictum</span> <span class='ocrx_word' id='word_1_72' title='bbox 608 1523 815 1597; x_wconf 85' lang='lat' dir='ltr'>fuerit,</span> <span class='ocrx_word' id='word_1_73' title='bbox 884 1543 1240 1619; x_wconf 85' lang='lat' dir='ltr'>magnopere</span> <span class='ocrx_word' id='word_1_74' title='bbox 1286 1523 1515 1581; x_wconf 80' lang='lat' dir='ltr'>dubito.</span> <span class='ocrx_word' id='word_1_75' title='bbox 1607 1523 1745 1582; x_wconf 88' lang='lat' dir='ltr'>Alia</span> <span class='ocrx_word' id='word_1_76' title='bbox 1788 1525 1947 1582; x_wconf 87' lang='lat' dir='ltr'>enim</span> <span class='ocrx_word' id='word_1_77' title='bbox 1992 1524 2053 1582; x_wconf 91' lang='lat' dir='ltr'>in</span> <span class='ocrx_word' id='word_1_78' title='bbox 2100 1522 2383 1582; x_wconf 88' lang='lat' dir='ltr'>eiusmodi</span> <span class='ocrx_word' id='word_1_79' title='bbox 2432 1524 2674 1582; x_wconf 87' lang='lat' dir='ltr'>vocibus</span> 
     </span>
     <span class='ocr_line' id='line_1_14' title="bbox 335 1607 2669 1686; baseline -0.001 -18"><span class='ocrx_word' id='word_1_80' title='bbox 335 1609 587 1686; x_wconf 86' lang='lat' dir='ltr'>pluralis</span> <span class='ocrx_word' id='word_1_81' title='bbox 634 1611 726 1667; x_wconf 86' lang='lat' dir='ltr'>est</span> <span class='ocrx_word' id='word_1_82' title='bbox 769 1609 940 1684; x_wconf 88' lang='lat' dir='ltr'>ratio,</span> <span class='ocrx_word' id='word_1_83' title='bbox 987 1610 1057 1666; x_wconf 90' lang='lat' dir='ltr'>ut</span> <span class='ocrx_word' id='word_1_84' title='bbox 1099 1609 1162 1666; x_wconf 92' lang='lat' dir='ltr'>in</span> <span class='ocrx_word' id='word_1_85' title='bbox 1209 1607 1388 1683; x_wconf 90' lang='lat' dir='ltr'>Soph.</span> <span class='ocrx_word' id='word_1_86' title='bbox 1422 1607 1565 1667; x_wconf 91' lang='lat' dir='ltr'>Ant.</span> <span class='ocrx_word' id='word_1_87' title='bbox 1601 1610 1722 1668; x_wconf 83' lang='lat'>568</span> <span class='ocrx_word' id='word_1_88' title='bbox 1769 1612 1994 1678; x_wconf 80' lang='grc' dir='ltr'><strong><em>κτενεῖς</em></strong></span> <span class='ocrx_word' id='word_1_89' title='bbox 2041 1610 2322 1685; x_wconf 78' lang='grc' dir='ltr'><strong><em>νυμφεῖα,</em></strong></span> <span class='ocrx_word' id='word_1_90' title='bbox 2367 1608 2430 1666; x_wconf 92' lang='lat' dir='ltr'>in</span> <span class='ocrx_word' id='word_1_91' title='bbox 2460 1607 2669 1683; x_wconf 86' lang='lat' dir='ltr'>Eurip.</span> 
     </span>
     <span class='ocr_line' id='line_1_15' title="bbox 336 1687 2674 1770; baseline -0.002 -18"><span class='ocrx_word' id='word_1_92' title='bbox 336 1694 550 1753; x_wconf 81' lang='lat' dir='ltr'>Troad.</span> <span class='ocrx_word' id='word_1_93' title='bbox 615 1694 736 1751; x_wconf 83' lang='lat'>252</span> <span class='ocrx_word' id='word_1_94' title='bbox 797 1691 1001 1751; x_wconf 87' lang='grc' dir='ltr'><strong><em>σκότια</em></strong></span> <span class='ocrx_word' id='word_1_95' title='bbox 1061 1687 1476 1769; x_wconf 81' lang='grc' dir='ltr'><strong><em>νυμφευτήρια</em></strong></span> <span class='ocrx_word' id='word_1_96' title='bbox 1540 1695 1600 1751; x_wconf 86' lang='lat' dir='ltr'>et</span> <span class='ocrx_word' id='word_1_97' title='bbox 1656 1693 1845 1752; x_wconf 89' lang='lat' dir='ltr'>Andr.</span> <span class='ocrx_word' id='word_1_98' title='bbox 1908 1695 2068 1753; x_wconf 85' lang='lat'><strong>1273</strong></span> <span class='ocrx_word' id='word_1_99' title='bbox 2130 1695 2380 1770; x_wconf 76' lang='grc' dir='ltr'><strong><em>γενναῖα</em></strong></span> <span class='ocrx_word' id='word_1_100' title='bbox 2445 1707 2674 1769; x_wconf 84' lang='grc' dir='ltr'><strong><em>συγκοι-</em></strong></span> 
     </span>
     <span class='ocr_line' id='line_1_16' title="bbox 338 1776 593 1855; baseline -0.004 0"><span class='ocrx_word' id='word_1_101' title='bbox 338 1776 593 1855; x_wconf 54' lang='lat' dir='ltr'>witham·</span> 
     </span>
    </p>

    <p class='ocr_par' dir='ltr' id='par_1_6' title="bbox 345 1862 2679 2619">
     <span class='ocr_line' id='line_1_17' title="bbox 512 1862 2677 1939; baseline 0 -18"><span class='ocrx_word' id='word_1_102' title='bbox 512 1863 824 1923; x_wconf 86' lang='lat' dir='ltr'>Postrema</span> <span class='ocrx_word' id='word_1_103' title='bbox 891 1882 1032 1922; x_wconf 87' lang='lat' dir='ltr'>vero</span> <span class='ocrx_word' id='word_1_104' title='bbox 1098 1865 1415 1938; x_wconf 86' lang='lat' dir='ltr'>propterea</span> <span class='ocrx_word' id='word_1_105' title='bbox 1481 1864 1740 1938; x_wconf 82' lang='lat' dir='ltr'>mutavi,</span> <span class='ocrx_word' id='word_1_106' title='bbox 1808 1862 1964 1939; x_wconf 90' lang='lat' dir='ltr'>quod</span> <span class='ocrx_word' id='word_1_107' title='bbox 2032 1864 2371 1939; x_wconf 83' lang='lat' dir='ltr'>saepissime</span> <span class='ocrx_word' id='word_1_108' title='bbox 2436 1863 2677 1938; x_wconf 88' lang='lat' dir='ltr'>quidem</span> 
     </span>
     <span class='ocr_line' id='line_1_18' title="bbox 346 1948 2678 2023; baseline -0.001 -16"><span class='ocrx_word' id='word_1_109' title='bbox 346 1950 628 2007; x_wconf 81' lang='lat' dir='ltr'>omissum</span> <span class='ocrx_word' id='word_1_110' title='bbox 684 1948 874 2022; x_wconf 88' lang='lat' dir='ltr'>patris</span> <span class='ocrx_word' id='word_1_111' title='bbox 929 1949 1211 2008; x_wconf 85' lang='lat' dir='ltr'>matrisve</span> <span class='ocrx_word' id='word_1_112' title='bbox 1265 1966 1511 2023; x_wconf 91' lang='lat' dir='ltr'>nomen,</span> <span class='ocrx_word' id='word_1_113' title='bbox 1571 1967 1894 2023; x_wconf 88' lang='lat' dir='ltr'>numquam</span> <span class='ocrx_word' id='word_1_114' title='bbox 1951 1951 2152 2007; x_wconf 86' lang='lat' dir='ltr'>tamen</span> <span class='ocrx_word' id='word_1_115' title='bbox 2213 1949 2498 2008; x_wconf 86' lang='lat' dir='ltr'>omissum</span> <span class='ocrx_word' id='word_1_116' title='bbox 2552 1949 2678 2008; x_wconf 83' lang='lat' dir='ltr'>vidi</span> 
     </span>
     <span class='ocr_line' id='line_1_19' title="bbox 348 2032 2678 2109; baseline 0 -18"><span class='ocrx_word' id='word_1_117' title='bbox 348 2035 448 2107; x_wconf 90' lang='lat' dir='ltr'>ibi,</span> <span class='ocrx_word' id='word_1_118' title='bbox 495 2034 598 2091; x_wconf 90' lang='lat' dir='ltr'>ubi</span> <span class='ocrx_word' id='word_1_119' title='bbox 645 2033 746 2108; x_wconf 92' lang='lat' dir='ltr'>qui</span> <span class='ocrx_word' id='word_1_120' title='bbox 792 2052 860 2091; x_wconf 87' lang='lat' dir='ltr'>ex</span> <span class='ocrx_word' id='word_1_121' title='bbox 907 2053 974 2091; x_wconf 89' lang='lat' dir='ltr'>ea</span> <span class='ocrx_word' id='word_1_122' title='bbox 1017 2032 1209 2107; x_wconf 87' lang='lat' dir='ltr'>ellipsi</span> <span class='ocrx_word' id='word_1_123' title='bbox 1241 2033 1458 2108; x_wconf 77' lang='lat' dir='ltr'>pendet</span> <span class='ocrx_word' id='word_1_124' title='bbox 1487 2033 1802 2109; x_wconf 85' lang='lat' dir='ltr'>genetivus</span> <span class='ocrx_word' id='word_1_125' title='bbox 1835 2033 2130 2092; x_wconf 78' lang='lat' dir='ltr'>inutiliter</span> <span class='ocrx_word' id='word_1_126' title='bbox 2159 2033 2678 2093; x_wconf 80' lang='lat' dir='ltr'>circumlocutione</span> 
     </span>
     <span class='ocr_line' id='line_1_20' title="bbox 348 2115 2675 2214; baseline -0.001 -37"><span class='ocrx_word' id='word_1_127' title='bbox 348 2119 710 2177; x_wconf 75' lang='lat' dir='ltr'>continetur.</span> <span class='ocrx_word' id='word_1_128' title='bbox 801 2117 898 2178; x_wconf 89' lang='lat' dir='ltr'>Ita</span> <span class='ocrx_word' id='word_1_129' title='bbox 953 2117 1008 2177; x_wconf 88' lang='lat' dir='ltr'>h.</span> <span class='ocrx_word' id='word_1_130' title='bbox 1053 2118 1095 2174; x_wconf 93' lang='lat' dir='ltr'>l.</span> <span class='ocrx_word' id='word_1_131' title='bbox 1143 2136 1250 2176; x_wconf 89' lang='lat' dir='ltr'>nec</span> <span class='ocrx_word' id='word_1_132' title='bbox 1306 2119 1368 2175; x_wconf 90' lang='lat' dir='ltr'>in</span> <span class='ocrx_word' id='word_1_133' title='bbox 1424 2115 1502 2197; x_wconf 80' lang='grc' dir='ltr'>τῷ</span> <span class='ocrx_word' id='word_1_134' title='bbox 1551 2124 1658 2199; x_wconf 77' lang='grc' dir='ltr'>τᾷς</span> <span class='ocrx_word' id='word_1_135' title='bbox 1703 2116 1984 2214; x_wconf 79' lang='grc' dir='ltr'><strong><em>Νηρῇδος</em></strong></span> <span class='ocrx_word' id='word_1_136' title='bbox 2044 2118 2398 2177; x_wconf 89' lang='lat' dir='ltr'>offenderem</span> <span class='ocrx_word' id='word_1_137' title='bbox 2452 2137 2561 2177; x_wconf 89' lang='lat' dir='ltr'>nec</span> <span class='ocrx_word' id='word_1_138' title='bbox 2614 2119 2675 2175; x_wconf 92' lang='lat' dir='ltr'>in</span> 
     </span>
     <span class='ocr_line' id='line_1_21' title="bbox 345 2196 2677 2283; baseline 0 -24"><span class='ocrx_word' id='word_1_139' title='bbox 345 2201 422 2283; x_wconf 79' lang='grc' dir='ltr'>τῷ</span> <span class='ocrx_word' id='word_1_140' title='bbox 469 2209 574 2272; x_wconf 80' lang='grc' dir='ltr'>τᾶς</span> <span class='ocrx_word' id='word_1_141' title='bbox 611 2196 862 2278; x_wconf 79' lang='grc' dir='ltr'><strong><em>Νηρέως</em></strong></span> <span class='ocrx_word' id='word_1_142' title='bbox 904 2197 1127 2277; x_wconf 85' lang='grc' dir='ltr'><strong><em>κούρας</em></strong></span> <span class='ocrx_word' id='word_1_143' title='bbox 1171 2197 1385 2281; x_wconf 80' lang='grc' dir='ltr'><strong><em>κούρῳ.</em></strong></span> <span class='ocrx_word' id='word_1_144' title='bbox 1459 2204 1626 2272; x_wconf 83' lang='lat' dir='ltr'>Quod</span> <span class='ocrx_word' id='word_1_145' title='bbox 1672 2203 1869 2277; x_wconf 87' lang='lat' dir='ltr'>ipsum</span> <span class='ocrx_word' id='word_1_146' title='bbox 1912 2204 1963 2260; x_wconf 87' lang='lat' dir='ltr'>si</span> <span class='ocrx_word' id='word_1_147' title='bbox 2011 2202 2144 2277; x_wconf 88' lang='lat' dir='ltr'>quis</span> <span class='ocrx_word' id='word_1_148' title='bbox 2187 2206 2391 2262; x_wconf 87' lang='lat' dir='ltr'>nostro</span> <span class='ocrx_word' id='word_1_149' title='bbox 2435 2203 2608 2261; x_wconf 77' lang='lat' dir='ltr'>loco-⁸</span> <span class='ocrx_word' id='word_1_150' title='bbox 2593 2222 2677 2260; x_wconf 86' lang='lat' dir='ltr'>ln-</span> 
     </span>
     <span class='ocr_line' id='line_1_22' title="bbox 345 2286 2679 2362; baseline -0.002 -15"><span class='ocrx_word' id='word_1_151' title='bbox 345 2306 538 2347; x_wconf 89' lang='lat' dir='ltr'>serere</span> <span class='ocrx_word' id='word_1_152' title='bbox 584 2286 862 2361; x_wconf 77' lang='lat' dir='ltr'>voluerit,</span> <span class='ocrx_word' id='word_1_153' title='bbox 908 2290 1066 2346; x_wconf 86' lang='lat' dir='ltr'>recte</span> <span class='ocrx_word' id='word_1_154' title='bbox 1111 2288 1224 2345; x_wconf 90' lang='lat' dir='ltr'>iam</span> <span class='ocrx_word' id='word_1_155' title='bbox 1270 2286 1506 2347; x_wconf 89' lang='lat' dir='ltr'>monuit</span> <span class='ocrx_word' id='word_1_156' title='bbox 1534 2288 1932 2361; x_wconf 85' lang='lat' dir='ltr'>Hermannus,</span> <span class='ocrx_word' id='word_1_157' title='bbox 1980 2288 2029 2345; x_wconf 87' lang='lat' dir='ltr'>si</span> <span class='ocrx_word' id='word_1_158' title='bbox 2073 2287 2431 2362; x_wconf 84' lang='lat' dir='ltr'>praecedens</span> <span class='ocrx_word' id='word_1_159' title='bbox 2475 2306 2679 2347; x_wconf 83' lang='lat' dir='ltr'>versus</span> 
     </span>
     <span class='ocr_line' id='line_1_23' title="bbox 349 2368 2677 2447; baseline -0 -17"><span class='ocrx_word' id='word_1_160' title='bbox 349 2372 608 2431; x_wconf 83' lang='lat' dir='ltr'>admisso</span> <span class='ocrx_word' id='word_1_161' title='bbox 655 2368 906 2447; x_wconf 84' lang='grc' dir='ltr'><strong><em>νύμφαν</em></strong></span> <span class='ocrx_word' id='word_1_162' title='bbox 951 2373 1331 2431; x_wconf 85' lang='lat' dir='ltr'>catalecticus</span> <span class='ocrx_word' id='word_1_163' title='bbox 1376 2372 1471 2446; x_wconf 87' lang='lat' dir='ltr'>sit,</span> <span class='ocrx_word' id='word_1_164' title='bbox 1517 2372 1675 2431; x_wconf 87' lang='lat' dir='ltr'>hunc</span> <span class='ocrx_word' id='word_1_165' title='bbox 1706 2390 1938 2447; x_wconf 90' lang='lat' dir='ltr'>quoque</span> <span class='ocrx_word' id='word_1_166' title='bbox 1968 2390 2036 2430; x_wconf 89' lang='lat' dir='ltr'>eo</span> <span class='ocrx_word' id='word_1_167' title='bbox 2068 2374 2258 2431; x_wconf 88' lang='lat' dir='ltr'>metro</span> <span class='ocrx_word' id='word_1_168' title='bbox 2289 2390 2416 2431; x_wconf 87' lang='lat' dir='ltr'>esse</span> <span class='ocrx_word' id='word_1_169' title='bbox 2447 2372 2677 2430; x_wconf 88' lang='lat' dir='ltr'>debere.</span> 
     </span>
     <span class='ocr_line' id='line_1_24' title="bbox 349 2455 2677 2532; baseline 0 -17"><span class='ocrx_word' id='word_1_170' title='bbox 349 2457 464 2515; x_wconf 85' lang='lat' dir='ltr'>Sed</span> <span class='ocrx_word' id='word_1_171' title='bbox 511 2456 718 2515; x_wconf 88' lang='lat' dir='ltr'>eadem</span> <span class='ocrx_word' id='word_1_172' title='bbox 767 2457 839 2514; x_wconf 89' lang='lat' dir='ltr'>de</span> <span class='ocrx_word' id='word_1_173' title='bbox 885 2474 1061 2516; x_wconf 88' lang='lat' dir='ltr'>causa</span> <span class='ocrx_word' id='word_1_174' title='bbox 1102 2477 1136 2514; x_wconf 89' lang='lat' dir='ltr'>a</span> <span class='ocrx_word' id='word_1_175' title='bbox 1178 2455 1352 2515; x_wconf 87' lang='lat' dir='ltr'>nobis</span> <span class='ocrx_word' id='word_1_176' title='bbox 1398 2456 1632 2515; x_wconf 85' lang='lat' dir='ltr'>admitti</span> <span class='ocrx_word' id='word_1_177' title='bbox 1678 2457 1916 2532; x_wconf 88' lang='lat' dir='ltr'>nequit,</span> <span class='ocrx_word' id='word_1_178' title='bbox 1966 2457 2126 2531; x_wconf 92' lang='lat' dir='ltr'>quod</span> <span class='ocrx_word' id='word_1_179' title='bbox 2171 2457 2548 2515; x_wconf 85' lang='lat' dir='ltr'>Hermannus</span> <span class='ocrx_word' id='word_1_180' title='bbox 2591 2476 2677 2515; x_wconf 91' lang='lat' dir='ltr'>re-</span> 
     </span>
     <span class='ocr_line' id='line_1_25' title="bbox 346 2531 1629 2619; baseline 0 -17"><span class='ocrx_word' id='word_1_181' title='bbox 346 2547 520 2617; x_wconf 90' lang='lat' dir='ltr'>cepto</span> <span class='ocrx_word' id='word_1_182' title='bbox 567 2531 864 2617; x_wconf 86' lang='grc' dir='ltr'><strong><em>νυμφεῖόν</em></strong></span> <span class='ocrx_word' id='word_1_183' title='bbox 905 2535 961 2619; x_wconf 77' lang='grc' dir='ltr'>γ’</span> <span class='ocrx_word' id='word_1_184' title='bbox 1011 2541 1325 2601; x_wconf 82' lang='lat' dir='ltr'>admittere</span> <span class='ocrx_word' id='word_1_185' title='bbox 1368 2544 1629 2617; x_wconf 89' lang='lat' dir='ltr'>poterat,</span> 
     </span>
    </p>
   </div>
   <div class='ocr_carea' id='block_1_6' title="bbox 925 2655 1949 2740">
    <p class='ocr_par' dir='ltr' id='par_1_7' title="bbox 925 2655 1949 2740">
     <span class='ocr_line' id='line_1_26' title="bbox 925 2655 1949 2740; baseline 0.002 -24"><span class='ocrx_word' id='word_1_186' title='bbox 925 2666 1006 2740; x_wconf 77' lang='grc' dir='ltr'>τῷ</span> <span class='ocrx_word' id='word_1_187' title='bbox 1050 2659 1152 2729; x_wconf 86' lang='grc' dir='ltr'>τᾶς</span> <span class='ocrx_word' id='word_1_188' title='bbox 1197 2655 1446 2738; x_wconf 78' lang='grc' dir='ltr'><strong><em>Νηρέως</em></strong></span> <span class='ocrx_word' id='word_1_189' title='bbox 1491 2658 1746 2737; x_wconf 79' lang='grc' dir='ltr'><strong><em>κούρας,</em></strong></span> <span class='ocrx_word' id='word_1_190' title='bbox 1791 2660 1949 2736; x_wconf 78' lang='grc' dir='ltr'><strong><em>αἰαῖ,</em></strong></span> 
     </span>
    </p>
   </div>
   <div class='ocr_carea' id='block_1_7' title="bbox 347 2796 2682 4045">
    <p class='ocr_par' dir='ltr' id='par_1_8' title="bbox 347 2796 2682 3806">
     <span class='ocr_line' id='line_1_27' title="bbox 349 2796 2679 2874; baseline -0 -17"><span class='ocrx_word' id='word_1_191' title='bbox 349 2800 442 2858; x_wconf 89' lang='lat' dir='ltr'>hic</span> <span class='ocrx_word' id='word_1_192' title='bbox 501 2798 738 2874; x_wconf 89' lang='lat' dir='ltr'>quidem</span> <span class='ocrx_word' id='word_1_193' title='bbox 798 2796 1023 2856; x_wconf 86' lang='lat' dir='ltr'>adnexa</span> <span class='ocrx_word' id='word_1_194' title='bbox 1067 2797 1388 2872; x_wconf 87' lang='lat' dir='ltr'>particula,</span> <span class='ocrx_word' id='word_1_195' title='bbox 1444 2817 1597 2874; x_wconf 90' lang='lat' dir='ltr'>quae</span> <span class='ocrx_word' id='word_1_196' title='bbox 1641 2798 1703 2856; x_wconf 90' lang='lat' dir='ltr'>in</span> <span class='ocrx_word' id='word_1_197' title='bbox 1747 2797 1918 2857; x_wconf 85' lang='lat' dir='ltr'>libris</span> <span class='ocrx_word' id='word_1_198' title='bbox 1965 2798 2236 2873; x_wconf 86' lang='lat' dir='ltr'>sequenti</span> <span class='ocrx_word' id='word_1_199' title='bbox 2279 2799 2475 2858; x_wconf 82' lang='lat' dir='ltr'>versui</span> <span class='ocrx_word' id='word_1_200' title='bbox 2517 2817 2679 2873; x_wconf 86' lang='lat' dir='ltr'>prae-</span> 
     </span>
     <span class='ocr_line' id='line_1_28' title="bbox 347 2881 2680 2962; baseline -0 -20"><span class='ocrx_word' id='word_1_201' title='bbox 347 2884 635 2957; x_wconf 85' lang='lat' dir='ltr'>mittitur,</span> <span class='ocrx_word' id='word_1_202' title='bbox 685 2881 787 2941; x_wconf 90' lang='lat' dir='ltr'>sed</span> <span class='ocrx_word' id='word_1_203' title='bbox 834 2884 1056 2957; x_wconf 88' lang='lat' dir='ltr'>optime</span> <span class='ocrx_word' id='word_1_204' title='bbox 1101 2883 1368 2957; x_wconf 85' lang='lat' dir='ltr'>profecto</span> <span class='ocrx_word' id='word_1_205' title='bbox 1415 2901 1547 2942; x_wconf 87' lang='lat' dir='ltr'>cum</span> <span class='ocrx_word' id='word_1_206' title='bbox 1595 2882 1861 2942; x_wconf 87' lang='lat' dir='ltr'>Seidlero</span> <span class='ocrx_word' id='word_1_207' title='bbox 1905 2884 2063 2962; x_wconf 87' lang='lat' dir='ltr'>inter</span> <span class='ocrx_word' id='word_1_208' title='bbox 2107 2883 2458 2958; x_wconf 85' lang='lat' dir='ltr'>praeteritae</span> <span class='ocrx_word' id='word_1_209' title='bbox 2504 2886 2680 2957; x_wconf 83' lang='lat' dir='ltr'>atque</span> 
     </span>
     <span class='ocr_line' id='line_1_29' title="bbox 348 2966 2679 3044; baseline -0.001 -18"><span class='ocrx_word' id='word_1_210' title='bbox 348 2969 675 3044; x_wconf 84' lang='lat' dir='ltr'>praesentis</span> <span class='ocrx_word' id='word_1_211' title='bbox 723 2967 880 3026; x_wconf 83' lang='lat' dir='ltr'>vitae</span> <span class='ocrx_word' id='word_1_212' title='bbox 927 2966 1382 3042; x_wconf 87' lang='lat' dir='ltr'>descriptionem</span> <span class='ocrx_word' id='word_1_213' title='bbox 1429 2989 1462 3026; x_wconf 86' lang='lat' dir='ltr'>a</span> <span class='ocrx_word' id='word_1_214' title='bbox 1505 2972 1694 3027; x_wconf 89' lang='lat' dir='ltr'>metro</span> <span class='ocrx_word' id='word_1_215' title='bbox 1741 2971 2015 3044; x_wconf 87' lang='lat' dir='ltr'>separata</span> <span class='ocrx_word' id='word_1_216' title='bbox 2059 2969 2477 3043; x_wconf 87' lang='lat' dir='ltr'>interponitur.</span> <span class='ocrx_word' id='word_1_217' title='bbox 2553 2968 2679 3025; x_wconf 89' lang='lat' dir='ltr'>No-</span> 
     </span>
     <span class='ocr_line' id='line_1_30' title="bbox 348 3052 2680 3129; baseline -0.001 -17"><span class='ocrx_word' id='word_1_218' title='bbox 348 3057 507 3113; x_wconf 82' lang='lat' dir='ltr'>strae</span> <span class='ocrx_word' id='word_1_219' title='bbox 552 3052 928 3112; x_wconf 88' lang='lat' dir='ltr'>coniecturae</span> <span class='ocrx_word' id='word_1_220' title='bbox 976 3054 1155 3111; x_wconf 87' lang='lat' dir='ltr'>etiam</span> <span class='ocrx_word' id='word_1_221' title='bbox 1201 3053 1383 3111; x_wconf 91' lang='lat' dir='ltr'>ceteri</span> <span class='ocrx_word' id='word_1_222' title='bbox 1428 3052 1733 3129; x_wconf 83' lang='lat' dir='ltr'>Euripidis</span> <span class='ocrx_word' id='word_1_223' title='bbox 1781 3053 1922 3128; x_wconf 90' lang='lat' dir='ltr'>loci,</span> <span class='ocrx_word' id='word_1_224' title='bbox 1968 3054 2031 3111; x_wconf 90' lang='lat' dir='ltr'>in</span> <span class='ocrx_word' id='word_1_225' title='bbox 2078 3052 2291 3128; x_wconf 86' lang='lat' dir='ltr'>quibus</span> <span class='ocrx_word' id='word_1_226' title='bbox 2337 3052 2601 3111; x_wconf 88' lang='lat' dir='ltr'>Achilles</span> <span class='ocrx_word' id='word_1_227' title='bbox 2645 3072 2680 3110; x_wconf 86' lang='lat' dir='ltr'>a</span> 
     </span>
     <span class='ocr_line' id='line_1_31' title="bbox 349 3136 2678 3222; baseline -0.001 -25"><span class='ocrx_word' id='word_1_228' title='bbox 349 3143 534 3198; x_wconf 89' lang='lat' dir='ltr'>matre</span> <span class='ocrx_word' id='word_1_229' title='bbox 579 3137 1021 3212; x_wconf 82' lang='lat' dir='ltr'>denominatur,</span> <span class='ocrx_word' id='word_1_230' title='bbox 1064 3139 1428 3196; x_wconf 85' lang='lat' dir='ltr'>conveniunt</span> <span class='ocrx_word' id='word_1_231' title='bbox 1472 3141 1538 3196; x_wconf 88' lang='lat' dir='ltr'>ut</span> <span class='ocrx_word' id='word_1_232' title='bbox 1561 3136 1844 3222; x_wconf 79' lang='grc' dir='ltr'><strong><em>Νηρῇδος</em></strong></span> <span class='ocrx_word' id='word_1_233' title='bbox 1873 3141 2042 3207; x_wconf 84' lang='grc' dir='ltr'><strong><em>παῖς</em></strong></span> <span class='ocrx_word' id='word_1_234' title='bbox 2073 3138 2230 3195; x_wconf 85' lang='lat' dir='ltr'>infra</span> <span class='ocrx_word' id='word_1_235' title='bbox 2260 3158 2313 3199; x_wconf 88' lang='lat' dir='ltr'>v</span> <span class='ocrx_word' id='word_1_236' title='bbox 2348 3137 2678 3212; x_wconf 86' lang='lat' dir='ltr'>537,1ph.</span> 
     </span>
     <span class='ocr_line' id='line_1_32' title="bbox 351 3217 2679 3298; baseline -0.001 -17"><span class='ocrx_word' id='word_1_237' title='bbox 351 3224 491 3282; x_wconf 84' lang='lat' dir='ltr'>Aul.</span> <span class='ocrx_word' id='word_1_238' title='bbox 541 3224 684 3284; x_wconf 89' lang='lat'><strong>819.</strong></span> <span class='ocrx_word' id='word_1_239' title='bbox 733 3222 854 3279; x_wconf 88' lang='grc'>836</span> <span class='ocrx_word' id='word_1_240' title='bbox 888 3255 970 3264; x_wconf 91' lang='grc'><strong>-</strong></span> <span class='ocrx_word' id='word_1_241' title='bbox 1000 3217 1174 3298; x_wconf 80' lang='grc' dir='ltr'><strong><em>γένος</em></strong></span> <span class='ocrx_word' id='word_1_242' title='bbox 1217 3223 1278 3280; x_wconf 91' lang='lat' dir='ltr'>in</span> <span class='ocrx_word' id='word_1_243' title='bbox 1325 3221 1519 3297; x_wconf 86' lang='lat' dir='ltr'>Iphig.</span> <span class='ocrx_word' id='word_1_244' title='bbox 1553 3223 1693 3283; x_wconf 89' lang='lat' dir='ltr'>Aul.</span> <span class='ocrx_word' id='word_1_245' title='bbox 1730 3223 1869 3296; x_wconf 83' lang='lat'>626,</span> <span class='ocrx_word' id='word_1_246' title='bbox 1918 3225 1978 3280; x_wconf 83' lang='lat' dir='ltr'>ct</span> <span class='ocrx_word' id='word_1_247' title='bbox 2008 3256 2088 3265; x_wconf 90' lang='lat'><strong>—</strong></span> <span class='ocrx_word' id='word_1_248' title='bbox 2121 3217 2328 3279; x_wconf 81' lang='grc' dir='ltr'><strong><em>τέκνον</em></strong></span> <span class='ocrx_word' id='word_1_249' title='bbox 2360 3222 2500 3280; x_wconf 90' lang='lat' dir='ltr'>ibid.</span> <span class='ocrx_word' id='word_1_250' title='bbox 2535 3224 2679 3278; x_wconf 75' lang='lat'>896.</span> 
     </span>
     <span class='ocr_line' id='line_1_33' title="bbox 351 3304 2678 3389; baseline -0.002 -22"><span class='ocrx_word' id='word_1_251' title='bbox 351 3309 474 3367; x_wconf 90' lang='lat' dir='ltr'>Nec</span> <span class='ocrx_word' id='word_1_252' title='bbox 523 3309 696 3366; x_wconf 90' lang='lat' dir='ltr'>aliter</span> <span class='ocrx_word' id='word_1_253' title='bbox 739 3306 1016 3365; x_wconf 84' lang='lat' dir='ltr'>Theonoa</span> <span class='ocrx_word' id='word_1_254' title='bbox 1059 3308 1121 3365; x_wconf 92' lang='lat' dir='ltr'>in</span> <span class='ocrx_word' id='word_1_255' title='bbox 1164 3307 1296 3365; x_wconf 90' lang='lat' dir='ltr'>Hel.</span> <span class='ocrx_word' id='word_1_256' title='bbox 1342 3327 1398 3365; x_wconf 85' lang='lat' dir='ltr'>v.</span> <span class='ocrx_word' id='word_1_257' title='bbox 1429 3308 1550 3365; x_wconf 87' lang='grc'>318</span> <span class='ocrx_word' id='word_1_258' title='bbox 1599 3305 1700 3384; x_wconf 82' lang='grc' dir='ltr'>τῆς</span> <span class='ocrx_word' id='word_1_259' title='bbox 1747 3306 1990 3375; x_wconf 84' lang='grc' dir='ltr'><strong><em>ποντίας</em></strong></span> <span class='ocrx_word' id='word_1_260' title='bbox 2036 3307 2100 3362; x_wconf 92' lang='lat' dir='ltr'><em>N</em></span> <span class='ocrx_word' id='word_1_261' title='bbox 2112 3304 2301 3389; x_wconf 88' lang='grc' dir='ltr'><strong><em>ηρηδ</em></strong></span> <span class='ocrx_word' id='word_1_262' title='bbox 2314 3327 2388 3376; x_wconf 86' lang='grc' dir='ltr'>ος</span> <span class='ocrx_word' id='word_1_263' title='bbox 2432 3309 2491 3364; x_wconf 92' lang='lat' dir='ltr'>et</span> <span class='ocrx_word' id='word_1_264' title='bbox 2535 3305 2678 3363; x_wconf 86' lang='lat' dir='ltr'>ibid.</span> 
     </span>
     <span class='ocr_line' id='line_1_34' title="bbox 358 3366 2681 3489; baseline -0.001 -40"><span class='ocrx_word' id='word_1_265' title='bbox 358 3395 513 3452; x_wconf 79' lang='lat'>1647</span> <span class='ocrx_word' id='word_1_266' title='bbox 559 3396 715 3460; x_wconf 76' lang='grc' dir='ltr'><strong><em>θεᾶς</em></strong></span> <span class='ocrx_word' id='word_1_267' title='bbox 746 3390 1101 3489; x_wconf 77' lang='grc' dir='ltr'><strong><em>Νηρῇδος</em></strong></span> <span class='ocrx_word' id='word_1_268' title='bbox 1149 3387 1388 3469; x_wconf 74' lang='grc' dir='ltr'><strong><em>ἔκγονος</em></strong></span> <span class='ocrx_word' id='word_1_269' title='bbox 1431 3383 1616 3468; x_wconf 86' lang='grc' dir='ltr'><strong><em>κόρη</em></strong></span> <span class='ocrx_word' id='word_1_270' title='bbox 1662 3392 2015 3489; x_wconf 85' lang='lat' dir='ltr'>appellatur.</span> <span class='ocrx_word' id='word_1_271' title='bbox 2085 3393 2172 3451; x_wconf 88' lang='lat' dir='ltr'>Eo</span> <span class='ocrx_word' id='word_1_272' title='bbox 2220 3366 2452 3450; x_wconf 70' lang='lat' dir='ltr'>l‘acilius</span> <span class='ocrx_word' id='word_1_273' title='bbox 2484 3392 2681 3448; x_wconf 88' lang='lat' dir='ltr'>autem</span> 
     </span>
     <span class='ocr_line' id='line_1_35' title="bbox 353 3467 2682 3558; baseline -0.001 -24"><span class='ocrx_word' id='word_1_274' title='bbox 353 3474 696 3558; x_wconf 80' lang='grc' dir='ltr'><strong><em>Νηρῇδος</em></strong></span> <span class='ocrx_word' id='word_1_275' title='bbox 750 3473 973 3555; x_wconf 81' lang='grc' dir='ltr'><strong><em>κούρω</em></strong></span> <span class='ocrx_word' id='word_1_276' title='bbox 1028 3478 1258 3535; x_wconf 87' lang='lat' dir='ltr'>intrusa</span> <span class='ocrx_word' id='word_1_277' title='bbox 1316 3477 1530 3551; x_wconf 87' lang='lat' dir='ltr'>prioris</span> <span class='ocrx_word' id='word_1_278' title='bbox 1591 3478 1749 3535; x_wconf 84' lang='lat' dir='ltr'>vocis</span> <span class='ocrx_word' id='word_1_279' title='bbox 1807 3477 2009 3552; x_wconf 88' lang='lat' dir='ltr'>glossa</span> <span class='ocrx_word' id='word_1_280' title='bbox 2052 3471 2362 3551; x_wconf 79' lang='grc' dir='ltr'><strong><em>Νηρέως</em></strong></span> <span class='ocrx_word' id='word_1_281' title='bbox 2406 3467 2682 3552; x_wconf 84' lang='grc' dir='ltr'><strong><em>κούρας</em></strong></span> 
     </span>
     <span class='ocr_line' id='line_1_36' title="bbox 349 3560 2681 3637; baseline -0.002 -17"><span class='ocrx_word' id='word_1_282' title='bbox 349 3563 649 3620; x_wconf 79' lang='lat' dir='ltr'>exturbari</span> <span class='ocrx_word' id='word_1_283' title='bbox 694 3564 944 3635; x_wconf 87' lang='lat' dir='ltr'>poterat,</span> <span class='ocrx_word' id='word_1_284' title='bbox 995 3562 1276 3637; x_wconf 89' lang='lat' dir='ltr'>quoniam</span> <span class='ocrx_word' id='word_1_285' title='bbox 1321 3565 1381 3620; x_wconf 90' lang='lat' dir='ltr'>et</span> <span class='ocrx_word' id='word_1_286' title='bbox 1425 3562 1728 3621; x_wconf 75' lang='lat' dir='ltr'>soBemnis</span> <span class='ocrx_word' id='word_1_287' title='bbox 1774 3562 1915 3621; x_wconf 85' lang='lat' dir='ltr'>haec</span> <span class='ocrx_word' id='word_1_288' title='bbox 1946 3565 2037 3620; x_wconf 87' lang='lat' dir='ltr'>est</span> <span class='ocrx_word' id='word_1_289' title='bbox 2067 3562 2330 3621; x_wconf 87' lang='lat' dir='ltr'>omnium</span> <span class='ocrx_word' id='word_1_290' title='bbox 2362 3560 2681 3619; x_wconf 85' lang='lat' dir='ltr'>Nereidum</span> 
     </span>
     <span class='ocr_line' id='line_1_37' title="bbox 351 3645 2682 3721; baseline -0.001 -17"><span class='ocrx_word' id='word_1_291' title='bbox 351 3650 413 3704; x_wconf 87' lang='lat' dir='ltr'>et</span> <span class='ocrx_word' id='word_1_292' title='bbox 466 3646 623 3704; x_wconf 90' lang='lat' dir='ltr'>haud</span> <span class='ocrx_word' id='word_1_293' title='bbox 679 3664 813 3703; x_wconf 87' lang='lat' dir='ltr'>rara</span> <span class='ocrx_word' id='word_1_294' title='bbox 871 3645 1056 3721; x_wconf 85' lang='lat' dir='ltr'>ipsius</span> <span class='ocrx_word' id='word_1_295' title='bbox 1117 3646 1386 3704; x_wconf 87' lang='lat' dir='ltr'>Thetidis</span> <span class='ocrx_word' id='word_1_296' title='bbox 1444 3647 1877 3706; x_wconf 89' lang='lat' dir='ltr'>denominatio:</span> <span class='ocrx_word' id='word_1_297' title='bbox 1947 3647 2070 3706; x_wconf 84' lang='lat' dir='ltr'>vid.</span> <span class='ocrx_word' id='word_1_298' title='bbox 2130 3646 2338 3721; x_wconf 86' lang='lat' dir='ltr'>Eurip.</span> <span class='ocrx_word' id='word_1_299' title='bbox 2398 3645 2682 3703; x_wconf 85' lang='lat' dir='ltr'>Androm.</span> 
     </span>
     <span class='ocr_line' id='line_1_38' title="bbox 354 3728 1088 3806; baseline -0.001 -18"><span class='ocrx_word' id='word_1_300' title='bbox 354 3731 535 3789; x_wconf 83' lang='lat'>1224.</span> <span class='ocrx_word' id='word_1_301' title='bbox 581 3731 715 3806; x_wconf 88' lang='lat' dir='ltr'>Iph.</span> <span class='ocrx_word' id='word_1_302' title='bbox 763 3728 902 3789; x_wconf 90' lang='lat' dir='ltr'>Aul.</span> <span class='ocrx_word' id='word_1_303' title='bbox 952 3734 1088 3790; x_wconf 86' lang='lat'>701.</span> 
     </span>
    </p>

    <p class='ocr_par' dir='ltr' id='par_1_9' title="bbox 352 3813 2681 4045">
     <span class='ocr_line' id='line_1_39' title="bbox 521 3813 2681 3891; baseline -0.002 -17"><span class='ocrx_word' id='word_1_304' title='bbox 521 3816 637 3875; x_wconf 89' lang='lat' dir='ltr'>Sed</span> <span class='ocrx_word' id='word_1_305' title='bbox 697 3818 938 3889; x_wconf 86' lang='lat' dir='ltr'>insuper</span> <span class='ocrx_word' id='word_1_306' title='bbox 982 3816 1273 3890; x_wconf 83' lang='lat' dir='ltr'>quaedam</span> <span class='ocrx_word' id='word_1_307' title='bbox 1318 3817 1688 3875; x_wconf 83' lang='lat' dir='ltr'>emendanda</span> <span class='ocrx_word' id='word_1_308' title='bbox 1731 3821 1984 3891; x_wconf 84' lang='lat' dir='ltr'>restant,</span> <span class='ocrx_word' id='word_1_309' title='bbox 2056 3817 2127 3874; x_wconf 91' lang='lat' dir='ltr'>de</span> <span class='ocrx_word' id='word_1_310' title='bbox 2173 3816 2388 3890; x_wconf 85' lang='lat' dir='ltr'>quibus</span> <span class='ocrx_word' id='word_1_311' title='bbox 2432 3816 2552 3872; x_wconf 85' lang='lat' dir='ltr'>iam</span> <span class='ocrx_word' id='word_1_312' title='bbox 2597 3813 2681 3871; x_wconf 89' lang='lat' dir='ltr'>di·</span> 
     </span>
     <span class='ocr_line' id='line_1_40' title="bbox 352 3900 2679 3977; baseline -0.001 -18"><span class='ocrx_word' id='word_1_313' title='bbox 352 3901 621 3966; x_wconf 81' lang='lat' dir='ltr'>cendum,</span> <span class='ocrx_word' id='word_1_314' title='bbox 697 3901 786 3959; x_wconf 90' lang='lat' dir='ltr'>Ac</span> <span class='ocrx_word' id='word_1_315' title='bbox 829 3901 1086 3973; x_wconf 88' lang='lat' dir='ltr'>primum</span> <span class='ocrx_word' id='word_1_316' title='bbox 1132 3900 1369 3976; x_wconf 90' lang='lat' dir='ltr'>quidem</span> <span class='ocrx_word' id='word_1_317' title='bbox 1414 3922 1469 3961; x_wconf 85' lang='lat' dir='ltr'>v.</span> <span class='ocrx_word' id='word_1_318' title='bbox 1505 3904 1625 3962; x_wconf 84' lang='lat'>207</span> <span class='ocrx_word' id='word_1_319' title='bbox 1671 3902 1746 3960; x_wconf 88' lang='lat' dir='ltr'>ab</span> <span class='ocrx_word' id='word_1_320' title='bbox 1793 3902 2078 3977; x_wconf 86' lang='lat' dir='ltr'>Euripide</span> <span class='ocrx_word' id='word_1_321' title='bbox 2122 3901 2233 3959; x_wconf 91' lang='lat' dir='ltr'>hoc</span> <span class='ocrx_word' id='word_1_322' title='bbox 2276 3900 2452 3958; x_wconf 76' lang='lat' dir='ltr'>niodo</span> <span class='ocrx_word' id='word_1_323' title='bbox 2500 3900 2679 3975; x_wconf 85' lang='lat' dir='ltr'>scrip·</span> 
     </span>
     <span class='ocr_line' id='line_1_41' title="bbox 352 3987 784 4045; baseline -0.005 -2"><span class='ocrx_word' id='word_1_324' title='bbox 352 3989 478 4044; x_wconf 90' lang='lat' dir='ltr'>tum</span> <span class='ocrx_word' id='word_1_325' title='bbox 523 3987 784 4045; x_wconf 83' lang='lat' dir='ltr'>arbitror</span> 
     </span>
    </p>
   </div>
   <div class='ocr_carea' id='block_1_8' title="bbox 931 4069 1960 4147">
    <p class='ocr_par' dir='ltr' id='par_1_10' title="bbox 931 4069 1960 4147">
     <span class='ocr_line' id='line_1_42' title="bbox 931 4069 1960 4147; baseline 0.002 -21"><span class='ocrx_word' id='word_1_326' title='bbox 931 4069 1168 4147; x_wconf 77' lang='grc' dir='ltr'><strong><em>Μοῖραί</em></strong></span> <span class='ocrx_word' id='word_1_327' title='bbox 1207 4090 1328 4146; x_wconf 85' lang='grc' dir='ltr'>μοι</span> <span class='ocrx_word' id='word_1_328' title='bbox 1373 4069 1743 4130; x_wconf 82' lang='grc' dir='ltr'><strong><em>συντείνουσι</em></strong></span> <span class='ocrx_word' id='word_1_329' title='bbox 1789 4070 1960 4146; x_wconf 80' lang='grc' dir='ltr'><strong><em>θεαί,</em></strong></span> 
     </span>
    </p>
   </div>
   <div class='ocr_carea' id='block_1_9' title="bbox 353 4189 2685 4519">
    <p class='ocr_par' dir='ltr' id='par_1_11' title="bbox 353 4189 2683 4350">
     <span class='ocr_line' id='line_1_43' title="bbox 353 4189 2683 4267; baseline -0.001 -20"><span class='ocrx_word' id='word_1_330' title='bbox 353 4208 469 4265; x_wconf 87' lang='lat' dir='ltr'>quo</span> <span class='ocrx_word' id='word_1_331' title='bbox 525 4191 874 4266; x_wconf 88' lang='lat' dir='ltr'>pronomine</span> <span class='ocrx_word' id='word_1_332' title='bbox 919 4192 980 4248; x_wconf 89' lang='lat' dir='ltr'>et</span> <span class='ocrx_word' id='word_1_333' title='bbox 1024 4190 1200 4247; x_wconf 87' lang='lat' dir='ltr'>metri</span> <span class='ocrx_word' id='word_1_334' title='bbox 1245 4190 1556 4249; x_wconf 86' lang='lat' dir='ltr'>scabrities</span> <span class='ocrx_word' id='word_1_335' title='bbox 1603 4191 1969 4267; x_wconf 86' lang='lat' dir='ltr'>abstergitur</span> <span class='ocrx_word' id='word_1_336' title='bbox 2013 4193 2074 4247; x_wconf 87' lang='lat' dir='ltr'>et</span> <span class='ocrx_word' id='word_1_337' title='bbox 2117 4189 2465 4263; x_wconf 82' lang='lat' dir='ltr'>relativum,</span> <span class='ocrx_word' id='word_1_338' title='bbox 2525 4189 2683 4264; x_wconf 84' lang='lat' dir='ltr'>quod</span> 
     </span>
     <span class='ocr_line' id='line_1_44' title="bbox 353 4275 1909 4350; baseline 0 -16"><span class='ocrx_word' id='word_1_339' title='bbox 353 4276 652 4350; x_wconf 87' lang='lat' dir='ltr'>sequitur,</span> <span class='ocrx_word' id='word_1_340' title='bbox 701 4275 1035 4334; x_wconf 86' lang='lat' dir='ltr'>membrum</span> <span class='ocrx_word' id='word_1_341' title='bbox 1082 4276 1449 4333; x_wconf 83' lang='lat' dir='ltr'>commodius</span> <span class='ocrx_word' id='word_1_342' title='bbox 1496 4276 1909 4334; x_wconf 88' lang='lat' dir='ltr'>introducitur.</span> 
     </span>
    </p>

    <p class='ocr_par' dir='ltr' id='par_1_12' title="bbox 360 4353 2685 4519">
     <span class='ocr_line' id='line_1_45' title="bbox 523 4353 2685 4436; baseline 0 -19"><span class='ocrx_word' id='word_1_343' title='bbox 523 4360 676 4418; x_wconf 90' lang='lat' dir='ltr'>Tum</span> <span class='ocrx_word' id='word_1_344' title='bbox 733 4381 790 4419; x_wconf 91' lang='lat' dir='ltr'>v.</span> <span class='ocrx_word' id='word_1_345' title='bbox 825 4361 944 4418; x_wconf 79' lang='lat'>219</span> <span class='ocrx_word' id='word_1_346' title='bbox 991 4362 1149 4418; x_wconf 86' lang='lat' dir='ltr'>recte</span> <span class='ocrx_word' id='word_1_347' title='bbox 1195 4360 1445 4418; x_wconf 88' lang='lat' dir='ltr'>offendit</span> <span class='ocrx_word' id='word_1_348' title='bbox 1487 4359 1838 4435; x_wconf 82' lang='lat' dir='ltr'>Hartungus</span> <span class='ocrx_word' id='word_1_349' title='bbox 1883 4360 1943 4418; x_wconf 93' lang='lat' dir='ltr'>in</span> <span class='ocrx_word' id='word_1_350' title='bbox 1990 4378 2132 4418; x_wconf 85' lang='lat' dir='ltr'>voce</span> <span class='ocrx_word' id='word_1_351' title='bbox 2179 4353 2536 4436; x_wconf 84' lang='grc' dir='ltr'><strong><em>δυσχόρτους</em></strong></span> <span class='ocrx_word' id='word_1_352' title='bbox 2579 4377 2685 4417; x_wconf 86' lang='lat' dir='ltr'>nec</span> 
     </span>
     <span class='ocr_line' id='line_1_46' title="bbox 360 4441 2684 4519; baseline -0.001 -17"><span class='ocrx_word' id='word_1_353' title='bbox 360 4444 500 4503; x_wconf 88' lang='lat' dir='ltr'>alibi</span> <span class='ocrx_word' id='word_1_354' title='bbox 549 4445 724 4505; x_wconf 82' lang='lat' dir='ltr'>obvia</span> <span class='ocrx_word' id='word_1_355' title='bbox 768 4449 832 4502; x_wconf 89' lang='lat' dir='ltr'>et</span> <span class='ocrx_word' id='word_1_356' title='bbox 877 4445 1027 4503; x_wconf 90' lang='lat' dir='ltr'>miro</span> <span class='ocrx_word' id='word_1_357' title='bbox 1054 4444 1231 4502; x_wconf 86' lang='lat' dir='ltr'>modo</span> <span class='ocrx_word' id='word_1_358' title='bbox 1263 4465 1394 4502; x_wconf 87' lang='lat' dir='ltr'>cum</span> <span class='ocrx_word' id='word_1_359' title='bbox 1427 4441 1634 4513; x_wconf 76' lang='grc' dir='ltr'><strong><em>οἴκους</em></strong></span> <span class='ocrx_word' id='word_1_360' title='bbox 1662 4446 1994 4502; x_wconf 76' lang='lat' dir='ltr'>coniuncta.</span> <span class='ocrx_word' id='word_1_361' title='bbox 2066 4446 2389 4519; x_wconf 74' lang='lat' dir='ltr'>Seidlerus,</span> <span class='ocrx_word' id='word_1_362' title='bbox 2436 4442 2684 4516; x_wconf 69' lang='lat' dir='ltr'>„oi‘xovg</span> 
     </span>
    </p>
   </div>
   <div class='ocr_carea' id='block_1_10' title="bbox 2717 3822 2780 3868">
    <p class='ocr_par' dir='ltr' id='par_1_13' title="bbox 2717 3822 2780 3868">
     <span class='ocr_line' id='line_1_47' title="bbox 2717 3822 2780 3868; baseline 0 0"><span class='ocrx_word' id='word_1_363' title='bbox 2717 3822 2780 3868; x_wconf 91' lang='grc'>21</span> 
     </span>
    </p>
   </div>
  </div>
 </body>
</html>
