3132 5129
1340 328 1806 392 ..334-

575 486 647 549 V
692 487 863 627 283τε
907 563 1102 670 βορὴν
1144 563 1336 626 ἐθέλει
1377 586 1519 644 μετα
1564 565 1820 644 χείλεσιν
1862 557 2059 637 αἶψα
2087 558 2435 641 πάσασθαι,

710 673 846 712 ουτε
889 657 1082 729 πιεῖν,
1127 642 1296 723 ὀλοὸς
1342 647 1410 710 δὲ
1455 647 1659 730 φέρειν
1702 647 1887 729 ζυγὸν
1930 647 2137 709 ἔπλετο
2179 648 2411 709 δοῦλον.

304 786 370 833 49
409 774 546 834 Non
591 773 782 848 video,
830 770 1131 848 quomodo
1176 772 1367 847 primo
1411 791 1590 833 versu
1634 771 1871 831 defendi
1915 772 2108 847 possit
2149 761 2325 842 αἶψα.
2412 770 2568 828 Nam
2618 789 2735 829 non

407 819 819 918 tantummodo
875 860 1102 927 statim,
1160 857 1265 916 sed
1319 859 1387 915 in
1441 875 1610 917 omne
1652 862 1876 931 tempus
1917 856 2247 933 hippagrus
2291 854 2487 914 cibum
2533 873 2739 930 capere

405 947 661 1003 recusat.
750 941 938 1000 Varia
980 942 1207 1001 tentari
1249 945 1532 1017 possunt,
1583 942 1686 1002 sed
1731 941 2232 1017 simplicissimum
2279 939 2547 1000 videtur·
2591 937 2734 1013 μετὰ

406 1026 659 1104 χείλεσιν
700 1017 776 1083 οἷ
784 1041 856 1084 σι
899 1020 1230 1085 πάσασθαι.
1307 1026 1541 1086 Omisso
1588 1030 1836 1103 propter
1879 1025 2355 1086 antecedentium
2399 1026 2735 1083 litterarum

406 1112 858 1257 εἰιιιιΙιῧιιᾱέιιῖοῗ
902 1103 1022 1169 οἷσι
1065 1113 1219 1171 male
1264 1113 1538 1188 suppleta
1582 1131 1710 1172 esse
1754 1111 1994 1172 videtur
2036 1112 2268 1171 lacuna.

848 1217 977 1273 sqq·

705 1276 904 1340 Ῥινὸν
946 1274 1012 1339 δ’
1055 1276 1478 1359 ἀμφοτέροισιν
1523 1276 1916 1339 ἐπικλείουσιν
1956 1273 2144 1338 ἆοιδοὶ

711 1361 1055 1445 ῥιγεδανόν·
1102 1373 1210 1425 τοῦ
1250 1363 1360 1444 μέν
1403 1387 1461 1425 τε
1505 1363 1831 1460 διατμήξας
1874 1361 2009 1444 περὶ
2054 1359 2276 1423 ποσσὶν

711 1449 767 1510 εἰ
803 1447 1073 1531 φορέοις,
1119 1447 1358 1531 φορέοις
1401 1442 1715 1510 σκυλάκων
1756 1447 1905 1529 μέγα
1949 1449 2122 1528 δεῖμα
2165 1469 2482 1525 κραταιων.

408 1572 590 1631 Recte
642 1570 1028 1631 Schneider-us
1081 1590 1154 1630 ex
1206 1572 1464 1631 Βνοάαεὶ
1517 1570 1929 1630 emendatione
1986 1575 2114 1628 τοῦ·
2169 1570 2438 1645 scripsit,
2492 1587 2602 1644 pro
2646 1586 2735 1645 eo,

410 1656 570 1731 quod
626 1656 691 1715 in
746 1656 918 1715 libris
962 1659 1083 1733 est,
1141 1656 1264 1733 τῆς.
1351 1656 1506 1715 Nam
1549 1655 1622 1715 de
1655 1657 1804 1730 pelle
1844 1657 2135 1731 hyaenae,
2190 1673 2313 1714 non
2357 1654 2430 1714 de
2471 1656 2606 1728 ipsa
2647 1654 2743 1713 hic

411 1760 602 1800 sermo
649 1743 759 1801 est.
818 1741 936 1800 Sed
980 1741 1143 1801 aliud
1188 1741 1401 1802 vitium
1446 1741 1706 1817 reliquit,
1753 1741 2026 1816 copulam
2057 1736 2137 1815 τέ,
2181 1759 2332 1815 quae
2360 1739 2526 1797 nullo
2565 1741 2742 1814 pacto

410 1826 507 1886 hic
551 1826 747 1885 locum
790 1826 1009 1885 habere
1053 1828 1269 1902 potest.
1336 1826 1461 1885 Nec
1504 1828 1785 1902 praestat,
1832 1825 1991 1901 quod
2028 1825 2419 1901 *Schneidcrus
2462 1823 2742 1884 coniecit:

409 1928 511 1987 γε.
601 1910 673 1969 Ιιι
718 1910 843 1970 cod.
889 1909 1081 1969 Vatic.
1126 1911 1376 1987 legitur:
1436 1914 1559 1982 τοῖς
1603 1903 1805 1987 μέντοι
1826 1952 1845 1987 ,
1904 1910 2063 1987 quod
2106 1910 2381 1986 proprius
2424 1909 2499 1969 ad
2542 1928 2745 1970 veram

411 1996 767 2070 scripturam
810 1995 1059 2055 accedit.
1105 1994 1374 2071 Scriptor
1417 1997 1576 2056 enim
1619 1991 1732 2073 μέν
1777 2016 1841 2053 τι
1886 1998 2181 2072 posuerat.

715 2159 908 2243 Χροιὴ
953 2157 1008 2222 δ’
1057 2156 1329 2244 ἀργυφέη
1373 2167 1614 2244 σελαγεῖ
1644 2160 1905 2244 πλευράς
1948 2185 2009 2224 τε
2053 2161 2156 2223 καὶ
2199 2158 2409 2241 οὖρήν.

409 2285 792 2345 Schneidms
835 2285 1180 2361 adscripsit:
1228 2287 1514 2362 ,,σελαγεῖ
1547 2285 1789 2346 videtur
1830 2286 2086 2345 activam
2119 2285 2239 2344 vim
2282 2283 2502 2343 habere
2532 2284 2744 2342 contra

415 2389 640 2429 morem
686 2370 862 2430 huius
892 2374 1100 2445 poetae
1146 2373 1208 2428 et
1236 2368 1551 2429 aliorum.“
1626 2370 1709 2429 Et
1730 2371 1841 2430 hoc
1870 2371 2089 2428 mirum
2118 2373 2237 2444 est,
2285 2371 2348 2427 et
2377 2368 2547 2444 illud,
2583 2368 2742 2444 quod

410 2456 472 2514 in
503 2456 782 2515 membris
811 2474 947 2514 cum
977 2453 1470 2514 antecedentibus
1500 2458 1631 2513 tum
1674 2454 2173 2530 subsequentibus
2202 2454 2380 2530 lupus
2411 2454 2745 2513 subiectum

413 2542 535 2616 est,
581 2540 692 2600 hoc
735 2559 914 2600 versu
958 2543 1158 2600 autem
1204 2541 1386 2600 color.
1461 2540 1842 2601 Restituendi
1873 2544 2016 2601 sunt
2046 2540 2267 2600 dativi:
2315 2546 2486 2621 χροιῇ
2531 2530 2591 2598 δ’
2638 2532 2745 2617 ἆρ-

412 2621 607 2706 γυφὲῃ
650 2627 891 2701 σελαγεῖ
924 2629 1039 2686 etc.

580 2709 653 2771 V.
702 2710 824 2770 338
856 2729 942 2785 sq.

649 2811 654 2816 ·
723 2793 918 2866 Θῶες·
967 2787 1117 2872 ὁμοῦ
1163 2790 1227 2853 δὲ
1270 2790 1518 2874 φέρουσι
1562 2793 1815 2854 διπλοῦν
1857 2790 2299 2902 μεμορυγμὲνον
2339 2791 2557 2872 ἄνθος,

715 2875 934 2957 μητέρα
979 2878 1090 2956 μὲν
1134 2878 1384 2959 ῥινοῖσι,
1428 2875 1771 2960 προσώποις
1819 2875 1880 2939 δ’
1927 2871 2011 2940 αὖ
2055 2887 2356 2959 γενετῆρα.

414 2999 609 3058 Thotis
653 2998 769 3058 dici
812 3002 1065 3074 possunt
1108 3002 1361 3059 matrem
1402 3000 1689 3076 pellibus,
1736 3003 1968 3077 patrem
2010 3019 2110 3060 ore
2130 3002 2403 3076 prodere,
2448 3017 2571 3059 non
2601 3016 2742 3060 vero

411 3084 582 3156 ferre.
650 3083 791 3142 Sine
834 3084 1013 3144 dubio
1059 3089 1198 3161 post
1240 3088 1572 3144 extremum
1616 3105 1768 3146 unus
1813 3087 1994 3163 periit
2036 3105 2260 3161 versus,
2306 3103 2423 3161 quo
2467 3085 2741 3160 pluribus

414 3188 482 3227 ea
526 3170 656 3311 ip&
690 3170 994 3312 ἓὲιὲιοιιίιίο
1037 3173 1168 3230 erat
1214 3170 1527 3246 explicata.

713 3330 1059 3415 Ἀγχίμολον
1101 3334 1393 3398 θανάτοιο
1436 3328 1571 3399 τεὸν
1614 3337 1797 3418 δέμας
1839 3331 2073 3418 ἀμφὶς
2119 3336 2363 3418 ἐρείσας.

313 3450 381 3499 50
414 3441 715 3517 Explicari
760 3441 970 3516 nequit
1011 3435 1220 3517 ἀμφίς,
1264 3443 1571 3519 totiusque
1616 3443 1731 3502 loci
1777 3444 2128 3502 sententiam
2172 3442 2463 3518 pervertit
2504 3441 2747 3502 Εἰλιονε-

414 3528 620 3585 husius
648 3525 968 3586 vertendo:
1012 3528 1272 3600 undiquc
1296 3529 1571 3599 firmans,
1633 3527 1853 3587 Sensus
1885 3528 2103 3603 potius,
2151 3529 2200 3588 si
2235 3528 2503 3588 omiseris
2531 3520 2739 3604 ἀμφίς,

414 3611 510 3669 hic
554 3629 681 3669 esse
725 3609 934 3669 debet:
982 3613 1240 3671 vicinum
1281 3614 1483 3672 monis
1525 3618 1693 3672 tuum
1736 3630 1944 3686 corpus
1985 3614 2331 3682 immittens,
2388 3613 2425 3670 i.
2474 3632 2523 3671 e.
2572 3615 2747 3671 tuum

417 3714 630 3770 corpus
685 3696 749 3753 in
805 3696 1020 3755 mortis
1063 3696 1433 3757 vicinitatem
1478 3699 1826 3757 immittens,
1916 3697 2042 3756 Iam
2089 3701 2361 3774 apparet,
2421 3696 2595 3773 quale
2650 3695 2747 3755 ad-

415 3780 689 3841 verbium
736 3780 1088 3856 requiratur.
1178 3779 1573 3860 Cynegeticus
1619 3782 1973 3858 scripserat.
2017 3779 2233 3859 ἄχρις
2279 3778 2526 3861 ἐρείσας.

712 3943 921 4018 Ἀσπις
966 3943 1024 4008 δ’
1075 3942 1319 4029 ιὀφόρον
1362 3946 1654 4010 πελάσασ’
1702 3947 1905 4031 ἤειρε
1950 3942 2237 4030 κᾶρηνον.

415 4051 529 4110 Hic
574 4069 780 4111 versus
824 4051 912 4109 ita
955 4071 987 4110 e
1030 4051 1252 4112 Parias.
1296 4054 1470 4113 codd.
1515 4054 1713 4114 editus
1759 4057 1867 4114 est.
1955 4053 2075 4113 Sed
2118 4054 2235 4114 alio
2266 4053 2478 4113 ducere
2509 4053 2750 4114 videtur

418 4155 569 4212 quae
614 4138 853 4194 enotata
896 4138 989 4195 est
1033 4137 1363 4213 scripturae
1394 4139 1814 4215 discrepantia.
1874 4137 2071 4214 Vulgo
2102 4140 2261 4198 enim
2292 4142 2500 4215 aperto
2533 4139 2748 4198 mendo

415 4221 752 4296 legebatur.
796 4215 1123 4280 πελασαντ’
1167 4219 1352 4300 ἤειρε,
1400 4223 1595 4284 Vatic.
1613 4223 1958 4301 ,Sylburg.
2006 4227 2066 4284 et
2111 4223 2345 4284 Schotti
2392 4224 2521 4284 cod.
2566 4218 2748 4294 πέλας

412 4297 696 4384 ἆντήειρε.
780 4306 902 4367 Has
944 4305 1228 4368 lectiones
1249 4311 1641 4414 comparanti
1686 4308 2186 4369 verisimillimum
2217 4309 2472 4386 videtur,
2520 4309 2752 4370 dedisse

412 4393 684 4466 poetam:
731 4386 1055 4450 πελάσασ’
1101 4383 1264 4451 ἄντ’
1314 4385 1442 4475 ᾖρε
1485 4412 1769 4473 καρηνον.
