3132 5129
1296 394 1748 457 -277—

351 558 415 613 et
461 554 835 613 997-1001
899 551 1025 611 sive
1071 552 1192 611 997
1225 571 1315 627 sq.
1376 570 1509 610 cum
1573 553 2017 626 1000—1002,
2073 551 2232 611 solos
2288 551 2691 627 quiniones

349 638 485 697 hos:
533 638 890 711 958-962,
939 638 1060 695 963
1108 656 1243 696 cum
1291 637 1650 711 965—968‚
1699 637 2034 696 979-983
2081 631 2182 716 (de
2215 637 2481 713 quoiam
2512 655 2692 712 supra

351 718 698 800 admonui),
753 723 1188 796 1003—1007‚
1241 722 1674 782 1008-1010·
1705 740 1838 781 cum
1888 723 2049 781 1017
2082 741 2210 797 sq.‚
2272 722 2687 782 1011-1013

349 826 482 867 cum
539 809 697 869 1015
730 826 853 883 sq.,
902 807 1123 866 omisso
1176 807 1338 866 1014

660 920 996 1003 Τηλέγονόν
1039 945 1097 983 τε
1143 921 1328 983 ἔτικτε
1372 922 1473 983 διὰ
1521 920 1779 1002 χρυσέην
1815 920 2213 1002 Ἀφροδίτην,

348 1046 451 1122 qui
500 1046 618 1104 iam
661 1045 828 1103 hiatu
874 1046 1053 1119 atque
1098 1063 1372 1104 sermone
1417 1044 1871 1122 interpolatoris
1915 1063 2156 1103 manum
2201 1044 2405 1119 prodit
2446 1044 2687 1105 notissi-

350 1151 514 1189 mum
560 1129 754 1189 Ulixis
799 1128 988 1187 filium
1034 1147 1170 1188 cum
1215 1129 1502 1190 fratribus
1547 1149 1621 1188 ex
1662 1129 1778 1188 alio
1811 1130 2018 1206 mytho
2067 1129 2400 1204 desumptis
2445 1130 2684 1188 coniun-

349 1217 568 1292 gentis.
643 1214 769 1274 Nec
814 1214 961 1289 quin
1007 1214 1221 1273 ultima
1264 1216 1539 1291 stropha,
1599 1234 1777 1290 quam
1821 1216 1884 1273 in
1930 1214 2122 1272 media
2167 1215 2467 1273 sententia
2518 1214 2687 1273 hian-

349 1305 470 1358 tem
516 1299 832 1374 habemus,
879 1301 1156 1374 quinaria
1199 1300 1381 1358 fuerit
1425 1300 1690 1359 dubitari
1735 1301 1953 1375 potest.

520 1383 674 1452 Quid
728 1383 887 1459 quod
944 1384 1189 1443 eandem
1248 1385 1606 1461 strophicam
1653 1385 2142 1459 compositionem
2209 1386 2386 1443 etiam
2447 1385 2511 1442 in
2562 1404 2683 1443 car·

349 1469 613 1528 minibus
658 1469 886 1528 alteri
931 1470 1160 1529 classi
1206 1470 1590 1530 accensendis
1648 1470 1962 1530 observare
2021 1468 2202 1527 licet?
2277 1470 2422 1527 Eius
2481 1470 2684 1528 classis

348 1554 606 1630 primum
651 1558 745 1614 est
788 1554 987 1615 brevis
1032 1553 1133 1612 ille
1181 1556 1283 1614 sed
1328 1554 1573 1632 elegans
1619 1554 1876 1630 hymnus
1925 1587 2003 1596 -—
2052 1554 2135 1611 ita
2179 1553 2337 1612 enim
2382 1555 2685 1629 appellare

348 1639 492 1699 licet
522 1672 606 1682 -
649 1639 722 1698 de
768 1638 999 1715 Styge
1044 1640 1291 1716 eiusque
1336 1639 1608 1698 liberis
1653 1659 1688 1697 a
1732 1640 1875 1699 Iove
1904 1657 2122 1715 magno
2167 1638 2392 1699 honore
2435 1639 2684 1713 affectiS,

350 1744 385 1783 a
427 1743 546 1799 quo
594 1724 742 1783 duos
788 1727 1124 1801 postremos
1168 1743 1376 1784 versus
1420 1726 1545 1783 402
1580 1743 1668 1799 sq.

603 1836 686 1912 ὣς
730 1837 794 1900 δ’
842 1837 1044 1913 αὔτως
1088 1836 1373 1901 πάντεσσι
1417 1838 1763 1920 διαμπερές,
1809 1837 1893 1912 ὥς
1937 1820 2047 1919 πέερ
2090 1835 2354 1919 ὑπέστη,

604 1922 956 1999 {getii-566⁹·
1002 1919 1185 1997 αὐτὸς
1229 1922 1296 1985 δὲ
1339 1923 1486 2005 μέγα
1529 1930 1739 2005 κρατεῖ
1776 1921 1883 2003 ἠδὲ
1927 1922 2197 1985 ἀνάσσει.

349 2048 627 2122 primitus
673 2048 934 2107 abfuisse
979 2066 1113 2106 cum
1157 2048 1423 2123 ipsorum
1456 2049 1874 2123 argumentum
1920 2047 2097 2105 nimis
2139 2047 2417 2123 generale
2462 2047 2688 2123 doceat,

348 2135 463 2191 iam
508 2132 626 2190 duo
685 2136 915 2192 restant
971 2133 1379 2207 quiniones
1443 2131 1905 2191 absolutissimi:
1980 2133 2314 2190 392-396
2374 2136 2435 2189 et
2480 2134 2686 2191 397—

347 2219 493 2277 401.
569 2217 799 2287 Quibus
844 2221 967 2276 tres
1011 2218 1110 2291 qui
1160 2217 1524 2291 praecedunt
1570 2235 1776 2275 versus
1820 2218 2151 2275 389—391
2187 2235 2335 2292 quos
2379 2222 2691 2291 praeterea

348 2302 694 2361 coniunctos
740 2301 1058 2361 habuerint
1114 2302 1189 2360 ad
1248 2302 1465 2360 iustam
1513 2301 1820 2376 stropham
1877 2300 2259 2375 explendam,
2317 2300 2512 2360 dicere
2572 2302 2687 2359 dif-

349 2386 500 2446 ficile
544 2391 666 2462 est,
715 2387 997 2463 quoniam
1043 2387 1250 2463 hymni
1307 2386 1543 2445 initium
1590 2405 1723 2444 cum
1772 2386 2151 2461 Theogoniae
2196 2385 2393 2444 verbis
2440 2387 2686 2444 coaluit:

351 2474 507 2531 certe
555 2475 618 2530 et
664 2472 786 2531 386
833 2476 936 2530 aut
979 2491 1113 2529 cum
1157 2472 1280 2530 387
1339 2475 1445 2530 aut
1501 2490 1636 2530 cum
1683 2473 1805 2530 388
1862 2471 2166 2546 praemitti
2222 2489 2331 2529 nec
2384 2470 2511 2529 fieri
2567 2490 2687 2530 non

351 2559 584 2633 potuit,
635 2562 701 2615 ut
745 2559 880 2633 post
925 2558 1046 2616 388
1092 2576 1245 2617 unus
1293 2577 1495 2616 versus
1541 2557 1806 2633 perierit.
1882 2556 2005 2615 Nec
2052 2575 2191 2615 vero
2236 2555 2476 2617 silentio
2522 2576 2686 2632 prae-

350 2642 801 2701 termittendum
851 2661 1081 2701 omnem
1129 2643 1286 2701 hunc
1341 2642 1413 2701 de
1460 2642 1650 2718 Styge
1696 2643 1942 2718 eiusque
1988 2641 2192 2701 liberis
2237 2641 2431 2701 locum
2479 2643 2682 2700 383-

349 2730 468 2788 401
523 2728 740 2787 omisso
791 2746 910 2786 uno
955 2746 1130 2785 versu
1176 2729 1298 2787 398

609 2822 729 2887 σὺν
770 2832 1014 2905 σφοῖσιν
1058 2825 1333 2887 παίδεσσι
1380 2826 1602 2902 φίλου
1659 2820 1772 2885 διὰ
1816 2825 2057 2904 μήδεα
2099 2826 2402 2904 πατρός,

348 2932 454 3007 qui
504 2949 613 2989 nec
655 2933 1019 2991 necessarius
1066 2935 1160 2992 est
1190 2934 1251 2990 et
1287 2931 1552 2990 clausula
1596 2950 1703 2990 sua
1746 2931 2053 3007 paululum
2102 2949 2235 2988 cum
2284 2931 2405 2989 389
2450 2924 2532 3001 ὥς
2576 2920 2686 3008 γάρ

348 3012 752 3088 ἐβούλευσε
785 3013 978 3088 Στὺξ
1012 3035 1277 3093 pugnare
1311 3016 1577 3091 videtur,
1627 3017 1805 3075 etiam
1838 3015 2222 3074 ternariae
2270 3017 2490 3074 rationi
2522 3036 2685 3091 egre-

346 3101 448 3175 gie
492 3103 810 3160 convenire
854 3121 954 3161 sex
1000 3103 1275 3178 strophas
1320 3100 1502 3176 probe
1534 3101 1847 3161 distinctas
1879 3101 2279 3175 complexum:
2331 3102 2684 3160 383-385.

349 3186 706 3245 386—388.
756 3188 1109 3246 389-391.
1158 3187 1516 3244 392-394.
1566 3187 1922 3244 395-397.
1974 3187 2157 3243 399-
2183 3187 2326 3244 401.

521 3269 803 3334 Eiusdem
848 3274 908 3329 et
952 3271 1263 3348 religionis
1308 3274 1370 3328 et
1415 3271 1536 3329 fere
1568 3272 1806 3346 generis
1852 3289 1959 3329 nec
2004 3272 2203 3328 tamen
2250 3271 2514 3329 eiusdem
2559 3290 2681 3327 ma-

347 3374 461 3414 nus
504 3358 597 3414 est
640 3356 740 3414 ille
788 3356 887 3431 qui
935 3357 1094 3414 infra
1123 3376 1178 3414 v.
1215 3356 1546 3414 775—806
1582 3357 1652 3413 de
1685 3355 1918 3431 Styge
1963 3354 2208 3430 eiusque
2254 3374 2442 3430 aqua
2486 3355 2681 3412 iurau-

346 3441 510 3499 tibus
554 3439 667 3499 diis
713 3441 1186 3515 pertimescenda
1229 3441 1393 3499 locus
1439 3440 1691 3516 legitur,
1740 3441 1813 3499 de
1861 3458 1978 3515 quo
2025 3439 2182 3497 infra
2226 3440 2470 3500 dicetur.
2560 3439 2679 3498 Sed

345 3524 680 3584 accuratius
723 3527 818 3585 bic
872 3525 1294 3585 examinandus
1339 3526 1739 3584 conclamatus
1797 3524 1898 3582 ille
1942 3525 2006 3583 in
2055 3523 2384 3583 Hecaten
2429 3524 2686 3600 hymnus

348 3610 717 3684 411-452,
764 3631 939 3686 quem
971 3611 1504 3686 Goettlingius
1537 3629 1607 3668 ex
1639 3609 1860 3685 Heynii
1892 3608 2189 3668 sententia
2221 3610 2466 3684 antiquo
2499 3609 2685 3668 Theo-

350 3695 566 3771 goniae
612 3697 841 3755 auctori
886 3696 1290 3754 abiudicatum
1339 3699 1573 3753 tantum
1619 3713 1896 3754 versuum
1926 3694 2282 3751 411-415,
2329 3696 2687 3752 421-426,

349 3780 686 3837 428--452
711 3799 837 3840 esse
862 3781 1069 3856 voluit,
1098 3781 1315 3856 quibus
1336 3780 1490 3838 alter
1507 3782 1683 3855 poeta
1707 3783 1846 3854 post
1868 3780 1989 3835 425
2017 3778 2318 3837 addiderit
2339 3779 2458 3835 427
2477 3776 2577 3836 καὶ
2599 3775 2687 3855 γέ·-

348 3885 455 3938 ρας
492 3859 561 3921 ἕν
604 3863 746 3944 γαίῃ
791 3885 848 3923 τε
879 3862 978 3923 καὶ
1024 3860 1264 3945 οὐρανῷ
1294 3858 1401 3941 ἠδὲ
1433 3859 1708 3944 θαλάσσῃ
1741 3882 1975 3922 versum
2019 3881 2088 3921 eo
2118 3882 2238 3939 quo
2280 3881 2435 3922 nunc
2468 3864 2687 3939 legitur

349 3950 480 4008 loco
511 3967 548 4005 a
576 3951 812 4008 nemine
837 3951 1157 4009 toleratum
1182 3954 1244 4008 et
1268 3955 1406 4025 post
1429 3951 1552 4008 428
1577 3951 1839 4025 quinque
1864 3967 2071 4007 versus
2095 3949 2452 4007 416-420.
2503 3947 2687 4007 Cuius

348 4033 422 4092 de
468 4034 703 4093 duobus
746 4034 956 4111 hymni
1001 4035 1197 4110 poetis
1239 4036 1639 4109 suspicionem
1683 4052 1802 4093 non
1834 4036 2071 4093 secutus
2101 4035 2333 4091 tantum
2368 4033 2472 4091 sed
2503 4035 2686 4092 etiam

349 4120 682 4178 accuratius
728 4126 1072 4194 persecutus
1115 4120 1217 4195 qui
1265 4119 1522 4193 simplici
1565 4119 1672 4176 illa
1714 4120 1851 4177 crisi
1883 4118 2280 4178 turbatissimi
2311 4118 2686 4177 emblematis

349 4222 609 4262 summas
676 4204 1076 4281 plurimasque
1144 4204 1528 4263 difficultates
1595 4204 1839 4263 minime
1904 4203 2039 4262 tolli
2105 4203 2323 4279 optime
2383 4203 2688 4278 perspexit

349 4286 777 4347 Gerhardus
822 4291 1084 4364 primum
1115 4289 1528 4347 dissertatione
1558 4287 1808 4348 Vestrae
1847 4288 2199 4348 Academiae
2245 4290 2685 4348 commentariis

349 4393 405 4432 a.
457 4373 611 4431 1851
664 4374 883 4433 mensis
931 4373 1072 4431 Maii
1117 4393 1175 4449 p.
1218 4373 1338 4432 291
1373 4393 1506 4450 sqq.
1551 4377 1731 4450 atque
1775 4373 1997 4432 annall.
2045 4375 2323 4449 antiquit.
2372 4373 2526 4434 Nov.
2561 4374 2688 4433 Ser.
2718 4380 2787 4427 30

347 4457 400 4515 X
445 4457 669 4537 (1852)
729 4479 785 4535 p.
848 4460 927 4517 97
947 4491 1026 4501 -·
1051 4461 1161 4516 111
1223 4459 1450 4518 inserta
1504 4459 1716 4519 deinde
1778 4461 2275 4519 commentatione
2333 4460 2572 4518 laudata
2624 4480 2683 4534 p.
