3132 5129
1459 1256 1602 1345 III.

790 1451 881 1519 De
922 1448 1160 1519 Iliadis
1200 1449 1615 1518 carminibus
1655 1448 2048 1519 dissertatio
2085 1442 2267 1539 111¹).

546 1620 680 1679 Hoc
723 1622 930 1679 libello
975 1622 1037 1679 et
1080 1621 1179 1697 qui
1227 1640 1360 1679 eum
1408 1622 1672 1696 proxime
1702 1621 1964 1679 secuturi
1995 1623 2136 1678 sunt
2164 1619 2398 1677 animus
2430 1620 2523 1676 est
2552 1636 2701 1691 opus
2731 1622 2762 1669 3

366 1725 486 1764 non
551 1709 678 1763 tam
733 1707 1073 1764 incohatum
1130 1706 1435 1765 absolvere
1493 1726 1672 1781 quam
1730 1705 1890 1763 domi
1933 1706 2052 1762 iam
2099 1704 2323 1762 dudum
2368 1703 2704 1761 absolutum

364 1790 608 1865 publico
668 1790 888 1849 iudicio
944 1809 1288 1866 proponere.
1384 1791 1802 1860 Quaestionem
1863 1789 1993 1847 dico
2051 1789 2122 1847 de
2179 1787 2569 1858 carminibus,
2637 1805 2706 1844 ex

363 1875 580 1950 quibus
612 1875 756 1934 Ilias
795 1877 1128 1950 composita
1171 1880 1280 1946 est,
1329 1875 1806 1933 Lachmanno
1853 1874 1999 1932 duce
2044 1873 2491 1943 instituendam,
2539 1872 2705 1929 cuius

360 1960 730 2034 quaestionis
762 1979 893 2018 cum
925 1961 1150 2034 priores
1181 1964 1414 2018 tantum
1449 1960 1594 2017 duas
1629 1959 1967 2035 particulas,
2015 1960 2266 2016 alteram
2314 1958 2396 2015 de
2430 1955 2706 2015 Iliadis

364 2045 413 2100 Β
463 2046 741 2103 1—483
800 2046 1047 2102 alteram
1105 2045 1187 2101 de
1242 2045 1572 2120 genuina
1637 2044 1967 2119 catalogi
2025 2043 2401 2101 Homerici
2468 2040 2707 2098 forma

362 2134 660 2204 agentem,
709 2130 825 2186 iam
872 2148 923 2187 a.
964 2132 1125 2188 1850
1155 2133 1215 2186 et
1245 2148 1295 2187 a.
1336 2130 1496 2188 1853
1543 2129 1962 2204 evulgaverim,
2009 2133 2077 2186 ut
2118 2146 2276 2186 nunc
2320 2129 2466 2186 hanc
2498 2127 2704 2202 ipsam,

363 2233 479 2289 qua
522 2215 682 2273 viam
728 2213 830 2271 diu
875 2214 1223 2289 saepiusque
1268 2215 1551 2272 calcatam
1597 2214 1794 2288 palam
1842 2213 2173 2289 ingredior,
2230 2213 2706 2272 dissertationem

358 2316 478 2357 non
524 2299 783 2372 primam
830 2299 933 2357 sed
977 2299 1280 2357 tertiam
1326 2299 1628 2374 appellare
1682 2317 1812 2356 meo
1868 2300 1997 2357 iure
2053 2299 2197 2356 mihi
2254 2298 2457 2369 liceat,
2514 2301 2707 2356 totam

364 2402 490 2441 rem
534 2383 674 2441 inde
720 2384 795 2441 ab
840 2384 946 2441 illo
991 2387 1261 2459 tempore
1305 2383 1581 2457 repetitis
1615 2383 1827 2441 studiis
1858 2384 1944 2441 ita
1975 2384 2356 2458 pertractavi,
2402 2387 2487 2454 ut,
2535 2382 2703 2458 quid·

364 2468 508 2543 quid
555 2468 801 2543 proprio
848 2468 1038 2526 Marte
1091 2486 1203 2543 ego
1247 2467 1489 2542 quidem
1536 2470 1840 2542 praestare
1885 2468 2138 2542 possim,
2200 2468 2314 2525 iam
2361 2486 2497 2525 vere
2542 2486 2707 2542 prae-

363 2553 592 2612 stitisse
654 2552 803 2611 mihi
856 2552 1090 2612 videar.
1183 2550 1338 2622 Quid
1403 2552 1564 2628 quod
1630 2552 1726 2611 vel
1793 2553 1853 2611 in
1911 2552 2181 2629 Odyssea
2244 2550 2707 2628 „discerpenda“

367 2656 605 2713 operam
652 2637 810 2696 haud
857 2638 1307 2710 infructuosam,
1355 2644 1422 2697 ut
1465 2656 1672 2712 spem,
1721 2658 1814 2696 me
1858 2638 2179 2697 collocasse
2224 2636 2510 2696 confiteor
2551 2636 2708 2695 haud

362 2723 687 2781 deterritus
746 2721 1060 2797 Gorgoneo
1124 2722 1518 2781 Schoemanni
1575 2722 1800 2794 edict0,
1857 2742 1975 2798 quo
2030 2723 2132 2781 ille
2188 2722 2526 2795 insipientis
2583 2740 2710 2781 esse

363 2807 785 2882 pronuntiavit
840 2805 1170 2882 Odysseam
1229 2827 1260 2865 e
1316 2807 1718 2883 complurium
1771 2812 2080 2883 poetarum
2136 2807 2496 2866 carminibus
2555 2825 2708 2865 com·

364 2893 630 2966 positam
677 2895 925 2965 putare,
986 2910 1119 2950 cum
1163 2891 1346 2950 sciam
1392 2886 1762 2969 ὠμογέροντα
1806 2893 2284 2952 strenuissimum
2330 2891 2579 2951 calidius
2621 2891 2710 2950 in·

363 2976 600 3034 ter-dum
649 2976 1151 3052 imperiosiusque
1196 2976 1414 3035 iudicia
1458 2996 1566 3035 sua
1609 2977 1898 3051 proferre.
1987 2976 2122 3048 Sed,
2169 2976 2367 3048 „sicut
2410 2995 2575 3034 meus
2621 2979 2715 3034 est

364 3063 539 3140 mos‘f
581 3093 667 3102 —
712 3061 971 3119 multum
1029 3062 1268 3137 quidem
1327 3062 1430 3119 ille
1485 3061 1810 3121 abhorrens
1855 3063 1929 3120 ab
1976 3081 2045 3120 ea
2087 3062 2262 3120 huius
2305 3058 2528 3121 saeculi
2579 3081 2712 3121 con-

367 3145 705 3217 suetudine,
756 3164 875 3220 qua
918 3146 1031 3204 viri
1079 3146 1235 3204 docti
1283 3145 1563 3221 opificum
1606 3145 1897 3205 Italorum
1943 3147 2131 3205 instar
2174 3148 2342 3222 quasi
2379 3147 2441 3205 in
2472 3147 2711 3222 publico

365 3230 645 3288 laborare
691 3231 902 3301 solent,
950 3232 1035 3300 ut,
1084 3231 1443 3305 simulatque
1490 3232 1595 3288 aut
1638 3232 1972 3290 emendatio
2016 3236 2120 3289 aut
2149 3233 2567 3305 interpretatio
2598 3231 2711 3290 loci

367 3315 765 3390 undecunque
809 3314 984 3389 petiti
1030 3317 1403 3386 successerit,
1464 3334 1594 3373 eam
1640 3317 1951 3375 annalibus
1997 3316 2092 3374 vel
2137 3316 2364 3375 diurnis
2408 3316 2713 3375 litterariis

371 3399 637 3458 inserere
681 3411 1012 3473 properent
1059 3430 1170 3471 ——,
1218 3402 1606 3475 posteaquam
1652 3419 1779 3459 rem
1823 3420 2022 3460 meum
2068 3402 2141 3459 ad
2189 3401 2426 3459 libitum
2487 3420 2713 3459 meum-

366 3503 484 3558 que
542 3484 605 3542 in
664 3502 839 3542 usum
895 3483 1223 3543 absolvisse
1279 3484 1423 3541 mihi
1468 3485 1740 3558 videbar,
1791 3485 1978 3543 abieci
2025 3505 2150 3544 eam
2197 3485 2270 3544 ad
2316 3487 2430 3544 alia
2471 3486 2715 3561 negotia

377 3576 884 3643 transgressurus,
928 3586 1039 3626 neo
1067 3588 1177 3643 per
1219 3568 1324 3627 hos
1368 3587 1554 3626 annos
1601 3569 1792 3629 adhuc
1836 3571 2152 3646 impetrare
2196 3590 2230 3628 a
2274 3590 2369 3629 me
2413 3572 2600 3646 potui,
2648 3575 2716 3647 ut

356 3653 572 3726 ‘taedio
619 3652 858 3728 singula
901 3652 1248 3711 elaboraudi
1295 3657 1472 3728 atque
1516 3655 1890 3727 perpoliendi
1937 3657 2095 3714 victo
2128 3656 2351 3731 publici
2380 3656 2528 3732 iuris
2559 3656 2710 3713 face·

373 3757 502 3795 rem
550 3738 999 3795 lucubrationes
1042 3755 1163 3795 non
1208 3739 1436 3796 minore
1480 3737 1682 3796 labore
1726 3760 1901 3814 quam
1949 3760 2144 3800 amore
2191 3741 2291 3799 diu
2337 3739 2712 3814 multumque

374 3825 677 3879 tractatae.
768 3821 849 3879 Et
904 3840 1003 3880 eas
1061 3821 1289 3880 diutius
1344 3822 1522 3880 etiam
1581 3823 1830 3884 fortasse
1888 3826 1947 3883 in
1991 3845 2213 3884 nonum
2259 3841 2444 3898 usque
2490 3841 2709 3882 annum

374 3907 466 3964 vel
512 3906 663 3963 adeo
708 3925 886 3981 supra
930 3924 1060 3963 eum
1109 3906 1303 3980 plutei
1349 3906 1464 3963 mei
1508 3909 1725 3968 arculis
1769 3911 2133 3986 pressissem,
2177 3908 2312 3979 nisi,
2361 3910 2430 3964 ut
2473 3907 2712 3966 tandem

372 3991 694 4064 aliquando
725 3991 862 4048 huic
907 3991 1032 4049 sive
1077 3991 1383 4065 „sepultae
1430 3992 1721 4051 inertiae“
1768 3996 1893 4053 sive
1940 3994 2241 4064 ,‚celatae“
2287 3993 2713 4050 temeritati

377 4106 451 4115 —
486 4094 669 4149 quam
697 4093 773 4134 ne
820 4075 1108 4133 felicem
1157 4075 1395 4151 quidem
1439 4074 1587 4134 mihi
1633 4096 1741 4152 pro
1787 4077 2075 4137 virtute
2119 4077 2310 4136 inesse
2357 4080 2420 4135 et
2450 4077 2712 4136 clamita-

374 4165 592 4218 verunt
637 4159 817 4217 multi
864 4162 925 4216 et
967 4159 1358 4218 clamitabunt
1393 4192 1462 4201 -
1499 4159 1677 4219 finem
1724 4164 2106 4237 imponerem,
2153 4162 2270 4219 iam
2315 4167 2380 4222 et
2409 4163 2537 4238 ipsa
2566 4165 2715 4221 tem·

377 4264 525 4318 pora
565 4247 633 4302 et
674 4262 839 4301 meae
882 4244 1139 4303 rationes
1184 4245 1650 4303 admonuissent.

512 4411 566 4471 1)
604 4406 810 4477 [Index
844 4406 997 4460 lectt.
1034 4405 1088 4460 in
1126 4408 1233 4463 litt.
1271 4407 1422 4462 univ,
1445 4408 1632 4466 Turic.
1661 4371 1801 4464 'inde
1839 4428 1874 4465 a
1907 4407 1958 4464 d.
1999 4407 2117 4464 XV.
2144 4429 2217 4464 m.
2255 4413 2387 4479 Apr.
2425 4427 2602 4480 usque
2638 4409 2713 4463 ad

381 4474 432 4527 d.
466 4475 585 4532 XV.
627 4493 700 4529 m.
741 4475 984 4543 Augusti
1020 4474 1415 4529 MDCCCLVH
1451 4477 1884 4549 habendarum]

476 4570 724 4619 Κὸοὺιγ,
758 4569 1006 4610 Schriften·
1062 4571 1101 4608 1.
2279 4570 2312 4617 4
