3132 5129
1256 394 1712 457 -411—

321 552 419 610 Sic
448 551 543 610 ed.
576 570 666 626 pr.
700 554 763 610 et
792 552 872 610 M.
921 551 1119 611 Graes.
1153 572 1221 610 ex
1250 553 1578 611 Hermanni
1611 551 1948 611 coniectura
1974 548 2156 631 μέγα
2187 556 2236 610 λ.
2275 554 2482 612 edidit.
2532 553 2650 613 Sed

319 636 567 696 Nonnus
610 656 734 694 ατε
777 633 947 713 λήιον
991 638 1337 713 scripserat:
1385 637 1461 697 cf.
1508 636 1698 712 XVII,
1751 638 1867 696 155
1901 658 1990 713 sq.

621 748 704 824 ὥς
749 752 976 831 στάχυν
1017 748 1305 833 ὑσμίνης,
1351 749 1433 825 ὥς
1481 748 1780 831 δράγματα
1825 754 2130 831 δηιοτῆτος

625 836 970 916 δυσμενέων
1012 837 1204 917 ἤμησε
1246 837 1425 919 γονὰς
1465 833 1830 919 γαμψώνυχι
1872 843 2097 923 χαλκῳ.

486 942 639 1001 Ibid.
685 944 807 1003 306
840 962 931 1017 sq.

624 1060 698 1069 —-
796 1059 864 1068 ——-
960 1060 1043 1067 ——
1128 1019 1547 1104 προϊσχόμενος
1594 1020 1661 1083 δὲ
1703 1022 2032 1103 προσωπου

619 1105 841 1169 ἀσπίδα
886 1108 1286 1187 χαλκεόνωτον
1329 1107 1742 1188 ἐπέδραμεν
1779 1105 1974 1181 Ἰνδὸς
2018 1106 2275 1190 ἀγήνωρ.

317 1231 504 1307 Atqui
551 1231 736 1291 firmis
781 1231 1034 1307 pedibus
1077 1232 1360 1290 insistens
1406 1232 1671 1306 equitem
1714 1232 1933 1307 excipit
1977 1231 2161 1289 Indus
2206 1232 2401 1307 pedes.
2496 1233 2652 1291 Hinc
2711 1224 2716 1229 ⁴

317 1310 743 1392 ὗπέδρακεν
789 1314 1187 1375 scribendum.

567 1401 797 1476 XXIII,
851 1405 881 1458 1
914 1420 1002 1476 sq.

604 1480 727 1555 ’Ὡς
772 1481 1011 1562 φαμένη
1054 1482 1419 1543 παππῶον
1462 1480 1717 1543 ἐδύσατο
1762 1482 2001 1559 φοίνιον
2043 1480 2208 1563 ὕδωρ

621 1567 824 1644 Νηιᾶς
869 1564 1198 1629 ὖδατόεσσα
1243 1566 1557 1647 διάβροχος
1603 1565 1779 1628 ῧδατι
1825 1566 2054 1645 νύμφη.

321 1688 591 1750 Graefius
646 1690 796 1748 nihil
852 1689 1092 1765 quidem
1137 1689 1423 1764 mutavit,
1482 1690 1597 1748 nisi
1645 1688 1803 1765 quod
1848 1692 2122 1764 suspecto
2168 1689 2459 1749 adiectivo
2504 1686 2651 1747 ἰῶτα

316 1775 713 1834 necessarium
746 1774 1118 1849 subscripsit,
1166 1775 1269 1832 sed
1308 1793 1514 1833 verum
1544 1777 1745 1833 tamen
1775 1774 2070 1834 divinavit
2098 1775 2469 1834 adscribens:
2506 1775 2649 1851 „sed
2761 1847 2765 1851 .

317 1859 571 1919 fortasse
616 1859 783 1919 dedit
824 1858 1167 1939 πατρῷον.“
1225 1859 1355 1918 Hoc
1400 1860 1602 1934 ipsum
1647 1862 1709 1919 et
1738 1860 1800 1916 M
1832 1859 2061 1935 suadet,
2109 1861 2172 1917 in
2217 1879 2334 1935 quo
2366 1864 2647 1935 corrupte

315 1944 539 2021 legitur
581 1951 823 2001 πατῶον
865 1963 1120 2020 pronum
1167 1944 1317 2002 illud
1360 1945 1422 2002 in
1455 1944 1734 2020 vulgatae
1765 1945 2182 2021 corruptelam,
2230 1948 2292 2004 et
2308 1946 2650 2004 communis

317 2049 488 2088 usus:
538 2030 612 2087 cf.
658 2028 874 2103 XXVI,
925 2031 1026 2088 70.

484 2114 611 2172 Iam
656 2113 860 2171 audire
904 2114 1051 2172 mihi
1097 2112 1301 2171 videor
1344 2113 1602 2189 aliquem
1648 2132 1754 2173 suo
1801 2115 2057 2189 quodam
2101 2116 2226 2173 iure
2258 2114 2647 2173 clamantem:

320 2198 525 2275 „Ohe
569 2199 714 2258 iam
760 2199 956 2257 satis
1002 2198 1140 2256 est!
1163 2197 1198 2226 “
1267 2196 1381 2255 Sed
1415 2198 1715 2258 discedere
1745 2217 1867 2257 non
1897 2217 2139 2273 possum
2173 2219 2208 2257 a
2238 2199 2473 2274 Nonne,
2506 2200 2652 2274 quin

318 2283 603 2360 exemplis
648 2283 1006 2358 quibusdam
1049 2282 1271 2341 additis
1316 2281 1552 2341 doceam
1601 2283 1808 2342 eodem
1855 2284 2136 2343 vitiorum
2180 2302 2424 2359 genere,
2491 2283 2651 2358 quod

320 2372 442 2427 tam
487 2369 831 2443 frequenter
875 2366 1096 2437 Quinto
1140 2367 1412 2425 nocuisse
1458 2367 1884 2442 demonstravi,
1930 2369 2112 2426 etiam
2151 2367 2431 2427 Nonnum
2476 2367 2651 2443 paulo

317 2454 572 2528 saepiuS,
619 2471 796 2528 quam
841 2452 1034 2511 adhuc
1077 2452 1304 2525 opinati
1348 2455 1507 2527 sunt,
1554 2454 1829 2511 affectum
1874 2471 2002 2511 esse
2050 2484 2127 2493 -—
2173 2453 2476 2511 lacunas
2521 2453 2652 2511 dico

322 2539 492 2598 unius
549 2537 884 2614 pluriumve
939 2555 1237 2597 versuum.
1328 2535 1451 2596 Has
1509 2537 1749 2614 quidem
1806 2538 2170 2614 investigare
2226 2556 2293 2597 eo
2350 2537 2652 2597 difficilius

319 2625 439 2699 est,
497 2623 654 2698 quod
711 2623 775 2681 in
819 2623 1160 2681 luxuriante
1206 2622 1380 2680 huius
1424 2625 1632 2697 poetae
1680 2623 2043 2682 abundantia
2086 2623 2274 2682 multo
2317 2622 2488 2699 plura
2532 2623 2653 2681 fere

319 2709 724 2783 inveniuntur,
774 2726 925 2783 quae
970 2707 1102 2766 tolli
1150 2726 1327 2782 quam
1372 2726 1521 2782 quae
1565 2708 1704 2766 addi
1749 2709 1917 2771 velis,
1978 2708 2202 2767 Tamen
2245 2726 2340 2767 res
2385 2709 2514 2783 ipsa
2544 2708 2652 2766 mi·

317 2794 477 2852 nime
523 2792 705 2851 dubia
750 2795 857 2852 est.
927 2791 1237 2851 Interdum
1282 2792 1600 2866 participio
1643 2793 1707 2851 in
1752 2792 2001 2852 verbum
2030 2792 2266 2852 finitum
2295 2797 2525 2853 mutato
2556 2793 2652 2852 de·

320 2878 543 2937 fectum
586 2878 869 2954 obtegere
915 2877 1141 2936 frustra
1185 2878 1382 2935 conati
1431 2879 1602 2952 sunt,
1649 2881 1718 2936 ut
1759 2877 1873 2953 XI,
1922 2879 2024 2937 82.

621 2991 792 3053 οὔασι
835 2999 1038 3072 μῦθον
1080 2991 1296 3053 ἄκουε·
1350 2992 1479 3064 νόος
1534 2992 1602 3055 δέ
1647 2993 1711 3053 οἱ
1746 2975 1958 3054 ἔνδοθι
1997 2994 2278 3068 παίζων
2324 3029 2395 3038 —-

492 3097 712 3172 xvm,
765 3099 863 3156 16.

624 3178 854 3240 θαλλὸν
897 3177 1202 3258 ἕλαιήεντα
1247 3173 1490 3240 θεουδὲι
1512 3177 1683 3260 ’χειρὶ
1727 3203 1757 3240 τ
1770 3202 1790 3239 ι
1804 3202 1834 3238 τ
1847 3203 1885 3239 α
1900 3179 1927 3239 ι’
1938 3204 1971 3240 ν
1987 3201 2033 3239 ω
2045 3177 2081 3240 ν
2125 3214 2202 3225 -

488 3284 907 3448 ΧΧΙρεῗέηἶδν
950 3361 1340 3447 βλεφάροισιν
1383 3362 1659 3427 ἐνόπλων
1702 3363 1904 3427 ὕπνον
1947 3361 2182 3428 ἰαύων
2225 3404 2338 3444 -,

320 3488 422 3547 ubi
465 3488 570 3563 qui
612 3507 769 3547 nunc
813 3489 1099 3564 leguntur
1141 3520 1225 3530 —
1270 3484 1563 3561 παῖζεν,
1608 3485 1984 3562 τίταινεν,
2047 3484 2264 3547 ἴαυεν
2312 3521 2387 3529 -
2434 3488 2652 3546 indica-

320 3573 428 3633 tivi
484 3592 588 3632 cur
643 3593 678 3631 a
719 3572 938 3632 Nonne
994 3573 1382 3647 abhorreant,
1438 3577 1581 3647 post
1625 3573 1858 3633 doctam
1904 3572 2130 3633 Struvii
2176 3573 2651 3632 observationem

318 3658 614 3717 neminem
668 3658 845 3734 fugit.
939 3658 1104 3716 Alibi
1159 3677 1299 3717 usus
1355 3658 1481 3732 ipse
1528 3658 1724 3716 locum
1772 3658 1917 3716 olim
1961 3658 2195 3733 plenius
2241 3658 2424 3717 fuisse
2470 3676 2652 3716 enun-

323 3744 536 3801 tiatum
581 3743 824 3817 clamat,
873 3745 941 3801 ut
983 3743 1101 3818 HI,
1151 3743 1273 3800 394

626 3854 706 3929 ὥς
752 3857 908 3919 τότε
952 3857 1294 3940 παιδοκόμῳ
1337 3857 1504 3941 φιλίῃ
1548 3854 1857 3936 μαιώσατο
1900 3862 2082 3942 θηλῇ.

320 3979 488 4039 Alibi
534 3980 829 4040 sententia
872 3981 1043 4044 hians
1089 3980 1236 4039 satis
1293 3982 1525 4054 aperte,
1590 3981 1651 4037 et
1695 3978 1895 4038 deesse
1941 3979 2169 4054 aliquid
2214 3982 2275 4038 et
2316 3978 2514 4054 qualia
2559 3978 2653 4036 de·

323 4066 470 4140 sint,
518 4064 916 4140 demonstrat,
962 4068 1031 4123 ut
1076 4067 1214 4140 post
1257 4063 1345 4139 11,
1395 4065 1517 4123 566

620 4161 796 4242 χθὼν
835 4162 1004 4243 μόγις
1047 4156 1154 4222 υἷα
1201 4161 1474 4240 λόχευσε,
1520 4160 1711 4242 μέγαν
1752 4156 1933 4241 γόνον
1972 4158 2291 4235 Ἰαπετοῖο,

321 4283 421 4343 ubi
467 4284 806 4344 Promethei
850 4285 1127 4344 liberatio
1173 4286 1235 4342 et
1278 4283 1428 4342 ultio
1474 4286 1806 4342 memorata
1849 4285 1978 4342 erat
2008 4314 2089 4324 —
2119 4301 2310 4358 neque
2357 4283 2514 4342 enim
2560 4302 2652 4342 ve-

319 4388 483 4444 reor,
541 4388 614 4428 ne
661 4370 794 4445 quis
836 4389 908 4429 ex
954 4391 1010 4430 v.
1060 4371 1180 4428 296
1226 4359 1419 4446 μέγαν,
1458 4364 1703 4425 πόθον
1757 4387 1864 4428 seu
1907 4368 2102 4428 simile
2149 4368 2295 4443 quid
2341 4369 2421 4428 sit
2464 4385 2654 4427 emen-

322 4453 567 4513 daturus
618 4476 728 4528 ——3
776 4457 845 4514 ut
884 4458 1022 4530 post
1063 4452 1223 4529 XIV,
1276 4454 1393 4512 165

2692 1410 2755 1456 15
