3132 5129
373 4004 439 4051 26

1414 361 1878 425 -272—

650 519 862 579 Ultimi
905 521 1038 579 tres
1072 537 1279 579 versus
1323 520 1665 579 498—500
1706 520 2109 596 utriusque
2154 520 2517 579 recensionis
2546 520 2809 594 fuerunt,

481 607 617 680 post
662 623 811 680 quos
853 604 1097 679 periisse
1141 624 1227 679 ea,
1276 604 1531 680 „quibus
1576 604 1640 662 in
1671 604 1983 663 Tartarum
2028 605 2307 664 detrusus
2350 607 2529 680 atque
2574 606 2635 663 in
2682 607 2808 665 vin·

481 691 613 748 cula
655 691 958 749 coniectus
1002 708 1129 749 esse
1160 688 1453 747 Saturnus
1499 688 1866 764 dicebatur“,
1914 691 2031 748 iam
2068 689 2447 748 Hermannus
2476 690 2812 765 suspicatus

479 780 587 850 est,
633 776 696 834 in
741 793 811 834 eo
857 778 1055 833 tamen
1099 774 1306 849 salsus,
1353 774 1510 849 quod
1556 793 1687 834 cum
1721 775 2058 833 Muetzellio
2099 794 2156 849 p.
2190 775 2311 833 478
2328 793 2455 849 sqq.
2501 775 2811 834 Platonem

480 860 744 935 aliosque
800 862 1029 919 veteres
1082 860 1227 918 haec
1277 861 1341 918 in
1385 859 1731 919 Pisistratou
1777 859 2041 919 Hesiodo
2085 860 2298 936 legisse
2346 860 2601 933 putavit.
2692 858 2810 917 Sed

479 945 671 1004 eidem
723 944 920 1003 nescio
963 965 1041 1003 an
1095 965 1152 1005 v.
1196 945 1320 1002 457
1366 943 1632 1003 nondum
1684 944 1962 1020 infuerit,
2025 957 2231 1019 quem,
2290 945 2491 1020 „quod
2533 944 2696 1003 Iovis
2741 949 2813 1001 ut

479 1030 744 1088 nondum
789 1030 917 1089 nati
958 1029 1055 1088 hie
1098 1029 1324 1088 mentio
1369 1028 1498 1087 fieri
1541 1047 1664 1087 non
1707 1028 2032 1105 potuerit“,
2077 1029 2355 1104 primitus
2399 1029 2620 1089 afuisse
2648 1029 2809 1088 solus

480 1114 858 1173 Hermannus
901 1114 1215 1189 intellexit,
1261 1131 1513 1189 quocum
1559 1132 1708 1189 quae
1740 1116 1862 1173 458
1895 1115 2173 1174 cohaeret
2201 1114 2487 1172 hodierna
2515 1114 2811 1189 scriptura

479 1193 600 1257 ὑπὸ
643 1198 997 1277 βροντῆς,
1043 1217 1151 1274 pro
1196 1218 1265 1257 ea
1309 1198 1464 1257 idem
1511 1192 1636 1256 ὑπὸ
1680 1196 1858 1278 ρίπῆ
1872 1221 1901 1269 ς
1946 1200 2198 1260 coniecit
2237 1199 2584 1274 Neptunum
2609 1193 2810 1256 Ἐννο-

480 1281 714 1362 σίγαιον
756 1284 1013 1344 describi
1057 1302 1322 1359 monens,
1369 1284 1559 1343 rarius
1607 1288 1668 1344 et
1709 1285 1869 1360 quod
1915 1283 2147 1343 facilius
2177 1284 2239 1342 in
2268 1283 2522 1362 βροντῆς
2554 1285 2808 1343 transire

479 1371 678 1444 potuit
731 1389 840 1447 ego
895 1369 1152 1444 praetuli
1206 1369 1578 1428 vocabulum.
1668 1369 1822 1427 Tum
1879 1369 1995 1429 duo
2051 1390 2108 1429 v.
2156 1370 2273 1427 461
2304 1388 2391 1444 sq.
2435 1369 2809 1427 hemistichia

479 1454 667 1514 solius
722 1454 1050 1514 sententiae
1106 1472 1279 1514 causa
1333 1455 1693 1513 removenda
1746 1455 2020 1513 fuerunt:
2080 1472 2199 1512 non
2242 1454 2318 1512 ab
2366 1453 2646 1512 Uranidis
2692 1454 2808 1512 fra-

482 1538 693 1614 tribus,
740 1539 843 1598 sed
886 1558 922 1597 a
964 1538 1087 1598 suis
1131 1539 1319 1614 ipsius
1364 1539 1571 1597 liberis
1614 1559 1688 1598 ne
1732 1539 1984 1613 imperio
2030 1540 2300 1614 privetur
2342 1539 2559 1597 metuit
2603 1538 2807 1597 Satur-

479 1643 626 1699 nus;
674 1624 934 1683 insulsus
979 1642 1187 1684 versus
1231 1641 1303 1682 ex
1348 1625 1470 1683 892
1485 1643 1574 1698 sq.
1621 1624 1924 1683 confectus
1968 1629 2078 1683 est.
2133 1625 2224 1682 Ex
2269 1624 2538 1684 versibus
2581 1625 2705 1690 465
2751 1628 2813 1683 et

479 1710 601 1767 467
649 1728 832 1767 unum
878 1707 1251 1767 efficiendum
1295 1727 1424 1768 esse
1468 1708 1624 1768 vidit
1666 1708 2005 1768 Gerhardus
2050 1709 2262 1768 deletis
2305 1708 2691 1783 intermediis,
2738 1709 2810 1768 de

478 1794 694 1869 quibus
750 1794 968 1869 partim
1012 1793 1129 1850 iam
1172 1793 1275 1852 alii
1317 1793 1765 1869 dubitaverant,
1824 1798 1894 1852 ιιι
1936 1794 2009 1854 de
2052 1795 2426 1869 ineptissimo
2475 1790 2662 1864 Διὸς
2705 1814 2807 1868 με·

477 1876 663 1955 γάλου
708 1867 805 1934 διὰ
849 1871 1069 1952 βουλάς
1115 1898 1184 1936 ex
1231 1878 1365 1937 aliis
1406 1879 1550 1938 locis
1595 1882 1666 1937 ut
1709 1879 1830 1936 572
1879 1879 2184 1953 traducto,
2231 1899 2339 1954 pro
2385 1897 2502 1955 quo
2547 1880 2665 1937 iam
2712 1898 2809 1938 ve-

477 1968 632 2022 teres
687 1962 930 2038 quidam
986 1960 1254 2038 πατρὸς
1305 1964 1699 2038 scripserant3
1756 1964 2138 2038 turpissimus
2197 1964 2394 2023 hiatus
2438 1962 2516 2042 τῷ
2559 1956 2656 2040 ὅγε
2700 1958 2810 2021 οὐκ

477 2067 548 2106 ex
593 2048 875 2123 imperito
916 2047 1109 2106 abusu
1155 2047 1605 2108 Homerieorum
1649 2049 1911 2108 locorum
1957 2044 2042 2125 (Ξ
2081 2049 2220 2107 135.
2268 2048 2324 2105 K
2371 2048 2512 2105 515.
2559 2050 2609 2104 θ
2655 2044 2807 2128 285)

477 2133 648 2191 fluxit
687 2151 795 2191 nec
839 2133 1142 2191 attrectari
1187 2132 1469 2207 debebat;
1530 2129 1825 2199 δοκεύων,
1883 2134 2041 2208 quod
2086 2135 2214 2209 ipsa
2259 2133 2599 2209 Theogonis
2642 2153 2809 2208 prae-

477 2218 609 2276 buit
660 2217 818 2277 infra
879 2218 1031 2292 772,
1086 2217 1238 2276 male
1294 2218 1388 2276 hie
1434 2236 1568 2277 cum
1613 2219 1865 2294 repetito
1910 2238 1982 2277 ex
2027 2219 2149 2277 459
2195 2212 2472 2276 κατέπινε
2515 2219 2807 2295 iungitur.

482 2302 553 2361 V.
600 2304 727 2363 470
781 2301 941 2378 quod
996 2302 1178 2378 vulgo
1236 2303 1459 2378 legitur
1513 2298 1650 2373 τοὺς
1694 2296 1929 2378 αὐτῆς
1985 2304 2113 2362 iure
2171 2302 2423 2363 offensui
2466 2302 2584 2361 fuit
2626 2304 2808 2362 inter-

476 2388 778 2463 pretibus:
847 2387 1071 2461 scripto
1138 2406 1207 2445 ex
1267 2386 1597 2446 Hermanni
1664 2388 2077 2447 emendatione
2133 2379 2269 2457 τοὺς
2322 2380 2603 2458 αὐτοὺς
2661 2387 2812 2446 hanc

476 2474 874 2533 nanciscimur
919 2472 1294 2547 sententiam,
1340 2475 1410 2530 ut
1452 2473 1773 2546 eosdem,
1819 2493 1856 2531 a
1899 2473 2117 2550 quibus
2150 2471 2445 2532 Saturnus
2489 2472 2563 2531 de
2607 2473 2801 2545 immi-

476 2560 655 2618 nente
711 2556 974 2634 periculo
1029 2557 1244 2617 certior
1299 2557 1493 2617 factus
1549 2559 1656 2633 sit,
1712 2562 1989 2633 parentes
2047 2558 2167 2617 iam
2208 2557 2373 2617 Rhea
2416 2556 2531 2617 sihi
2573 2577 2810 2633 quoque

476 2643 711 2702 invocet
755 2647 825 2701 ut
867 2641 1171 2701 illatarum
1216 2642 1564 2701 iniuriarum
1610 2643 1892 2704 vindices.
1983 2643 2101 2702 Sed
2145 2644 2325 2719 longe
2369 2644 2807 2718 ineptissimum

479 2730 790 2786 centonem
834 2727 958 2785 473

780 2840 1045 2919 παίδων,
1091 2833 1195 2914 οὓς
1239 2840 1512 2903 κατέπινε
1555 2842 1735 2923 μέγας
1783 2840 2015 2924 Κρόνος
2058 2838 2503 2924 ἀγκυλομήτης,

476 2980 656 3039 toties
700 2981 815 3038 iam
859 2981 1188 3055 explosum,
1235 2981 1336 3056 qui
1382 3000 1500 3040 non
1547 2981 1758 3041 dubito
1802 2984 1948 3057 quin
1992 2983 2172 3041 etiam
2216 3003 2251 3040 a
2292 2983 2644 3043 Pisistratea
2687 2982 2809 3042 col—

474 3065 728 3124 lectione
788 3065 1076 3139 abfuerit,
1135 3066 1397 3141 profecto
1440 3067 1715 3125 mirabile
1757 3072 1851 3125 est
1894 3068 2054 3142 quod
2100 3068 2329 3126 intruso
2373 3061 2446 3123 θ’
2494 3070 2630 3143 post
2673 3065 2808 3125 παῖ.

474 3147 601 3207 ὃων
643 3150 868 3209 scilicet
909 3149 1285 3210 emendatum
1326 3169 1447 3209 non
1490 3151 1685 3210 solum
1732 3151 2075 3226 Lennepius
2106 3152 2399 3210 defendit!
2460 3152 2531 3210 In
2561 3171 2807 3227 sequen-

477 3234 635 3293 tibus
711 3234 858 3293 duas
931 3235 1278 3294 commixtas
1343 3254 1470 3294 esse
1534 3236 1940 3312 narrationes,
2017 3255 2193 3294 unam
2264 3237 2665 3312 antiquiorem
2746 3240 2811 3295 et

476 3319 914 3394 simpliciorem,
961 3320 1023 3378 in
1070 3338 1188 3394 qua
1231 3320 1360 3395 ipsa
1400 3319 1585 3378 Terra
1627 3339 1834 3379 recens
1878 3324 2088 3379 natum
2134 3321 2375 3396 recipit,
2423 3322 2669 3380 alteram
2716 3340 2804 3380 re·

477 3405 799 3462 centiorem
843 3410 906 3462 et
950 3404 1467 3478 complicatiorem,
1514 3405 1579 3463 in
1612 3424 1740 3481 ,qua
1769 3408 2044 3480 parentes
2068 3406 2290 3464 Rheam
2322 3407 2444 3464 suis
2477 3407 2807 3481 praeceptis

477 3490 831 3547 instructam
873 3488 1143 3563 pariendi
1198 3493 1464 3564 tempore
1518 3491 1581 3548 in
1638 3490 1877 3549 Cretam
1935 3491 2216 3566 mittunt,
2275 3490 2377 3548 ubi
2434 3491 2540 3549 illa
2597 3498 2806 3549 natum

476 3572 676 3632 Iovem
720 3574 978 3648 primum
1021 3573 1276 3649 Lyctum
1323 3573 1595 3648 deportat
1642 3570 1932 3651 (φέρουσα
1976 3579 2136 3635 recte
2168 3576 2401 3635 monuit
2430 3575 2807 3634 Hermannus

478 3661 713 3717 tantum
761 3657 832 3716 de
878 3658 1107 3716 infante
1149 3659 1309 3717 ulnis
1352 3663 1588 3733 gestato
1620 3661 1807 3735 accipi
1837 3656 2039 3740 posse)
2072 3664 2197 3719 tum
2228 3661 2288 3719 in
2320 3663 2523 3718 monte
2546 3660 2804 3736 Aegaeo,

477 3744 601 3802 sive
645 3742 1061 3817 quodcumque
1106 3742 1158 3800 ei
1202 3761 1419 3801 nomen
1464 3743 1599 3817 fuit,
1648 3744 1905 3804 occultat
1934 3775 2033 3820 —-,
2079 3744 2140 3803 id
2173 3762 2310 3804 vero
2343 3745 2461 3803 iam
2505 3745 2807 3804 neminem

478 3828 891 3886 dubitaturum
936 3827 1210 3901 arbitror,
1255 3830 1603 3901 praesertim
1649 3847 1783 3887 cum
1827 3829 1945 3887 iam
1992 3828 2063 3888 de
2095 3848 2164 3888 eo
2209 3834 2270 3887 et
2298 3829 2537 3905 Heynio
2568 3829 2806 3887 subolu-

476 3913 556 3970 rit
598 3932 658 3971 v.
691 3913 814 3971 479
833 3931 924 3987 sq.
970 3912 1137 3971 uncis
1182 3912 1437 3987 sepienti
1480 3917 1540 3971 et
1585 3912 1973 3990 GoettlingiO,
2020 3914 2122 3990 qui
2167 3932 2299 3973 cum
2343 3932 2441 3988 ,‚v.
2473 3914 2808 3973 478-484

476 4015 583 4072 pro
629 3997 868 4056 insertis
913 4015 948 4054 a
992 3997 1318 4056 recentiore
1362 3997 1617 4072 quodam
1661 3998 1989 4074 rhapsodO,
2035 4018 2111 4057 ne
2156 3997 2366 4057 Cretae
2410 3998 2634 4057 oblitus
2678 4017 2806 4058 esse

474 4081 779 4140 videretur
841 4081 1199 4156 Hesiodus“,
1267 4082 1475 4158 habet,
1542 4084 1905 4142 narrationis
1970 4087 2241 4143 tenorem
2308 4085 2395 4142 ita
2452 4084 2805 4157 interrumpi

473 4183 593 4224 non
650 4166 1091 4229 animadvertit.
1181 4166 1255 4226 V.
1301 4168 1424 4225 478
1477 4172 1653 4227 erunt
1706 4169 1810 4243 qui
1865 4168 2046 4227 etiam
2099 4170 2160 4226 in
2219 4168 2555 4242 antiquiore
2605 4186 2802 4227 narra·

475 4252 636 4308 tione
708 4252 912 4309 eodem
982 4251 1161 4311 modo
1228 4271 1345 4327 quo
1410 4252 1587 4311 hodie
1641 4253 1862 4311 lectum
1918 4253 2100 4312 fuisse
2153 4255 2394 4328 putent3
2456 4253 2560 4312 sed
2619 4272 2807 4312 unum

471 4354 650 4409 quem
705 4353 863 4395 nunc
918 4335 1203 4395 habemus
1259 4355 1495 4395 versum
1553 4338 1675 4394 477
1723 4336 1801 4411 4-
1850 4338 1977 4396 480
2031 4337 2444 4396 dissecandum
2503 4341 2565 4396 et
2627 4339 2810 4396 inter·

473 4418 791 4495 polandum
817 4420 1018 4479 'fuisse
1065 4421 1560 4496 coagmentatori,
1610 4424 1677 4481 ut
1719 4423 1877 4479 inter
1918 4424 2176 4498 primum
2223 4422 2359 4481 inde
2403 4421 2676 4482 effictum
