3132 5129
406 1255 531 1317 14ss

1448 373 1906 435 —410—

672 532 826 592 Ibid.
874 534 999 592 360
1022 551 1110 607 sq.

811 634 1034 709 Φωνῆς
1076 626 1358 710 ὑμετέρης
1402 625 1472 690 οὗ
1520 628 1796 732 δεύομαι·
1841 624 2158 730 αὖτοματοὶ
2199 628 2374 708 γὰρ

805 714 1099 794 σιγαλέοι
1142 713 1242 775 σέο
1284 712 1540 787 πένθος
1583 709 2055 794 ἀπαγγέλλουσιν
2096 708 2355 776 ὀπωπαί.

504 832 857 913 Σιγαλὲοις
900 839 964 895 et
1004 838 1238 905 πεῖθος
1282 831 1376 895 ea.
1420 855 1532 912 pr„
1581 831 1883 913 σιγαλέον
1926 839 1987 894 et
2029 831 2268 906 πένθος
2296 836 2377 911 M,
2424 855 2672 911 quorum
2719 837 2833 897 hoe

505 924 620 981 iam
676 925 1076 996 reposuerunt
1129 922 1407 981 editores,
1499 882 1617 980 S’ed
1670 922 2030 980 adiectivum
2072 940 2194 980 uon
2238 924 2386 996 puto
2432 926 2592 980 recte
2638 941 2832 980 emen-

503 1009 739 1065 datum:
785 1026 974 1081 neque
1018 1006 1175 1065 enim
1223 1006 1395 1081 oculi,
1442 1006 1545 1066 sed
1590 1007 1719 1082 ipsa
1765 1006 1987 1081 Methe,
2035 1025 2184 1081 quae
2229 1006 2394 1081 loqui
2438 1006 2648 1081 nequit
2687 1025 2831 1081 prae

503 1091 723 1166 dolore,
771 1093 1068 1150 taciturna
1112 1091 1361 1150 dicenda
1403 1095 1551 1150 erat.
1611 1091 1766 1149 Hinc
1811 1086 2115 1167 σιγαλέης
2161 1086 2261 1148 σὲο
2307 1090 2685 1150 scribendum
2716 1096 2830 1150 est.

521 1172 834 1253 {myaie'ov
866 1177 1096 1252 potius:
1130 1196 1266 1235 nam
1296 1176 1391 1235 hic
1422 1176 1749 1251 alloquitur
1770 1175 2023 1252 Botryn.
2049 1170 2067 1242 }
2108 1207 2187 1218 -—·
2221 1176 2407 1234 Paulo
2439 1176 2595 1234 infra
2621 1196 2677 1235 v.
2705 1178 2830 1235 364

539 1261 677 1337 μοῦ
696 1258 1061 1334 Σταφύλοιο,
1092 1261 1250 1336 quod
1280 1264 1341 1320 et
1370 1262 1625 1321 coniecit
1648 1260 1915 1320 Graefius
1945 1264 2007 1320 et
2034 1261 2314 1335 probavit
2337 1260 2541 1320 Lehrs.
2567 1264 2831 1336 quaestt.

501 1366 633 1422 epp.
680 1366 739 1421 p.
787 1348 928 1420 260,
975 1346 1159 1404 etiam
1204 1346 1263 1403 M
1309 1349 1489 1408 tenet.

670 1430 1111 1557 ΧΙΧ-307-ῗᾳ
1142 1546 1225 1557 —-
1311 1544 1396 1557 —
1480 1506 1628 1571 ἀλλὰ
1671 1501 1748 1572 σὺ
1792 1510 2057 1590 Βάκχαις

802 1596 978 1657 ἵλαθι
1020 1620 1120 1657 και
1164 1595 1485 1675 Σατύροισι
1529 1620 1628 1657 και
1673 1596 2054 1680 οἰνοπότῃσιν
2097 1590 2354 1681 ὄπώρῃς.

503 1718 602 1777 Sic
647 1718 738 1777 ed.
784 1739 911 1793 pr.,
960 1737 1069 1792 pro
1112 1737 1228 1793 quo
1273 1712 1534 1794 ὀπώρης
1581 1719 1822 1792 scripsit
1864 1717 2163 1792 Graefius,
2221 1737 2395 1777 sensu
2441 1719 2619 1793 paulo
2665 1719 2831 1777 intri-

500 1803 743 1862 catiore.
802 1804 1027 1861 Iustam
1073 1802 1261 1861 dativi
1307 1803 1560 1862 formam
1592 1802 1774 1862 habet
1804 1803 1864 1861 M
1893 1798 2276 1876 οἰνοπότησιν
2305 1797 2616 1881 ὀπώραις.
2700 1804 2838 1863 Una

499 1888 985 2047 litteriigiugatg
1019 1880 1426 1967 οἰνοδότῃσιν
1470 1881 1734 1964 ὀπώραις
1779 1888 2179 1953 scribendum

894 1976 919 2029 l

789 2070 1003 2151 Ἄρεα,
1050 2066 1162 2132 cdv
1203 2069 1477 2151 γενέτην,
1523 2070 1615 2149 ἔχε
1659 2048 1982 2152 μαρτυρον·
2032 2065 2251 2132 εἴσιδ’
2301 2066 2588 2150 Ἀθηνην.

500 2193 592 2251 Ita
648 2212 756 2267 pro
817 2188 1041 2251 εἰσὲτ’
1097 2194 1159 2250 in
1218 2193 1306 2251 ed.
1354 2212 1441 2289 pr.
1490 2193 1705 2251 vitiose
1760 2194 2142 2269 scripserunt.
2229 2194 2414 2251 Paulo
2461 2193 2672 2252 melius
2718 2193 2836 2252 Cu·

500 2297 680 2337 naeus
723 2298 1049 2380 μαρτυρα,
1094 2272 1307 2335 λεῦσέ
1351 2266 1399 2333 τ’
1431 2271 1564 2333 Ἀθ.
1613 2274 1806 2356 (sicl).
1872 2273 2300 2348 Μείςέταις.
2346 2268 2611 2354 ἆθήνην.
2677 2278 2832 2337 Puto

499 2353 613 2419 οἶδ
629 2383 711 2430 ας
750 2355 1021 2439 Ἀθήνην
1068 2381 1269 2421 verum
1315 2381 1465 2421 esse.

669 2448 821 2506 Ibid.
871 2449 994 2505 235
1029 2467 1119 2523 sq

809 2564 882 2574 --
978 2563 1050 2574 -
1139 2563 1224 2575 —
1315 2566 1388 2574 —-
1480 2524 1833 2602 οὐτιδανοὺς
1878 2525 1944 2590 δὲ

798 2611 1097 2694 ἡμερίδων
1139 2613 1404 2693 ὄρπηκας
1450 2608 1616 2675 εὔια
1660 2616 1824 2692 δῶρα
1869 2614 2107 2675 Λυαίου
2157 2650 2230 2659 -

498 2735 594 2793 Sic
640 2735 730 2793 ed.
778 2755 870 2810 pr.
918 2739 981 2794 et
1026 2736 1106 2793 M.
1196 2735 1600 2812 Falkenburg.
1648 2725 1716 2812 ἢ,
1775 2736 2042 2796 Graefius
2086 2728 2184 2795 ἰδ’
2234 2736 2516 2812 inseruit,
2575 2756 2830 2812 quorum

498 2819 641 2878 illud
688 2838 860 2879 nemo
907 2820 1264 2896 probaverit,
1310 2819 1420 2878 hoo
1463 2840 1569 2880 cur
1613 2820 1752 2879 ferri
1797 2826 2069 2897 nequeat,
2118 2822 2403 2896 explicuit
2445 2821 2653 2881 Lehrs.
2699 2820 2740 2880 l.
2779 2842 2828 2880 c.

499 2924 559 2978 p.
595 2905 736 2963 268.
827 2905 938 2963 Sed
983 2923 1109 2980 uec,
1154 2905 1315 2980 quod
1360 2904 1460 2964 ille
1505 2906 1759 2965 coniecit
1803 2901 2023 2979 ἐνηέα
2069 2925 2273 2965 verum
2319 2906 2645 2982 habuerim,
2694 2925 2830 2965 cum

496 2989 693 3065 aptius
741 2989 1036 3048 videatur:

806 3106 882 3116 —
977 3108 1053 3116 —
1146 3107 1221 3116 -
1266 3145 1271 3150 ἱ
1313 3067 1658 3133 οὖτιδανὸν
1704 3069 1770 3132 δὲ

798 3153 1097 3237 ἡμερίδων
1139 3154 1401 3235 ὅρπηκα
1445 3156 1570 3218 καὶ
1612 3154 1747 3218 εὔια
1794 3157 1954 3237 δῶρα
1999 3158 2239 3219 Λυαίου
2289 3194 2384 3217 -.

498 3277 805 3420 Εςτοξζὶὶοω
801 3279 1169 3420 001113e4mptui
1214 3279 1512 3354 personati
1557 3278 1770 3338 Martis
1814 3279 2093 3339 convenit
2135 3279 2476 3357 singularis.

808 3409 822 3437 ‚
998 3407 1013 3422 .

802 3460 1050 3522 Οὕδεα
1094 3467 1260 3542 χεῖρα
1305 3463 1596 3540 τίταινεν,
1640 3456 2018 3542 ἆλεξήτειραν
2059 3453 2341 3543 ἀνάγκης.

499 3581 862 3657 corruptum
906 3583 1121 3659 locum,
1168 3584 1262 3643 eui
1293 3584 1355 3642 M
1384 3584 1613 3642 nullam
1656 3583 1829 3642 affert
1869 3584 2173 3659 medelam,
2220 3603 2393 3644 nemo
2426 3586 2675 3661 sanavit,
2722 3605 2832 3646 nee

448 3714 461 3725 .
498 3666 788 3727 Rhodum.
835 3661 1015 3725 οὐδέ
1061 3688 1161 3738 τι,
1206 3687 1316 3727 nee
1359 3667 1628 3727 Graefius
1671 3664 1760 3725 οὔ
1805 3666 1882 3726 οἷ
1921 3670 2012 3728 vel
2058 3663 2141 3727 οὗ
2187 3665 2257 3727 ἕο
2303 3670 2633 3729 scribendo.
2710 3672 2827 3730 Sed

496 3751 652 3810 haud
698 3752 943 3811 difficile
989 3756 1143 3827 erat3
1204 3773 1342 3812 nam
1390 3747 1461 3811 οὐ
1510 3749 1634 3810 Διὶ
1679 3753 1873 3812 dedit:
1944 3754 2120 3812 etiam
2164 3754 2335 3813 Iovi
2380 3757 2668 3816 restitisse
2711 3756 2829 3832 Ly-

497 3856 743 3912 curgum
789 3840 850 3895 et
892 3857 948 3896 v.
985 3840 1100 3896 131
1151 3842 1212 3896 et
1255 3838 1461 3897 statim
1506 3857 1712 3897 versus
1757 3843 2074 3914 sequentes
2120 3839 2350 3915 docent,
2396 3841 2502 3917 qui
2546 3841 2830 3901 clausulis

498 3923 740 3981 mutatis
783 3922 893 3981 hoe
938 3923 1112 3981 modo
1157 3923 1450 3982 scribendi
1496 3925 1672 3982 sunt:

799 4033 872 4097 οὐ
916 4040 1168 4118 βροντῆς
1213 4037 1414 4118 φόβον
1458 4032 1640 4116 εἶχεν·
1686 4034 2010 4118 απειλήσας
2056 4038 2122 4100 δὲ
2164 4039 2523 4124 προσώπῳ

798 4118 979 4222 χώετο
1026 4122 1530 4203 Βασσαρίδεσσιν
1580 4122 1989 4222 ἕπεσσυμένην
2034 4122 2095 4184 δὲ
2141 4125 2440 4206 καρήνῳ

803 4199 1144 4288 ἀστεροπὴν
1188 4205 1395 4285 ἐνόησε
1438 4206 1539 4268 καὶ
1587 4201 1696 4288 οὐχ
1740 4206 1976 4285 ὑπόειξε
2020 4211 2251 4293 Λυαίῳ.

664 4328 864 4405 XXII,
912 4330 1052 4389 282.

793 4424 1035 4507 Ἀνέρας
1080 4423 1306 4505 αμεόων
1345 4427 1522 4507 μετα
1566 4420 1774 4506 λήιονῘ
