3132 5129
1374 393 1445 409 -—
1545 357 1836 422 370-

689 512 781 594 τῷ
824 506 887 570 δ’
935 508 1050 570 ἔπι
1095 503 1384 588 κύντερον
1424 507 1570 570 ἄλλο
1615 503 1731 572 θεὰ
1772 509 2123 589 μεγάθυμος
2159 507 2398 590 Ἀθήνη

690 573 1010 674 δυστήνοις
1056 592 1345 656 τεκέεσσιν
1388 591 1631 673 ἐμήδετο
1677 594 2100 667 Λαοκόωντος.

437 717 805 776 Dubitarunt
849 717 1109 776 editores
1152 714 1451 791 quomodo
1480 714 1951 793 intellegendum
1981 718 2139 775 esset
2179 715 2330 774 illud
2373 721 2474 774 ταῖ
2515 709 2582 774 δ’
2630 713 2766 776 ἔπι.

436 801 899 861 Rhodomannns
942 801 1046 877 qui
1088 799 1151 859 id
1194 801 1273 860 ad
1314 799 1718 860 Laocoontem
1750 802 1992 860 rettulit
2031 800 2246 861 vertit.
2302 801 2477 860 huic
2517 805 2766 862 autem

440 919 515 928 --
578 887 785 946 aliud
850 885 1157 944 foedius
1214 879 1713 968 excogitavit,
1771 886 1866 944 cui
1919 884 2402 961 interpretationi
2459 887 2768 962 sequentia

436 971 847 1032 adversantur.
924 967 1147 1030 Contra
1212 969 1487 1028 Pauwius
1554 970 1760 1028 eadem
1825 971 2009 1030 verba
2072 969 2271 1046 ideo,
2339 975 2766 1047 propterea,

436 1055 772 1132 significare
817 1057 1021 1130 putat,
1080 1054 1142 1113 id
1184 1054 1344 1130 quod
1398 1052 1785 1114 falsissimum
1828 1058 1938 1114 est.
2015 1053 2354 1115 Secundum
2399 1073 2768 1116 communem

438 1141 704 1199 omnium
748 1139 1237 1202 consuetudinem
1280 1157 1489 1198 sensus
1533 1137 1628 1197 hic
1672 1138 1852 1198 debet
1879 1157 2037 1198 esse.
2083 1139 2264 1215 „sed
2310 1157 2533 1215 super
2575 1140 2770 1199 illud

312 1279 319 1286 .
439 1219 921 1302 (occaecationis)
979 1224 1257 1282 malum
1300 1222 1515 1282 aliud
1565 1222 1792 1298 idque
1835 1224 2143 1284 tristius
2188 1224 2524 1284 Minerva
2567 1225 2768 1284 filiis

435 1309 905 1370 Laocoontis
960 1307 1332 1370 immisit.“
1418 1305 1588 1376 Quod
1642 1309 1695 1368 si
1750 1327 1955 1368 verum
2010 1312 2104 1368 est
2150 1312 2404 1384 apparet
2453 1309 2594 1369 haec
2647 1329 2770 1370 non

434 1398 576 1469 apte
620 1413 755 1454 cum
798 1393 1290 1452 antecedentibus
1334 1393 1598 1451 conecti:
1644 1392 1788 1468 quid
1817 1393 1974 1468 quod
2007 1394 2358 1452 vocabulum
2390 1394 2549 1469 quod
2580 1395 2765 1470 signi-

434 1479 571 1537 ficet
614 1479 881 1537 malum
926 1479 1103 1553 plane
1147 1477 1535 1539 desideratur.
1607 1475 1816 1552 Itaque
1875 1477 2282 1538 huiuscemodi
2327 1497 2564 1539 versum
2617 1480 2767 1538 exci-

439 1563 592 1622 disse
636 1563 925 1622 arbitror.

693 1679 769 1689 —
859 1679 941 1690 -—
1028 1637 1360 1703 ἀθανάτων
1402 1641 1514 1725 γὰρ
1556 1638 2034 1744 ὑποτρομέεσκον
2075 1634 2338 1722 ὁμοκλὴν

689 1727 1113 1832 (δυσμόρου
1158 1726 1634 1810 εἰσορόωντες
1677 1720 2042 1808 ἀάσχετον
2083 1723 2347 1810 άνέρος
2389 1727 2607 1810 αλγος
2621 1729 2766 1812 ·>

689 1821 770 1897 τῷ
814 1806 873 1873 δ’
922 1811 1020 1873 ἔπι
1061 1834 1349 1892 κυντερον
1390 1811 1539 1874 αλλο
1583 1819 1697 1881 etc.

605 1935 697 1994 De
740 1954 797 1994 v.
844 1935 966 1994 509
998 1953 1086 2010 sq.

693 2069 774 2080 —
858 2067 943 2078 —
1034 2069 1109 2078 —
1197 2035 1604 2108 περισσείοντο
1646 2032 1716 2096 δὲ
1757 2032 1958 2114 μακρά

693 2117 881 2198 τείχεα
923 2116 1026 2178 καὶ
1066 2117 1285 2198 πύργοι
1326 2116 1535 2200 μεγάλ’
1585 2119 1860 2200 ἔκτυπον,
1904 2116 1986 2194 ὥς
2025 2116 2192 2182 έτεόν
2233 2143 2342 2197 περ

440 2240 663 2317 optime
704 2241 825 2298 iam
870 2238 1146 2298 Pauwius
1190 2240 1334 2299 baec
1377 2240 1645 2317 scripsit:
1705 2286 1741 2317 „
1727 2241 1936 2316 ,Quem
1981 2260 2220 2302 sensum
2277 2243 2374 2304 hic
2426 2242 2646 2302 habeat
2688 2227 2767 2314 ὦς

442 2319 606 2384 ἐτεόν
646 2343 757 2403 περ
799 2343 909 2402 ego
953 2343 1076 2384 non
1118 2324 1323 2385 video,
1370 2326 1861 2386 concutiebantur
1902 2345 1980 2386 re
2025 2346 2198 2386 vera
2241 2329 2423 2402 muri3
2470 2329 2768 2405 fragorem

440 2430 513 2470 re
559 2430 736 2471 vera
778 2409 1035 2469 edebant
1077 2413 1303 2468 turres,
1353 2411 1541 2488 igitur
1572 2404 1654 2482 ὥς
1685 2403 1847 2470 ε’τεόν
1873 2431 1984 2488 περ
2015 2430 2136 2471 non
2164 2413 2388 2473 modo
2372 2432 2765 2489 incongruum

441 2499 535 2556 est
579 2495 684 2554 sed
726 2495 907 2554 etiam
950 2495 1169 2554 evertit
1220 2513 1372 2571 qnae
1426 2494 1844 2571 praecedentia
1885 2500 2122 2572 ponunt
2165 2501 2227 2556 et
2275 2502 2452 2557 nocet
2506 2517 2572 2556 re
2625 2517 2767 2557 vera

439 2600 563 2640 non
605 2580 872 2656 prodest.
947 2578 1133 2639 Visne
1163 2579 1606 2655 suspicionem?
1651 2582 1799 2641 Fors
1829 2599 1984 2641 unns
2013 2600 2219 2641 versus
2247 2586 2388 2658 post
2415 2584 2572 2642 hunc
2602 2583 2770 2643 deest

342 2676 407 2724 25
436 2684 555 2741 quo
602 2665 755 2723 dixit
798 2663 1048 2723 Calaber
1091 2667 1287 2723 turres
1331 2664 1631 2741 fragorem
1672 2666 1951 2741 edidisse,
1997 2686 2064 2726 ac
2111 2666 2161 2726 si
2205 2686 2277 2727 re
2319 2686 2493 2728 vera
2547 2667 2621 2727 ab
2666 2668 2766 2726 ho·

436 2750 628 2809 stibus
688 2754 1115 2825 quassarentur
1169 2748 1453 2809 machinis
1508 2749 1740 2811 bellicis
1787 2782 1862 2793 -
1909 2750 2238 2828 urbemque
2281 2753 2482 2813 hostes
2526 2753 2766 2816 invader-

436 2835 572 2893 rent
614 2832 941 2909 undique.“

606 2916 680 2979 V.
726 2919 851 2978 530
881 2935 1012 2994 sqq.
1058 2917 1130 2977 de
1175 2915 1503 2979 Cassandra
1545 2919 1691 2979 haec
1732 2920 2045 2997 leguntur.

691 3068 767 3078 —
862 3066 939 3079 -·-
1028 3068 1109 3079 —-
1193 3027 1322 3114 μέγ’
1370 3032 1573 3113 ἴαχεν,
1617 3027 1750 3097 ευτε
1790 3033 2028 3114 λέαινα,

687 3116 769 3197 ἥν
815 3112 893 3197 ρά
934 3113 993 3177 τ’
1042 3116 1133 3179 ἔνι
1180 3117 1516 3198 ξυλόχοισιν
1557 3112 1712 3201 ἀνὴρ
1754 3114 2174 3200 λελιημένος”
2137 3144 2320 3229 αγρης

687 3199 915 3305 ουτάσῃ
958 3194 1034 3279 ἠὲ
1077 3195 1263 3286 βάλῃ,
1308 3204 1414 3279 τῆς
1458 3201 1517 3263 δ’
1577 3202 1643 3265 έν
1686 3206 1860 3285 φρεσὶ
1901 3207 2173 3286 μαίνεται
2216 3200 2359 3304 ἦτορ

688 3282 886 3364 πάντη
928 3283 1031 3348 ἀν’
1080 3286 1262 3367 οὔρεα
1302 3281 1530 3369 μακρά,
1575 3287 1735 3351 πέλει
1780 3290 1849 3351 δέ
1890 3293 1955 3353 οῖ
1989 3288 2233 3369 ασχετος
2275 3284 2446 3371 αλκή.

432 3409 664 3469 Ultima
705 3428 827 3469 non
870 3408 1215 3469 cohaerent.
1260 3428 1379 3469 non
1422 3411 1582 3471 enim
1611 3430 1712 3471 cor
1753 3412 1992 3476 leaenae
2036 3414 2303 3491 undique
2345 3414 2410 3473 in
2453 3414 2762 3474 montibus

432 3495 657 3555 saevire
700 3495 929 3569 poterit
970 3493 1105 3555 dici.
1180 3494 1316 3554 Non
1361 3495 1572 3555 dubito
1629 3496 1772 3572 quin
1818 3503 1997 3573 poeta
2040 3499 2174 3559 hoc
2220 3499 2378 3559 fere
2422 3501 2634 3558 modo
2679 3500 2762 3559 lo·

430 3598 565 3640 cum
608 3579 1013 3641 exornaverit:

684 3730 757 3742 -
850 3730 936 3740 —
1021 3703 1139 3795 τῆς
1169 3690 1233 3754 δ’
1281 3691 1347 3755 ἐν
1389 3695 1574 3797 φρεσὶ
1592 3697 1864 3774 μαίνεται
1879 3690 2052 3794 ἦτορ

684 3774 1060 3885 <exirem-v·
1105 3771 1507 3886 ἆἩμφιθέει
1519 3772 1574 3839 δ’
1623 3777 1766 3843 ὑπὸ
1809 3776 2128 3863 χάσματι
2170 3784 2633 3866 βεβρυχυῖα)

682 3862 880 3942 πάντη
920 3858 1023 3925 ἄν’
1083 3861 1267 3940 οὔρεα
1309 3862 1510 3944 μακρά
1552 3872 1664 3933 etc.

428 3984 605 4044 Nunc
648 3984 887 4045 demum
930 3988 993 4045 et
1036 3985 1379 4047 ululandi
1438 3977 1602 4067 (μέγ’
1647 3984 1841 4067 ἴαχεν)
1887 3993 1949 4049 et
1993 3990 2341 4050 currendi
2405 3986 2759 4072 (μαιμώωσα

427 4062 664 4140 ἤλυθεν
706 4090 765 4130 v.
797 4072 922 4130 534
953 4067 1073 4147 sq.)
1118 4071 1284 4130 notio
1330 4090 1481 4147 quae
1524 4076 1779 4150 utraque
1819 4077 2066 4151 propter
2109 4077 2614 4152 comparationem
2659 4097 2758 4137 ne·

431 4155 682 4213 cessario
726 4155 1052 4230 requiritur
1093 4154 1262 4216 illata
1302 4160 1413 4219 est.

597 4238 670 4297 In
714 4237 1079 4301 Cassandrae
1136 4239 1402 4301 oratione
1447 4261 1598 4318 quae
1653 4244 1997 4305 continetur
2048 4265 2105 4305 v.
2153 4246 2486 4306 540—551
2543 4266 2760 4325 magna

429 4323 512 4381 sit
552 4316 763 4382 lacuna
805 4344 1046 4385 necesse
1091 4327 1199 4385 est.
1272 4325 1585 4402 Nusquam
1641 4329 1803 4388 enim
1859 4329 1917 4387 id
1977 4331 2133 4405 qnod
2181 4332 2273 4390 vel
2319 4332 2570 4391 maxime
2631 4335 2759 4391 erat

430 4408 815 4485 premendum
848 4410 1097 4484 exponit
1126 4408 1231 4468 illa
1260 4408 1514 4471 Graecos
1546 4412 1724 4475 duces
1755 4414 1856 4472 illo
1902 4433 2052 4489 equo
2083 4434 2211 4475 esse
2241 4416 2548 4477 conclusos
2575 4421 2758 4477 noctu
