3132 5129
1322 379 1784 441 —419—

370 535 579 611 Neque
608 538 716 595 aut
744 535 964 595 Boreas
996 554 1198 611 preces
1244 540 1349 594 aut
1393 538 1575 595 ceteri
1607 537 1768 595 venti
1806 536 2135 595 convicium
2165 536 2482 596 Erechthei
2513 537 2711 612 negle-

371 624 554 697 gunt:
604 622 783 679 immo
828 620 904 679 ad
950 640 1132 680 unum
1179 639 1382 680 omnes
1426 621 1574 679 mari
1619 621 2025 695 inequitantes
2072 621 2286 680 fluctus
2319 622 2712 681 vehementis·

372 706 518 764 sime
555 705 885 779 concitant,
918 706 1139 782 partim
1163 705 1413 780 Baccho,
1445 707 1661 789 partim
1704 702 1946 764 Deriadi
1977 706 2358 765 auxiliatores
2389 704 2477 784 (v.
2505 708 2713 765 377—

372 790 543 869 383).
613 790 1003 849 Praeviderat
1046 791 1187 866 hoc,
1233 793 1303 849 ut
1332 791 1601 864 videtur,
1649 790 1935 866 Bacchus,
1985 791 2088 866 qui
2126 792 2367 865 quidem
2397 791 2712 850 consilium

371 878 581 934 ventos
626 894 864 950 quoque
908 876 1130 952 quippe
1189 879 1435 935 cunctos
1492 874 1607 934 sibi
1669 875 1958 935 secundos
2014 876 2078 933 in
2136 876 2358 934 bellum
2404 876 2712 935 conciendi

374 960 648 1018 celeriter
693 960 1022 1035 abiecerat,
1071 964 1139 1018 ut
1183 979 1363 1035 supra
1406 960 1767 1018 narrabatur
1812 980 1867 1019 v.
1898 962 2252 1019 111—122.
2340 960 2711 1020 Erechtheus

371 1063 512 1103 vero
561 1048 628 1102 ut
659 1044 884 1103 Boreae
929 1062 1096 1104 socer
1138 1046 1275 1121 plus
1320 1045 1435 1104 sibi
1480 1047 1542 1104 et
1587 1046 1825 1119 poterat
1862 1049 1924 1104 et
1954 1063 2100 1104 vero
2130 1045 2385 1104 debebat
2413 1064 2708 1122 arrogare,

371 1147 507 1186 cum
538 1147 722 1206 gener
765 1130 945 1188 etiam
993 1131 1054 1188 in
1098 1130 1242 1189 belli
1275 1130 1497 1189 Persici
1520 1125 1570 1207 ¹)
1616 1130 1911 1207 angustiis
1956 1134 2334 1204 posterorum
2364 1134 2506 1190 vota
2536 1150 2710 1189 exau-

371 1214 606 1274 diturus
649 1222 823 1273 esset.
1801 1266 1812 1271 ,

539 1299 781 1358 Acriter
836 1299 1024 1375 igitur
1078 1300 1511 1376 Aeginetarum
1568 1304 1748 1375 atque
1801 1300 2261 1359 Atheniensium
2320 1300 2570 1359 navibus
2623 1302 2710 1358 in-

370 1383 727 1459 gruentibus
758 1384 913 1443 idem
961 1402 1072 1443 usu
1100 1385 1296 1459 venit,
1341 1403 1462 1460 quo
1507 1385 1688 1444 etiam
1732 1386 1794 1442 in
1839 1404 2043 1461 pugna
2074 1383 2397 1442 Salaminia
2427 1384 2638 1444 Graeci
2654 1381 2706 1461 ²)

371 1467 640 1527 barbaris
698 1470 1033 1543 superiores
1089 1473 1289 1528 erant:
1356 1469 1694 1545 quicunque
1747 1469 2036 1527 Indorum
2081 1468 2376 1529 vulnerati
2432 1471 2494 1527 in
2550 1489 2710 1528 mare

377 1552 840 1627 delabebantur,
871 1553 1147 1613 fluctibus
1178 1554 1372 1613 hausti
1406 1557 1561 1628 sunt,
1596 1554 1818 1629 quippe
1846 1554 1948 1629 qui
1979 1553 2223 1612 natandi
2253 1554 2449 1629 ignari
2482 1558 2710 1627 essent,

370 1637 588 1697 Bacchi
629 1657 771 1697 vero
826 1638 1069 1713 milites,
1116 1637 1331 1713 quibus
1375 1639 1531 1696 idem
1561 1640 1805 1713 accidit,
1854 1639 2013 1696 illius
2055 1640 2201 1698 artis
2229 1639 2444 1714 peritia
2474 1641 2711 1716 egregie

372 1723 654 1782 instructi
714 1722 886 1782 facile
954 1722 1287 1783 evadebant
1343 1722 1425 1800 (v.
1460 1719 1842 1801 361—371).
1941 1722 2194 1781 Plurimi
2241 1742 2382 1782 vero
2449 1724 2710 1783 hostium

372 1808 516 1881 ipsis
574 1808 711 1866 telis
758 1808 919 1866 varie
976 1807 1233 1866 confossi
1294 1808 1606 1882 perierunt
1649 1802 1734 1887 (v.
1767 1807 2149 1882 301-305).
2237 1808 2473 1867 Accidit
2530 1809 2710 1867 etiam

370 1893 434 1950 in
490 1892 601 1951 hoc
658 1893 899 1951 navium
956 1893 1249 1951 artissimo
1306 1912 1661 1969 congressu,
1721 1896 1791 1951 ut
1841 1893 1985 1950 duas
2042 1911 2224 1952 naves
2266 1893 2710 1952 vehementiore

370 1977 546 2035 unius
605 1976 811 2036 hastae
866 1978 990 2036 ictu
1044 1976 1358 2036 transfixas
1417 1981 1480 2036 et
1536 1978 1848 2054 colligatas
1894 1978 1974 2052 (v.
2008 1976 2368 2053 344—347)
2413 1979 2707 2053 remigum

370 2061 543 2119 labor
587 2062 889 2137 utrimque
935 2063 1204 2120 intentus
1247 2063 1470 2121 frustra
1514 2063 1854 2138 disiungere
1899 2062 2166 2120 studeret
2192 2064 2463 2138 quamvis
2494 2063 2707 2120 ruden-

370 2147 523 2204 tium
560 2146 717 2204 inter
747 2165 808 2205 se
839 2146 1324 2222 complicatorum
1355 2148 1611 2207 vinculis
1629 2142 1678 2223 ³)
1723 2166 1861 2205 ense
1907 2146 2179 2205 dissectis
2210 2142 2296 2225 (v.
2322 2146 2706 2223 306—311).

542 2227 667 2288 Iam
714 2233 889 2307 poeta
919 2250 1053 2290 cum
1083 2233 1248 2306 satis,
1295 2234 1526 2307 opinor,
1576 2232 2007 2308 Aeginetarum
2038 2234 2216 2306 atque
2247 2231 2706 2289 Atheniensium

372 2318 673 2375 certamen
719 2315 1053 2390 depinxisse
1098 2316 1213 2375 sibi
1243 2317 1580 2392 videretur,
1628 2316 1703 2374 ad
1746 2316 1894 2374 alios
1925 2315 2138 2374 Bacchi
2170 2315 2483 2381 bellatores
2514 2319 2706 2375 trans·

369 2399 630 2459 eundum
683 2400 800 2459 sibi
853 2401 1107 2476 putavit.
1221 2398 1378 2469 Quos
1433 2418 1575 2461 vero
1630 2400 2006 2475 potissimum
2061 2401 2311 2475 eligeret
2365 2431 2448 2441 —
2501 2418 2704 2459 omnes

342 2486 529 2543 .enim
587 2484 934 2561 singulatim
991 2503 1337 2544 enumerare
1396 2489 1459 2544 et
1514 2486 1764 2564 longum
1825 2488 1955 2543 erat
1998 2486 2061 2542 et
2103 2485 2177 2542 ab
2222 2485 2410 2559 ipsius
2462 2484 2705 2560 ingenio

370 2571 628 2630 alienum
681 2602 746 2612 —
771 2616 785 2644 ‚
842 2589 963 2629 non
1017 2570 1259 2629 difficile
1312 2573 1444 2629 erat
1498 2571 1842 2629 decernere:
1901 2588 1999 2628 eos
2056 2569 2296 2644 quidem
2355 2570 2705 2629 variationis

370 2655 898 2730 delectationisque
944 2655 1164 2734 gratia,
1227 2673 1479 2730 quorum
1539 2655 1856 2730 peculiaris
1902 2653 2129 2713 indoles
2173 2657 2354 2730 atque
2398 2654 2705 2730 pugnandi

369 2740 524 2798 ratio
591 2758 767 2814 quam
837 2741 1088 2797 maxime
1154 2760 1189 2798 a
1252 2740 1450 2799 navali
1516 2740 1945 2816 Aeginetarum
2010 2745 2193 2814 atque
2246 2739 2706 2799 Atheniensium

369 2825 587 2898 peritia
631 2823 995 2883 abhorreret.
1071 2823 1228 2883 Hinc
1272 2822 1642 2900 Cyclopes
1687 2825 1943 2900 primum
1992 2824 2177 2900 elegit
2217 2824 2487 2884 robore
2533 2829 2595 2883 et
2635 2825 2706 2883 vi

371 2908 735 2983 tremendOS,
796 2928 1070 2968 saxorum
1116 2909 1451 2985 ingentium
1518 2910 1906 2984 iaculatores,
1964 2927 2111 2983 quos
2157 2908 2311 2967 haud
2358 2909 2536 2968 dubie
2581 2909 2706 2967 sine

369 2993 624 3052 navibus
669 2995 1005 3053 innatantes
1049 2994 1261 3070 pelago
1307 2994 1421 3052 sibi
1467 2994 1669 3068 finxit,
1718 3014 1787 3052 ex
1832 2993 2048 3068 quibus
2080 2995 2334 3053 maxime
2363 2993 2706 3052 Halimedes

371 3077 609 3136 excellit
666 3096 797 3136 cum
854 3081 1077 3138 ceteros
1132 3078 1208 3136 ad
1263 3079 1653 3155 pugnandum
1698 3080 1970 3138 conciens
2016 3082 2144 3137 tum
2188 3080 2314 3154 ipse
2356 3097 2570 3137 navem
2616 3079 2705 3136 in-

369 3163 538 3237 genti
582 3163 822 3238 scopulo
865 3182 1205 3238 percussam
1253 3163 1601 3240 demergens
1648 3160 1728 3240 (v.
1763 3163 2116 3225 218—221.
2176 3159 2573 3242 340—343);
2622 3164 2707 3220 ita

369 3250 438 3305 ut
482 3249 545 3305 et
588 3267 623 3305 a
668 3245 912 3306 Galatea
957 3251 1226 3306 amanter
1268 3248 1480 3306 timida
1524 3267 1633 3322 pro
1679 3247 2047 3323 Polyphemo
2100 3248 2384 3307 habeatur
2440 3251 2503 3306 et
2544 3247 2704 3322 Nep-

370 3335 517 3389 tuno
561 3336 739 3406 atque
772 3332 1037 3391 Thoosae
1061 3332 1496 3408 Polyphemum
1539 3353 1574 3390 a
1618 3333 1844 3406 proelio
1887 3333 2096 3391 abesse
2142 3332 2468 3392 scientibus
2514 3331 2703 3389 diver-

369 3434 465 3475 sos
496 3417 675 3474 animi
720 3420 949 3490 motuS,
995 3417 1085 3475 illi
1116 3418 1404 3476 invidiam
1434 3417 1572 3475 huic
1602 3416 1919 3491 pudorem,
1966 3417 2175 3476 iniciat
2204 3411 2290 3496 (v.
2319 3417 2439 3474 257
2452 3412 2702 3493 —294).

368 3500 520 3558 Tum
568 3518 710 3560 vero
756 3521 787 3559 e
832 3500 1132 3561 Cabiris
1177 3521 1391 3580 unum,
1450 3501 1989 3577 Eurymedontem,
2049 3501 2283 3560 inducit
2335 3501 2408 3559 ad
2456 3500 2703 3558 dolum

373 3585 848 3661 insidiasque
892 3587 1366 3663 confugientem,
1413 3587 1516 3661 qui
1562 3586 1688 3645 face
1733 3605 1841 3646 sua
1871 3590 2200 3662 opportune
2229 3604 2372 3645 usus
2401 3586 2704 3661 propriam

369 3688 583 3728 navem
628 3670 893 3729 incendit
936 3676 1115 3746 atque
1160 3690 1228 3728 ea
1270 3672 1333 3729 in
1378 3671 1634 3730 mediam
1677 3670 1938 3730 hostium
1970 3672 2217 3730 classem
2247 3671 2513 3729 immissa
2541 3668 2700 3728 flam-

510 3835 557 3894 1)
594 3831 739 3886 Vide
775 3832 979 3886 Herod.
1019 3832 1141 3892 vn,
1184 3839 1296 3889 189.

505 3903 558 3965 2)
594 3898 739 3953 Vide
775 3899 981 3954 Herod.
1019 3899 1169 3965 VIII,
1208 3906 1291 3960 89.
1354 3892 1450 3954 Ἐν
1490 3898 1555 3955 δὲ
1597 3903 1671 3971 τῷ
1707 3901 1867 3970 πόνῳ
1917 3896 2100 3970 τούτῳ
2147 3897 2262 3954 ἀπὸ
2309 3898 2416 3968 μὲν
2454 3899 2635 3955 ἔθανε
2671 3896 2702 3954 ὁ

370 3984 579 4036 στρατη
621 3963 685 4031 ὰς
712 3961 1069 4038 Ἀριαβίγνης
1104 3966 1134 4022 ὁ
1173 3970 1425 4035 Δαρείου
1461 3999 1523 4008 -
1560 3963 1747 4039 ὀλίγοι
1793 3966 1861 4023 δέ
1905 3985 2057 4031 τινες
2105 3969 2200 4022 καὶ
2236 3965 2551 4038 Ἑλλήνων·
2599 3962 2703 4022 ἅτε

369 4030 478 4102 γὰρ
525 4054 558 4088 ν
595 4053 683 4089 ειν
725 4030 1125 4104 ἐπιστάμενοι,
1171 4042 1323 4090 τοῖσι
1371 4034 1437 4090 αἱ
1478 4038 1616 4104 νῆες
1664 4038 2080 4105 διεφθείροντο
2124 4036 2223 4090 καὶ
2268 4032 2347 4118 μὴ
2399 4032 2460 4089 ἐν
2499 4035 2705 4104 χειρῶν

370 4099 536 4224 2:5⁶?-
564 4098 971 4226 {2535er
992 4099 2070 4226 ‘z2²³23²5}2‘.‘33'“0„9:¹‘};‘::;‹÷‘⁶{205²
2097 4106 2398 4174 ⁶³⁰⁶“0w
2424 4100 2480 4158 ⁰²
2503 4105 2704 4158 ’Μ

503 4192 560 4304 g)
597 4238 754 4293 Hanc
810 4192 1019 4308 nunqu}
1051 4193 1181 4292 reg?
1208 4238 1357 4292 haud
1394 4239 1507 4294 scio
1543 4256 1617 4293 an
1654 4255 1723 4293 ex
1758 4193 1996 4308 simplici
2031 4240 2351 4294 narratione
2398 4239 2704 4310 amplifica·

372 4305 543 4371 verit,
621 4323 749 4361 uam
841 4307 992 4365 erod.
1014 4306 1255 4372 vl11,s4
1292 4306 1361 4360 de
1397 4307 1656 4360 Aminiae
1691 4323 1836 4362 nave
1873 4310 2095 4362 strenue
2132 4309 2190 4362 in
2213 4308 2432 4362 hostem
2456 4309 2703 4362 irruente

371 4372 457 4425 his
493 4388 590 4426 ver
634 4375 678 4426 is
713 4373 991 4429 exhibuit:
1039 4376 1466 4445 συμπλακείσης
1504 4373 1569 4429 δὲ
1608 4377 1711 4443 τῆς
1747 4371 1886 4445 νηὸς
1921 4378 2022 4430 καὶ
2060 4371 2130 4432 οὖ
2155 4372 2497 4446 δυναμένων
2523 4371 2703 4430 ἅπαι-

374 4442 621 4509 λαγῆναι
660 4433 809 4496 οὕτω
846 4441 921 4511 δὴ
961 4440 1020 4496 οἱ
1056 4437 1222 4497 ἄλλοι
1252 4442 1502 4513 Ἀμεινίῃ
1538 4440 1891 4512 βοηθέοντες
1929 4443 2286 4513 συνέμισγον.

2199 4530 2299 4582 27¹·

2750 1462 2810 1510 19
