3132 5129
404 555 436 602 6

1408 388 1865 449 -402-

635 546 710 603 V.
758 547 903 607 427.

726 643 986 721 Αἰπόλε,
1033 645 1092 701 τί
1131 641 1393 722 τρομέεις
1435 666 1538 719 με;
1584 644 1646 702 τί
1683 641 1916 719 φάρεϊ
1955 648 2166 720 χεῖρα
2212 639 2559 711 καλύπτειςς

471 768 556 825 At
599 784 739 827 vero
784 769 978 824 toturn
1026 784 1088 824 se
1133 762 1390 823 Cadmus
1436 764 1863 824 occultaverat:
1910 764 2032 823 vid.
2079 784 2134 823 v.
2182 764 2308 821 420

724 877 965 960 Κάδμος
1006 878 1112 942 ὅτε
1155 878 1418 959 τρομέων
1460 875 1582 940 ὑπὸ
1629 875 1855 960 ρωγιὶδι
1899 879 2153 939 πεύθετο
2191 877 2393 960 πέτρῃ.

468 1006 548 1062 Et
591 1024 742 1079 quae
786 1005 891 1061 illa
936 1023 1146 1061 manus
1191 1004 1286 1076 sit,
1336 1021 1513 1077 quam
1561 1002 1744 1077 pallio
1790 1002 2064 1074 occultet,
2111 1004 2172 1059 et
2217 1019 2322 1059 cur
2361 1018 2488 1057 eam
2522 999 2796 1071 occultet,

467 1108 640 1147 nemo
687 1089 859 1147 facile
903 1088 1136 1162 dixerit,
1182 1088 1298 1145 nisi
1343 1089 1479 1162 quis
1522 1106 1764 1146 manum
1812 1086 2272 1162 intellegendam
2319 1088 2508 1159 putet,
2555 1103 2672 1157 qua
2702 1102 2800 1158 sy·

466 1175 695 1250 ringem
741 1175 924 1232 tenet.
994 1173 1182 1247 Atqui
1228 1173 1337 1231 hoc
1382 1172 1652 1246 pluribus
1694 1172 1943 1231 Nonnus
1986 1172 2368 1246 exposuisset.
2441 1169 2530 1227 Ne
2577 1168 2796 1240 multa3

468 1260 733 1334 scripsit:
805 1255 861 1314 τί
901 1250 1088 1331 φάεα
1134 1252 1330 1333 χειρὶ
1376 1251 1722 1324 καλύπτεις;
1812 1256 2051 1315 Scilicet
2095 1275 2169 1313 ne
2212 1255 2605 1329 adspiceret,
2612 1271 2799 1327 ,mon-

466 1347 653 1402 strum
699 1343 1089 1417 horrendum,
1136 1343 1421 1415 informe,
1468 1341 1745 1418 ingeusf‘

636 1427 709 1484 V
697 1429 1100 1587 Ιῗιῗιῗιτίδοςθ
1066 1505 1349 1587 ὑμετέρης
1395 1506 1727 1571 ἔπιδεύεται
1769 1503 2093 1582 ἄννέφελος
2138 1501 2306 1578 Ζεύς.

467 1630 901 1707 Corrigendum
960 1618 1264 1707 ἡμετέρης.
1353 1630 1664 1707 Intellegit
1710 1630 2027 1706 Typhoeus
2073 1629 2395 1687 fulminum
2441 1627 2799 1685 tonitruum-

465 1734 577 1790 que
626 1718 832 1790 telum,
878 1716 1038 1791 quod
1069 1716 1199 1773 Iovi
1243 1716 1588 1791 ademptum
1634 1718 1752 1774 iam
1800 1734 1972 1774 suum
2004 1713 2145 1772 fecit
2174 1717 2236 1771 et
2266 1712 2631 1771 ludibundus
2662 1730 2794 1768 cum

465 1799 671 1858 Cadmi
730 1800 932 1858 fistula
989 1804 1310 1875 comparat.
1400 1799 1488 1858 cf.
1537 1822 1593 1859 v.
1641 1803 1763 1857 443
1822 1795 1984 1875 ἐμοὶ
2039 1794 2358 1875 βρομέουσι
2405 1794 2696 1874 κεραυνοί
2736 1799 2799 1852 et

466 1904 519 1942 v.
566 1886 684 1943 471
735 1878 1088 1961 ἡμετέρης
1131 1880 1213 1959 μὴ
1260 1884 1413 1955 δίζεο
1458 1880 1700 1959 δέμνιον
1727 1881 1940 1964 Ἵῖρης.

635 1969 901 2111 V·”E‘J16ki5}
930 2052 1280 2128 Λυκαονίης
1325 2042 1536 2130 ἐλατὴρ
1577 2049 1870 2135 Ἀρκτῷος
1912 2047 2160 2130 ἁμάξης.

462 2172 608 2232 Post
651 2173 807 2232 hunc
852 2194 908 2232 v.
958 2175 1020 2232 in
1066 2174 1126 2231 M
1171 2176 1262 2232 est
1306 2174 1515 2275 lacuna
1562 2174 1739 2233 unius
1785 2192 2013 2233 versus,

636 2259 699 2320 V
721 2261 1103 2418 Θὸλιιέομένοις
1147 2338 1531 2418 μελέεσσιν
1575 2336 1959 2401 ὗποκλὲπτων
2005 2335 2181 2400 τόπον
2224 2330 2425 2418 ἠχοῦς.

464 2463 561 2520 Sic
604 2463 693 2521 ed.
738 2483 829 2537 pr.
878 2465 939 2521 et
983 2463 1061 2519 M.
1093 2462 1361 2521 Graefius
1406 2455 1865 2520 δονάκεσσιν
1911 2463 2165 2538 scripsit,
2211 2463 2370 2519 recte
2415 2461 2490 2518 ad
2537 2479 2792 2533 sensum,

462 2568 767 2623 perperam
835 2548 907 2606 ad
976 2548 1239 2607 verbum.
1331 2548 1582 2607 Nonnus
1643 2548 1799 2608 enim
1854 2546 2316 2623 καλάμοισιν
2375 2545 2652 2605 dederat:
2719 2545 2794 2604 cf.

462 2653 512 2692 v.
562 2636 685 2691 436
731 2626 1031 2707 καλάμους
1074 2625 1360 2709 καλάμοις
1405 2624 1714 2708 στοιχηδὸν
1761 2629 1984 2692 ἕλίσσω.

629 2719 679 2774 Ε
738 2718 1059 2777 secundo
1120 2718 1274 2775 libro
1320 2719 1578 2792 primum
1625 2720 1784 2778 locos
1829 2723 2037 2778 notare
2082 2719 2305 2794 placet,
2366 2717 2428 2776 in
2473 2717 2688 2794 quibus
2734 2715 2792 2772 M

462 2802 687 2877 aliquid
735 2802 1113 2861 memorabile
1160 2802 1358 2861 habet.
1423 2803 1579 2862 Sunt
1621 2823 1760 2863 vcro
1804 2804 1896 2862 hi·
1943 2824 1999 2863 v
2028 2807 2106 2862 56
2138 2795 2497 2879 ἇσάμβαλος.
2560 2803 2635 2860 77
2667 2819 2794 2876 μετ-

462 2934 856 3013 ωχλίσθησαν.
917 2939 1030 2997 101
1084 2935 1362 3050 δειλαίης.
1428 2941 1542 3040 117
1592 2934 1829 3015 χωλέψη
1859 2935 2049 3018 (sici).
2113 2942 2229 2998 163
2261 2885 2343 2996 πό
2386 2936 2451 3014 (i.
2499 2958 2548 2996 e.
2580 2932 2795 3016 πόλον)

459 3083 712 3147 δινωτόν
757 3084 987 3159 ἐλάσας.
1038 3093 1159 3150 170
1203 3110 1337 3162 περι
1383 3092 1511 3166 στΐχ
1553 3093 1594 3150 i.
1633 3113 1685 3151 e.
1729 3111 1864 3163 περι
1909 3091 2143 3168 στίχας,
2188 3092 2346 3167 quod
2392 3092 2587 3166 ipsum
2633 3095 2792 3149 recte

459 3175 712 3234 coniecit
734 3175 1019 3234 Graefius.
1082 3177 1203 3234 193
1248 3173 1547 3254 δεξιτεροί.
1612 3180 1729 3237 199
1776 3175 2093 3274 μακρουσί,
2140 3177 2243 3235 ubi
2288 3179 2449 3235 recta
2479 3176 2654 3234 lectio
2676 3196 2788 3249 μα-

458 3259 599 3335 κροί
634 3261 782 3319 latet
826 3280 957 3319 cum
1004 3262 1341 3335 corruptela
1385 3263 1663 3322 editionis
1707 3282 1971 3340 μακρους
2017 3264 2347 3322 coniuncta.
2395 3263 2514 3319 227
2562 3256 2794 3317 κοτέου-

458 3360 591 3404 σαν.
653 3347 778 3405 250
820 3338 1230 3423 ἀμειβομένην.
1296 3347 1420 3405 334
1463 3340 1670 3424 ποτόν,
1715 3352 1785 3405 ut
1828 3348 1919 3406 ed.
1967 3368 2074 3423 pn,
2121 3348 2224 3406 sed
2269 3367 2299 3402 τ
2345 3348 2674 3405 correctum
2721 3365 2789 3402 ex

460 3502 515 3539 ν.
579 3480 739 3540 Olim
786 3482 973 3559 igitur
1013 3475 1203 3539 πόνον
1247 3482 1448 3556 fuerit,
1495 3482 1653 3558 quod
1697 3483 1880 3542 habet
1923 3502 2041 3559 quo
2073 3482 2441 3542 defendatur.
2502 3478 2688 3540 506*
2656 3501 2794 3554 ιχνα

459 3560 591 3644 (sed
636 3585 674 3621 v
716 3566 788 3624 ab
836 3566 961 3625 ead.
1009 3564 1145 3640 m),
1202 3570 1264 3624 et
1317 3564 1496 3642 ἴχνυα
1552 3569 1850 3644 exemplar
1902 3568 2120 3626 habere
2179 3568 2324 3626 dicit
2369 3566 2790 3642 Falkenburg„

460 3652 562 3724 qui
619 3646 832 3726 ἴχνια
892 3652 1133 3726 scripsit
1193 3655 1495 3727 receptum
1554 3652 1804 3711 Graefio.
1895 3652 2041 3711 Mihi
2087 3653 2328 3728 quidem
2373 3647 2584 3726 ἰσχία
2627 3670 2791 3725 prae·

458 3735 767 3794 ferendum
821 3735 1078 3795 videtur.
1168 3737 1289 3794 425
1344 3733 1549 3794 αλλοτε
1605 3734 1730 3794 καὶ
1773 3771 1854 3779 —
1897 3734 2147 3841 ὄμβρῳ.
2209 3737 2331 3794 432
2392 3732 2790 3810 νιφοβλήτοιο.

458 3819 583 3880 486
628 3811 935 3920 καναχήδα
984 3820 1285 3896 (ultimum
1331 3841 1369 3877 α
1412 3822 1474 3880 in
1520 3818 1825 3901 correct..)
1917 3824 2039 3882 533
2085 3818 2317 3896 ειαρινη
2362 3818 2550 3878 σαίων
2594 3814 2787 3899 (sicl).

458 3905 583 3962 534
628 3895 787 3979 ἄμφι
831 3901 1091 3963 τένοντα.
1170 3905 1290 3964 537
1337 3895 1549 3978 πολὴν.
1629 3907 1751 3966 606
1797 3906 1943 3982 πῶς,
1991 3907 2150 4004 quod
2196 3906 2600 3981 recipiendum
2646 3909 2792 3980 puto

459 4021 540 4032 —-
586 3989 660 4048 cf.
706 3990 812 4066 IV,
859 3993 938 4049 46
991 4024 1084 4065 -,
1131 3992 1201 4048 ut
1244 3991 1423 4050 etiam
1469 3991 1526 4066 I,
1579 3993 1654 4050 17
1719 4011 1878 4062 οπως
1931 4012 2040 4067 pro
2086 4010 2224 4072 οπῃ.
2315 3991 2437 4050 608
2484 3986 2787 4066 ἕλαχευαν.

459 4074 584 4132 680
626 4067 904 4138 ἆσταθέο.
967 4078 1087 4135 695
1132 4068 1308 4150 ἥλης,
1356 4077 1513 4134 unde
1558 4076 1784 4151 aliquid
1829 4078 1958 4153 opis
2003 4078 2217 4151 accipit
2243 4076 2580 4135 emendatio
2614 4072 2788 4133 Grae-

458 4156 613 4216 fiana
626 4156 895 4304 vaizl.
911 4161 1039 4218 Iam
1084 4160 1158 4218 ad
1202 4163 1428 4221 ceteros
1472 4161 1631 4221 locos
1676 4165 1933 4225 transeo,

716 4328 990 4405 Μίξομαι
1034 4321 1336 4407 ὀρνίθεσσι
1380 4325 1504 4387 καὶ
1552 4326 1923 4412 ἱπταμένῃ
1967 4324 2367 4413 φιλομήλῃ.

459 4448 553 4506 Ila
600 4447 863 4507 Graefius
909 4469 977 4506 ex
1010 4449 1338 4506 Hermanni
1384 4449 1795 4509 emendatione
1841 4451 2112 4526 scripsit:
2163 4444 2448 4524 ἱπταμένη
2495 4438 2790 4525 φιλομήλη
