<?xml version="1.0" encoding="UTF-8"?>
<!DOCTYPE html PUBLIC "-//W3C//DTD XHTML 1.0 Transitional//EN"
    "http://www.w3.org/TR/xhtml1/DTD/xhtml1-transitional.dtd">
<html xmlns="http://www.w3.org/1999/xhtml" xml:lang="en" lang="en">
 <head>
  <title>
</title>
<meta http-equiv="Content-Type" content="text/html;charset=utf-8" />
  <meta name='ocr-system' content='tesseract 3.04.00' />
  <meta name='ocr-capabilities' content='ocr_page ocr_carea ocr_par ocr_line ocrx_word'/>
</head>
<body>
  <div class='ocr_page' id='page_1' title='image "./opusculaphilolo00koecgoog_0293.png"; bbox 0 0 3132 5129; ppageno 0'>
   <div class='ocr_carea' id='block_1_1' title="bbox 1298 396 1755 460">
    <p class='ocr_par' dir='ltr' id='par_1_1' title="bbox 1298 396 1755 460">
     <span class='ocr_line' id='line_1_1' title="bbox 1298 396 1755 460; baseline -0.002 0"><span class='ocrx_word' id='word_1_1' title='bbox 1298 396 1586 460; x_wconf 84' lang='lat'>-281</span> <span class='ocrx_word' id='word_1_2' title='bbox 1683 435 1755 444; x_wconf 94' lang='lat'>—</span> 
     </span>
    </p>
   </div>
   <div class='ocr_carea' id='block_1_2' title="bbox 356 546 2699 1719">
    <p class='ocr_par' dir='ltr' id='par_1_2' title="bbox 356 546 2699 1719">
     <span class='ocr_line' id='line_1_2' title="bbox 356 546 2692 631; baseline -0.001 -16"><span class='ocrx_word' id='word_1_3' title='bbox 356 546 443 615; x_wconf 77' lang='grc' dir='ltr'><strong>οὖ</strong></span> <span class='ocrx_word' id='word_1_4' title='bbox 457 575 570 614; x_wconf 81' lang='grc' dir='ltr'><strong>τοι</strong></span> <span class='ocrx_word' id='word_1_5' title='bbox 614 548 929 631; x_wconf 80' lang='grc' dir='ltr'><strong><em>εὐτυχεῖ</em></strong></span> <span class='ocrx_word' id='word_1_6' title='bbox 935 549 992 629; x_wconf 88' lang='grc' dir='ltr'><strong>ς)</strong></span> <span class='ocrx_word' id='word_1_7' title='bbox 1040 556 1249 630; x_wconf 84' lang='lat' dir='ltr'><strong>utpote</strong></span> <span class='ocrx_word' id='word_1_8' title='bbox 1295 554 1734 631; x_wconf 86' lang='lat' dir='ltr'><strong>potentissima.</strong></span> <span class='ocrx_word' id='word_1_9' title='bbox 1808 555 1973 613; x_wconf 89' lang='lat' dir='ltr'><strong>Haec</strong></span> <span class='ocrx_word' id='word_1_10' title='bbox 2015 553 2313 629; x_wconf 87' lang='lat' dir='ltr'><strong>potentia,</strong></span> <span class='ocrx_word' id='word_1_11' title='bbox 2363 573 2480 629; x_wconf 91' lang='lat' dir='ltr'><strong>qua</strong></span> <span class='ocrx_word' id='word_1_12' title='bbox 2523 554 2692 613; x_wconf 91' lang='lat' dir='ltr'><strong>deam</strong></span> 
     </span>
     <span class='ocr_line' id='line_1_3' title="bbox 360 638 2694 716; baseline -0.002 -16"><span class='ocrx_word' id='word_1_13' title='bbox 360 642 435 700; x_wconf 89' lang='lat' dir='ltr'><strong>ad</strong></span> <span class='ocrx_word' id='word_1_14' title='bbox 483 660 688 699; x_wconf 90' lang='lat' dir='ltr'><strong>suam</strong></span> <span class='ocrx_word' id='word_1_15' title='bbox 734 640 902 716; x_wconf 82' lang='lat' dir='ltr'><strong>quasi</strong></span> <span class='ocrx_word' id='word_1_16' title='bbox 949 639 1528 715; x_wconf 86' lang='lat' dir='ltr'><strong>„praedestinatam“</strong></span> <span class='ocrx_word' id='word_1_17' title='bbox 1576 640 2056 699; x_wconf 83' lang='lat' dir='ltr'><strong>voluntatem</strong></span> <span class='ocrx_word' id='word_1_18' title='bbox 2099 639 2190 698; x_wconf 90' lang='lat' dir='ltr'><strong>uti</strong></span> <span class='ocrx_word' id='word_1_19' title='bbox 2232 639 2465 714; x_wconf 88' lang='lat' dir='ltr'><strong>saepius</strong></span> <span class='ocrx_word' id='word_1_20' title='bbox 2510 638 2694 698; x_wconf 83' lang='lat' dir='ltr'><strong>incul-</strong></span> 
     </span>
     <span class='ocr_line' id='line_1_4' title="bbox 359 719 2692 802; baseline -0.003 -15"><span class='ocrx_word' id='word_1_21' title='bbox 359 730 558 800; x_wconf 84' lang='lat' dir='ltr'><strong>catur,</strong></span> <span class='ocrx_word' id='word_1_22' title='bbox 591 725 978 802; x_wconf 80' lang='lat' dir='ltr'><strong>sequentibus</strong></span> <span class='ocrx_word' id='word_1_23' title='bbox 1009 725 1271 800; x_wconf 90' lang='lat' dir='ltr'><strong>strophis</strong></span> <span class='ocrx_word' id='word_1_24' title='bbox 1300 727 1419 784; x_wconf 90' lang='lat' dir='ltr'><strong>iam</strong></span> <span class='ocrx_word' id='word_1_25' title='bbox 1450 725 1534 783; x_wconf 85' lang='lat' dir='ltr'><strong>ita</strong></span> <span class='ocrx_word' id='word_1_26' title='bbox 1562 728 1961 800; x_wconf 77' lang='lat' dir='ltr'><strong>percensetur,</strong></span> <span class='ocrx_word' id='word_1_27' title='bbox 1992 725 2061 782; x_wconf 91' lang='lat' dir='ltr'><strong>ut</strong></span> <span class='ocrx_word' id='word_1_28' title='bbox 2091 726 2303 783; x_wconf 86' lang='lat' dir='ltr'><strong>sexta</strong></span> <span class='ocrx_word' id='word_1_29' title='bbox 2332 719 2464 801; x_wconf 91' lang='lat' dir='ltr'><strong>(ubi</strong></span> <span class='ocrx_word' id='word_1_30' title='bbox 2494 726 2692 781; x_wconf 80' lang='grc' dir='ltr'><em>λιπα-</em></span> 
     </span>
     <span class='ocr_line' id='line_1_5' title="bbox 358 804 2697 890; baseline -0 -21"><span class='ocrx_word' id='word_1_31' title='bbox 358 818 495 890; x_wconf 78' lang='grc' dir='ltr'><strong>ρῶς</strong></span> <span class='ocrx_word' id='word_1_32' title='bbox 520 812 729 887; x_wconf 78' lang='lat' dir='ltr'><strong>scripsi</strong></span> <span class='ocrx_word' id='word_1_33' title='bbox 753 829 785 869; x_wconf 92' lang='lat' dir='ltr'><strong>e</strong></span> <span class='ocrx_word' id='word_1_34' title='bbox 809 809 1124 869; x_wconf 70' lang='lat' dir='ltr'><strong>scholiasta</strong></span> <span class='ocrx_word' id='word_1_35' title='bbox 1146 829 1253 885; x_wconf 91' lang='lat' dir='ltr'><strong>pro</strong></span> <span class='ocrx_word' id='word_1_36' title='bbox 1276 806 1683 886; x_wconf 63' lang='lat' dir='ltr'><strong>vitiatopaeynf</strong></span> <span class='ocrx_word' id='word_1_37' title='bbox 1695 811 1726 867; x_wconf 80' lang='grc' dir='ltr'><strong><em>λ</em></strong></span> <span class='ocrx_word' id='word_1_38' title='bbox 1743 804 1860 890; x_wconf 86' lang='grc' dir='ltr'><strong>ως)</strong></span> <span class='ocrx_word' id='word_1_39' title='bbox 1883 809 1956 868; x_wconf 91' lang='lat' dir='ltr'><strong>de</strong></span> <span class='ocrx_word' id='word_1_40' title='bbox 1980 808 2212 868; x_wconf 85' lang='lat' dir='ltr'><strong>iudiciis</strong></span> <span class='ocrx_word' id='word_1_41' title='bbox 2235 810 2296 867; x_wconf 90' lang='lat' dir='ltr'><strong>et</strong></span> <span class='ocrx_word' id='word_1_42' title='bbox 2319 808 2697 868; x_wconf 84' lang='lat' dir='ltr'><strong>contionibus</strong></span> 
     </span>
     <span class='ocr_line' id='line_1_6' title="bbox 357 893 2695 972; baseline -0.001 -18"><span class='ocrx_word' id='word_1_43' title='bbox 357 897 579 972; x_wconf 88' lang='lat' dir='ltr'><strong>quippe</strong></span> <span class='ocrx_word' id='word_1_44' title='bbox 601 895 972 971; x_wconf 82' lang='lat' dir='ltr'><strong>gravissimis</strong></span> <span class='ocrx_word' id='word_1_45' title='bbox 996 895 1201 971; x_wconf 82' lang='lat' dir='ltr'><strong>pacis</strong></span> <span class='ocrx_word' id='word_1_46' title='bbox 1226 895 1505 971; x_wconf 82' lang='lat' dir='ltr'><strong>operibus</strong></span> <span class='ocrx_word' id='word_1_47' title='bbox 1525 899 1685 970; x_wconf 86' lang='lat' dir='ltr'><strong>agat,</strong></span> <span class='ocrx_word' id='word_1_48' title='bbox 1720 913 1845 970; x_wconf 90' lang='lat' dir='ltr'><strong>sep</strong></span> <span class='ocrx_word' id='word_1_49' title='bbox 1865 894 2044 953; x_wconf 88' lang='lat' dir='ltr'><strong>tima</strong></span> <span class='ocrx_word' id='word_1_50' title='bbox 2073 893 2158 952; x_wconf 88' lang='lat' dir='ltr'><strong>de</strong></span> <span class='ocrx_word' id='word_1_51' title='bbox 2191 894 2379 953; x_wconf 89' lang='lat' dir='ltr'><strong>belli</strong></span> <span class='ocrx_word' id='word_1_52' title='bbox 2401 893 2695 968; x_wconf 89' lang='lat' dir='ltr'><strong>periculis,</strong></span> 
     </span>
     <span class='ocr_line' id='line_1_7' title="bbox 357 978 2699 1057; baseline -0.001 -18"><span class='ocrx_word' id='word_1_53' title='bbox 357 982 659 1057; x_wconf 81' lang='lat' dir='ltr'><strong>proximae</strong></span> <span class='ocrx_word' id='word_1_54' title='bbox 703 983 858 1039; x_wconf 90' lang='lat' dir='ltr'><strong>tres</strong></span> <span class='ocrx_word' id='word_1_55' title='bbox 903 998 1042 1039; x_wconf 88' lang='lat' dir='ltr'><strong>vero</strong></span> <span class='ocrx_word' id='word_1_56' title='bbox 1089 980 1294 1038; x_wconf 90' lang='lat' dir='ltr'><strong>eodem</strong></span> <span class='ocrx_word' id='word_1_57' title='bbox 1353 978 1602 1054; x_wconf 79' lang='lat' dir='ltr'><strong>epitheti</strong></span> <span class='ocrx_word' id='word_1_58' title='bbox 1656 980 1831 1038; x_wconf 88' lang='lat' dir='ltr'><strong>initio</strong></span> <span class='ocrx_word' id='word_1_59' title='bbox 1888 979 2152 1055; x_wconf 80' lang='lat' dir='ltr'><strong>insignes</strong></span> <span class='ocrx_word' id='word_1_60' title='bbox 2209 981 2402 1037; x_wconf 88' lang='lat' dir='ltr'><strong>cetera</strong></span> <span class='ocrx_word' id='word_1_61' title='bbox 2455 980 2699 1055; x_wconf 87' lang='lat' dir='ltr'><strong>negotia</strong></span> 
     </span>
     <span class='ocr_line' id='line_1_8' title="bbox 358 1064 2696 1142; baseline -0.001 -17"><span class='ocrx_word' id='word_1_62' title='bbox 358 1069 821 1142; x_wconf 83' lang='lat' dir='ltr'><strong>persequantur,</strong></span> <span class='ocrx_word' id='word_1_63' title='bbox 868 1083 1118 1140; x_wconf 89' lang='lat' dir='ltr'><strong>quorum</strong></span> <span class='ocrx_word' id='word_1_64' title='bbox 1163 1068 1234 1122; x_wconf 93' lang='lat' dir='ltr'><strong>ut</strong></span> <span class='ocrx_word' id='word_1_65' title='bbox 1277 1064 1657 1123; x_wconf 86' lang='lat' dir='ltr'><strong>nobilissima</strong></span> <span class='ocrx_word' id='word_1_66' title='bbox 1685 1064 1964 1123; x_wconf 86' lang='lat' dir='ltr'><strong>ludorum</strong></span> <span class='ocrx_word' id='word_1_67' title='bbox 1996 1064 2317 1123; x_wconf 86' lang='lat' dir='ltr'><strong>certamina</strong></span> <span class='ocrx_word' id='word_1_68' title='bbox 2361 1065 2696 1122; x_wconf 84' lang='lat' dir='ltr'><strong>octavam</strong></span> 
     </span>
     <span class='ocr_line' id='line_1_9' title="bbox 358 1148 2697 1226; baseline -0.001 -16"><span class='ocrx_word' id='word_1_69' title='bbox 358 1151 633 1226; x_wconf 85' lang='lat' dir='ltr'><strong>explent,</strong></span> <span class='ocrx_word' id='word_1_70' title='bbox 681 1168 966 1225; x_wconf 88' lang='lat' dir='ltr'><strong>equorum</strong></span> <span class='ocrx_word' id='word_1_71' title='bbox 1013 1150 1310 1224; x_wconf 88' lang='lat' dir='ltr'><strong>marisque</strong></span> <span class='ocrx_word' id='word_1_72' title='bbox 1367 1153 1612 1209; x_wconf 84' lang='lat' dir='ltr'><strong>vectura</strong></span> <span class='ocrx_word' id='word_1_73' title='bbox 1671 1148 1852 1225; x_wconf 89' lang='lat' dir='ltr'><strong>(quae</strong></span> <span class='ocrx_word' id='word_1_74' title='bbox 1908 1167 2082 1224; x_wconf 86' lang='lat' dir='ltr'><strong>quam</strong></span> <span class='ocrx_word' id='word_1_75' title='bbox 2143 1149 2460 1206; x_wconf 88' lang='lat' dir='ltr'><strong>coniuncta</strong></span> <span class='ocrx_word' id='word_1_76' title='bbox 2519 1148 2697 1208; x_wconf 81' lang='lat' dir='ltr'><strong>fuerit</strong></span> 
     </span>
     <span class='ocr_line' id='line_1_10' title="bbox 359 1232 2694 1309; baseline -0.002 -15"><span class='ocrx_word' id='word_1_77' title='bbox 359 1235 605 1294; x_wconf 84' lang='lat' dir='ltr'><strong>Graecis</strong></span> <span class='ocrx_word' id='word_1_78' title='bbox 665 1235 762 1294; x_wconf 86' lang='lat' dir='ltr'><strong>vel</strong></span> <span class='ocrx_word' id='word_1_79' title='bbox 821 1234 1166 1309; x_wconf 77' lang='lat' dir='ltr'><strong>Neptunus.</strong></span> <span class='ocrx_word' id='word_1_80' title='bbox 1199 1234 1466 1293; x_wconf 87' lang='lat' dir='ltr'><strong>ostendit</strong></span> <span class='ocrx_word' id='word_1_81' title='bbox 1522 1234 1658 1309; x_wconf 90' lang='lat' dir='ltr'><strong>equi</strong></span> <span class='ocrx_word' id='word_1_82' title='bbox 1713 1236 1946 1294; x_wconf 90' lang='lat' dir='ltr'><strong>creator</strong></span> <span class='ocrx_word' id='word_1_83' title='bbox 1998 1234 2059 1292; x_wconf 90' lang='lat' dir='ltr'><strong>et</strong></span> <span class='ocrx_word' id='word_1_84' title='bbox 2116 1232 2489 1307; x_wconf 78' lang='lat' dir='ltr'><strong>proverbiale</strong></span> <span class='ocrx_word' id='word_1_85' title='bbox 2544 1232 2694 1291; x_wconf 90' lang='lat' dir='ltr'><strong>illud</strong></span> 
     </span>
     <span class='ocr_line' id='line_1_11' title="bbox 360 1306 2695 1397; baseline -0.001 -19"><span class='ocrx_word' id='word_1_86' title='bbox 360 1320 567 1395; x_wconf 82' lang='lat' dir='ltr'><strong>prodit</strong></span> <span class='ocrx_word' id='word_1_87' title='bbox 611 1320 683 1378; x_wconf 91' lang='lat' dir='ltr'><strong>de</strong></span> <span class='ocrx_word' id='word_1_88' title='bbox 726 1320 978 1379; x_wconf 86' lang='lat' dir='ltr'><strong>navibus</strong></span> <span class='ocrx_word' id='word_1_89' title='bbox 1021 1315 1094 1374; x_wconf 84' lang='grc' dir='ltr'><strong>αἴ</strong></span> <span class='ocrx_word' id='word_1_90' title='bbox 1128 1306 1197 1375; x_wconf 74' lang='grc' dir='ltr'><strong>θ’</strong></span> <span class='ocrx_word' id='word_1_91' title='bbox 1247 1312 1391 1390; x_wconf 81' lang='grc' dir='ltr'><strong>ἆλὸς</strong></span> <span class='ocrx_word' id='word_1_92' title='bbox 1439 1316 1613 1376; x_wconf 77' lang='grc' dir='ltr'><em>ἵπποι</em></span> <span class='ocrx_word' id='word_1_93' title='bbox 1650 1315 1660 1397; x_wconf 85' lang='grc'>1</span> <span class='ocrx_word' id='word_1_94' title='bbox 1739 1312 1996 1396; x_wconf 77' lang='grc' dir='ltr'><em>ἀνδράσι</em></span> <span class='ocrx_word' id='word_1_95' title='bbox 2038 1314 2342 1394; x_wconf 80' lang='grc' dir='ltr'><em>γίγνονται</em></span> <span class='ocrx_word' id='word_1_96' title='bbox 2385 1316 2545 1392; x_wconf 90' lang='lat' dir='ltr'><strong>apud</strong></span> <span class='ocrx_word' id='word_1_97' title='bbox 2574 1316 2695 1375; x_wconf 88' lang='lat' dir='ltr'><strong>Ho-</strong></span> 
     </span>
     <span class='ocr_line' id='line_1_12' title="bbox 361 1401 2693 1481; baseline -0.002 -17"><span class='ocrx_word' id='word_1_98' title='bbox 361 1424 587 1464; x_wconf 89' lang='lat' dir='ltr'><strong>merum</strong></span> <span class='ocrx_word' id='word_1_99' title='bbox 619 1403 655 1461; x_wconf 80' lang='grc' dir='ltr'><em>ὃ</em></span> <span class='ocrx_word' id='word_1_100' title='bbox 690 1401 842 1481; x_wconf 86' lang='grc'>708)</span> <span class='ocrx_word' id='word_1_101' title='bbox 887 1406 1064 1479; x_wconf 88' lang='lat' dir='ltr'><strong>atque</strong></span> <span class='ocrx_word' id='word_1_102' title='bbox 1094 1405 1335 1463; x_wconf 81' lang='lat' dir='ltr'><strong>venatio</strong></span> <span class='ocrx_word' id='word_1_103' title='bbox 1375 1404 1616 1479; x_wconf 88' lang='lat' dir='ltr'><strong>utrique</strong></span> <span class='ocrx_word' id='word_1_104' title='bbox 1647 1404 1965 1463; x_wconf 87' lang='lat' dir='ltr'><strong>coniuncta</strong></span> <span class='ocrx_word' id='word_1_105' title='bbox 2007 1402 2068 1461; x_wconf 88' lang='lat' dir='ltr'><strong>in</strong></span> <span class='ocrx_word' id='word_1_106' title='bbox 2099 1421 2363 1461; x_wconf 90' lang='lat' dir='ltr'><strong>nonam</strong></span> <span class='ocrx_word' id='word_1_107' title='bbox 2394 1404 2693 1461; x_wconf 82' lang='lat' dir='ltr'><strong>coarctan-</strong></span> 
     </span>
     <span class='ocr_line' id='line_1_13' title="bbox 361 1486 2697 1564; baseline -0.001 -16"><span class='ocrx_word' id='word_1_108' title='bbox 361 1497 491 1563; x_wconf 82' lang='lat' dir='ltr'><strong>tur3</strong></span> <span class='ocrx_word' id='word_1_109' title='bbox 539 1489 775 1549; x_wconf 92' lang='lat' dir='ltr'><strong>decim</strong></span> <span class='ocrx_word' id='word_1_110' title='bbox 794 1509 830 1545; x_wconf 91' lang='lat' dir='ltr'><strong>a</strong></span> <span class='ocrx_word' id='word_1_111' title='bbox 873 1488 1129 1564; x_wconf 91' lang='lat' dir='ltr'><strong>denique</strong></span> <span class='ocrx_word' id='word_1_112' title='bbox 1173 1508 1298 1547; x_wconf 90' lang='lat' dir='ltr'><strong>rem</strong></span> <span class='ocrx_word' id='word_1_113' title='bbox 1352 1488 1687 1564; x_wconf 78' lang='lat' dir='ltr'><strong>pecuariam</strong></span> <span class='ocrx_word' id='word_1_114' title='bbox 1736 1489 1918 1547; x_wconf 86' lang='lat' dir='ltr'><strong>habet</strong></span> <span class='ocrx_word' id='word_1_115' title='bbox 1960 1487 2152 1546; x_wconf 87' lang='lat' dir='ltr'><strong>bubus</strong></span> <span class='ocrx_word' id='word_1_116' title='bbox 2197 1487 2440 1561; x_wconf 88' lang='lat' dir='ltr'><strong>capellis</strong></span> <span class='ocrx_word' id='word_1_117' title='bbox 2485 1486 2697 1546; x_wconf 86' lang='lat' dir='ltr'><strong>ovibus</strong></span> 
     </span>
     <span class='ocr_line' id='line_1_14' title="bbox 361 1572 2693 1650; baseline -0.002 -17"><span class='ocrx_word' id='word_1_118' title='bbox 361 1575 712 1650; x_wconf 88' lang='lat' dir='ltr'><strong>singulatim</strong></span> <span class='ocrx_word' id='word_1_119' title='bbox 745 1574 1124 1632; x_wconf 73' lang='lat' dir='ltr'><strong>enumeratis,</strong></span> <span class='ocrx_word' id='word_1_120' title='bbox 1199 1573 1603 1633; x_wconf 89' lang='lat' dir='ltr'><strong>Undecima</strong></span> <span class='ocrx_word' id='word_1_121' title='bbox 1645 1573 1917 1648; x_wconf 88' lang='lat' dir='ltr'><strong>stropha,</strong></span> <span class='ocrx_word' id='word_1_122' title='bbox 1965 1573 2132 1630; x_wconf 88' lang='lat' dir='ltr'><strong>cuius</strong></span> <span class='ocrx_word' id='word_1_123' title='bbox 2162 1590 2269 1646; x_wconf 90' lang='lat' dir='ltr'><strong>pro</strong></span> <span class='ocrx_word' id='word_1_124' title='bbox 2299 1572 2487 1630; x_wconf 90' lang='lat' dir='ltr'><strong>altero</strong></span> <span class='ocrx_word' id='word_1_125' title='bbox 2517 1590 2693 1631; x_wconf 86' lang='lat' dir='ltr'><strong>versu</strong></span> 
     </span>
     <span class='ocr_line' id='line_1_15' title="bbox 361 1658 1191 1719; baseline -0.004 -1"><span class='ocrx_word' id='word_1_126' title='bbox 361 1660 528 1719; x_wconf 86' lang='lat' dir='ltr'><strong>varia</strong></span> <span class='ocrx_word' id='word_1_127' title='bbox 569 1659 746 1719; x_wconf 86' lang='lat' dir='ltr'><strong>lectio</strong></span> <span class='ocrx_word' id='word_1_128' title='bbox 791 1660 920 1718; x_wconf 87' lang='lat' dir='ltr'><strong>erat</strong></span> <span class='ocrx_word' id='word_1_129' title='bbox 961 1678 1019 1719; x_wconf 82' lang='lat' dir='ltr'><strong>v.</strong></span> <span class='ocrx_word' id='word_1_130' title='bbox 1067 1658 1191 1716; x_wconf 79' lang='lat'><strong>415</strong></span> 
     </span>
    </p>
   </div>
   <div class='ocr_carea' id='block_1_3' title="bbox 665 1768 2110 1853">
    <p class='ocr_par' dir='ltr' id='par_1_3' title="bbox 665 1768 2110 1853">
     <span class='ocr_line' id='line_1_16' title="bbox 665 1768 2110 1853; baseline -0.001 -19"><span class='ocrx_word' id='word_1_131' title='bbox 665 1770 1066 1835; x_wconf 78' lang='grc' dir='ltr'><em>ἀθανάτοισι</em></span> <span class='ocrx_word' id='word_1_132' title='bbox 1111 1781 1306 1835; x_wconf 83' lang='grc' dir='ltr'><em>θεοῖσι</em></span> <span class='ocrx_word' id='word_1_133' title='bbox 1351 1770 1619 1852; x_wconf 80' lang='grc' dir='ltr'><em>τετιμένη</em></span> <span class='ocrx_word' id='word_1_134' title='bbox 1665 1771 1788 1835; x_wconf 78' lang='grc' dir='ltr'><strong>ἐστὶ</strong></span> <span class='ocrx_word' id='word_1_135' title='bbox 1828 1768 2110 1853; x_wconf 74' lang='grc' dir='ltr'><em>μάλιστα,</em></span> 
     </span>
    </p>
   </div>
   <div class='ocr_carea' id='block_1_4' title="bbox 357 1909 2789 4538">
    <p class='ocr_par' dir='ltr' id='par_1_4' title="bbox 359 1909 2697 2228">
     <span class='ocr_line' id='line_1_17' title="bbox 359 1909 2697 1990; baseline -0.002 -19"><span class='ocrx_word' id='word_1_136' title='bbox 359 1914 504 1990; x_wconf 90' lang='lat' dir='ltr'><strong>quid</strong></span> <span class='ocrx_word' id='word_1_137' title='bbox 549 1913 661 1972; x_wconf 86' lang='lat' dir='ltr'><strong>sibi</strong></span> <span class='ocrx_word' id='word_1_138' title='bbox 709 1913 882 1988; x_wconf 82' lang='lat' dir='ltr'><strong>velit,</strong></span> <span class='ocrx_word' id='word_1_139' title='bbox 940 1913 1290 1973; x_wconf 82' lang='lat' dir='ltr'><strong>scholiastae</strong></span> <span class='ocrx_word' id='word_1_140' title='bbox 1347 1913 1546 1973; x_wconf 84' lang='lat' dir='ltr'><strong>verbis</strong></span> <span class='ocrx_word' id='word_1_141' title='bbox 1592 1912 1785 1972; x_wconf 89' lang='lat' dir='ltr'><strong>dicere</strong></span> <span class='ocrx_word' id='word_1_142' title='bbox 1832 1915 2048 1987; x_wconf 86' lang='lat' dir='ltr'><strong>placet:</strong></span> <span class='ocrx_word' id='word_1_143' title='bbox 2103 1909 2401 1972; x_wconf 77' lang='grc' dir='ltr'><em>ἀπόθεσιν</em></span> <span class='ocrx_word' id='word_1_144' title='bbox 2443 1914 2697 1969; x_wconf 81' lang='grc' dir='ltr'><em>ποιεῖται</em></span> 
     </span>
     <span class='ocr_line' id='line_1_18' title="bbox 362 1987 2695 2075; baseline 0 -21"><span class='ocrx_word' id='word_1_145' title='bbox 362 1998 484 2055; x_wconf 79' lang='grc' dir='ltr'><strong>τῶν</strong></span> <span class='ocrx_word' id='word_1_146' title='bbox 541 1994 674 2075; x_wconf 77' lang='grc' dir='ltr'><strong><em>περὶ</em></strong></span> <span class='ocrx_word' id='word_1_147' title='bbox 730 2002 835 2073; x_wconf 82' lang='grc' dir='ltr'><strong>τῆς</strong></span> <span class='ocrx_word' id='word_1_148' title='bbox 883 1987 1152 2072; x_wconf 76' lang='grc' dir='ltr'><strong><em>Ἑκάτης.</em></strong></span> <span class='ocrx_word' id='word_1_149' title='bbox 1240 1999 1306 2057; x_wconf 92' lang='lat' dir='ltr'><strong>Id</strong></span> <span class='ocrx_word' id='word_1_150' title='bbox 1364 2017 1505 2058; x_wconf 85' lang='lat' dir='ltr'><strong>vero</strong></span> <span class='ocrx_word' id='word_1_151' title='bbox 1563 2016 1674 2057; x_wconf 90' lang='lat' dir='ltr'><strong>nos</strong></span> <span class='ocrx_word' id='word_1_152' title='bbox 1741 2018 1975 2075; x_wconf 90' lang='lat' dir='ltr'><strong>quoque</strong></span> <span class='ocrx_word' id='word_1_153' title='bbox 2032 2000 2147 2058; x_wconf 90' lang='lat' dir='ltr'><strong>iam</strong></span> <span class='ocrx_word' id='word_1_154' title='bbox 2215 1998 2530 2072; x_wconf 85' lang='lat' dir='ltr'><strong>faciamus,</strong></span> <span class='ocrx_word' id='word_1_155' title='bbox 2587 2014 2695 2056; x_wconf 90' lang='lat' dir='ltr'><strong>nec</strong></span> 
     </span>
     <span class='ocr_line' id='line_1_19' title="bbox 360 2081 2694 2160; baseline -0.001 -19"><span class='ocrx_word' id='word_1_156' title='bbox 360 2084 674 2160; x_wconf 87' lang='lat' dir='ltr'><strong>quicquam</strong></span> <span class='ocrx_word' id='word_1_157' title='bbox 719 2083 1005 2143; x_wconf 88' lang='lat' dir='ltr'><strong>addamus</strong></span> <span class='ocrx_word' id='word_1_158' title='bbox 1059 2084 1174 2143; x_wconf 86' lang='lat' dir='ltr'><strong>nisi</strong></span> <span class='ocrx_word' id='word_1_159' title='bbox 1228 2084 1367 2157; x_wconf 86' lang='lat' dir='ltr'><strong>hoc,</strong></span> <span class='ocrx_word' id='word_1_160' title='bbox 1428 2084 1809 2142; x_wconf 89' lang='lat' dir='ltr'><strong>ternarias</strong></span> <span class='ocrx_word' id='word_1_161' title='bbox 1864 2084 2141 2159; x_wconf 90' lang='lat' dir='ltr'><strong>strophas</strong></span> <span class='ocrx_word' id='word_1_162' title='bbox 2200 2085 2262 2143; x_wconf 91' lang='lat' dir='ltr'><strong>in</strong></span> <span class='ocrx_word' id='word_1_163' title='bbox 2321 2081 2694 2141; x_wconf 87' lang='lat' dir='ltr'><strong>restituendo</strong></span> 
     </span>
     <span class='ocr_line' id='line_1_20' title="bbox 359 2169 1487 2228; baseline -0.002 0"><span class='ocrx_word' id='word_1_164' title='bbox 359 2169 622 2228; x_wconf 87' lang='lat' dir='ltr'><strong>carmine</strong></span> <span class='ocrx_word' id='word_1_165' title='bbox 667 2169 826 2227; x_wconf 87' lang='lat' dir='ltr'><strong>ultro</strong></span> <span class='ocrx_word' id='word_1_166' title='bbox 869 2169 1044 2228; x_wconf 88' lang='lat' dir='ltr'><strong>nobis</strong></span> <span class='ocrx_word' id='word_1_167' title='bbox 1089 2172 1294 2227; x_wconf 87' lang='lat' dir='ltr'><strong>enatas</strong></span> <span class='ocrx_word' id='word_1_168' title='bbox 1337 2186 1487 2227; x_wconf 90' lang='lat' dir='ltr'><strong>esse.</strong></span> 
     </span>
    </p>

    <p class='ocr_par' dir='ltr' id='par_1_5' title="bbox 357 2252 2789 4265">
     <span class='ocr_line' id='line_1_21' title="bbox 530 2252 2692 2329; baseline -0.001 -18"><span class='ocrx_word' id='word_1_169' title='bbox 530 2253 623 2311; x_wconf 85' lang='lat' dir='ltr'><strong>Ad</strong></span> <span class='ocrx_word' id='word_1_170' title='bbox 680 2255 989 2312; x_wconf 87' lang='lat' dir='ltr'><strong>tertiam</strong></span> <span class='ocrx_word' id='word_1_171' title='bbox 1048 2254 1164 2312; x_wconf 91' lang='lat' dir='ltr'><strong>iam</strong></span> <span class='ocrx_word' id='word_1_172' title='bbox 1221 2253 1542 2312; x_wconf 87' lang='lat' dir='ltr'><strong>classem</strong></span> <span class='ocrx_word' id='word_1_173' title='bbox 1599 2253 2016 2329; x_wconf 82' lang='lat' dir='ltr'><strong>progredimur</strong></span> <span class='ocrx_word' id='word_1_174' title='bbox 2086 2272 2292 2313; x_wconf 89' lang='lat' dir='ltr'><strong>eorum</strong></span> <span class='ocrx_word' id='word_1_175' title='bbox 2347 2252 2692 2325; x_wconf 87' lang='lat' dir='ltr'><strong>carminum,</strong></span> 
     </span>
     <span class='ocr_line' id='line_1_22' title="bbox 358 2335 2693 2414; baseline -0.002 -17"><span class='ocrx_word' id='word_1_176' title='bbox 358 2357 510 2414; x_wconf 89' lang='lat' dir='ltr'><strong>quae</strong></span> <span class='ocrx_word' id='word_1_177' title='bbox 554 2338 831 2413; x_wconf 90' lang='lat' dir='ltr'><strong>proprius</strong></span> <span class='ocrx_word' id='word_1_178' title='bbox 877 2338 953 2397; x_wconf 91' lang='lat' dir='ltr'><strong>ad</strong></span> <span class='ocrx_word' id='word_1_179' title='bbox 1013 2338 1490 2396; x_wconf 90' lang='lat' dir='ltr'><strong>Homericum</strong></span> <span class='ocrx_word' id='word_1_180' title='bbox 1543 2339 1671 2398; x_wconf 86' lang='lat' dir='ltr'><strong>sive</strong></span> <span class='ocrx_word' id='word_1_181' title='bbox 1728 2341 2015 2414; x_wconf 90' lang='lat' dir='ltr'><strong>epicum</strong></span> <span class='ocrx_word' id='word_1_182' title='bbox 2072 2339 2327 2397; x_wconf 90' lang='lat' dir='ltr'><strong>colorem</strong></span> <span class='ocrx_word' id='word_1_183' title='bbox 2385 2335 2693 2395; x_wconf 86' lang='lat' dir='ltr'><strong>accedunt.</strong></span> 
     </span>
     <span class='ocr_line' id='line_1_23' title="bbox 358 2422 2789 2500; baseline -0 -18"><span class='ocrx_word' id='word_1_184' title='bbox 358 2423 520 2482; x_wconf 86' lang='lat' dir='ltr'><strong>Haec</strong></span> <span class='ocrx_word' id='word_1_185' title='bbox 563 2441 705 2482; x_wconf 84' lang='lat' dir='ltr'><strong>vero</strong></span> <span class='ocrx_word' id='word_1_186' title='bbox 750 2423 910 2481; x_wconf 89' lang='lat' dir='ltr'><strong>omni</strong></span> <span class='ocrx_word' id='word_1_187' title='bbox 966 2423 1438 2498; x_wconf 85' lang='lat' dir='ltr'><strong>corruptelarum</strong></span> <span class='ocrx_word' id='word_1_188' title='bbox 1493 2441 1711 2499; x_wconf 84' lang='lat' dir='ltr'><strong>genere</strong></span> <span class='ocrx_word' id='word_1_189' title='bbox 1757 2426 2070 2500; x_wconf 84' lang='lat' dir='ltr'><strong>tantopere</strong></span> <span class='ocrx_word' id='word_1_190' title='bbox 2131 2423 2369 2482; x_wconf 83' lang='lat' dir='ltr'><strong>foedata</strong></span> <span class='ocrx_word' id='word_1_191' title='bbox 2413 2422 2581 2494; x_wconf 85' lang='lat' dir='ltr'><strong>sunt,</strong></span> <span class='ocrx_word' id='word_1_192' title='bbox 2628 2423 2697 2478; x_wconf 88' lang='lat' dir='ltr'><strong>ut</strong></span> <span class='ocrx_word' id='word_1_193' title='bbox 2724 2433 2789 2481; x_wconf 86' lang='lat'><strong>33</strong></span> 
     </span>
     <span class='ocr_line' id='line_1_24' title="bbox 358 2505 2695 2585; baseline -0.002 -17"><span class='ocrx_word' id='word_1_194' title='bbox 358 2508 580 2585; x_wconf 83' lang='lat' dir='ltr'><strong>partim</strong></span> <span class='ocrx_word' id='word_1_195' title='bbox 626 2506 1020 2584; x_wconf 82' lang='lat' dir='ltr'><strong>probabiliter</strong></span> <span class='ocrx_word' id='word_1_196' title='bbox 1062 2510 1300 2568; x_wconf 88' lang='lat' dir='ltr'><strong>tantum</strong></span> <span class='ocrx_word' id='word_1_197' title='bbox 1345 2508 1584 2568; x_wconf 88' lang='lat' dir='ltr'><strong>restitui</strong></span> <span class='ocrx_word' id='word_1_198' title='bbox 1643 2511 1898 2585; x_wconf 86' lang='lat' dir='ltr'><strong>queant,</strong></span> <span class='ocrx_word' id='word_1_199' title='bbox 1956 2509 2092 2569; x_wconf 89' lang='lat' dir='ltr'><strong>aliis</strong></span> <span class='ocrx_word' id='word_1_200' title='bbox 2140 2526 2278 2571; x_wconf 84' lang='lat' dir='ltr'><strong>vero</strong></span> <span class='ocrx_word' id='word_1_201' title='bbox 2336 2508 2479 2567; x_wconf 86' lang='lat' dir='ltr'><strong>locis</strong></span> <span class='ocrx_word' id='word_1_202' title='bbox 2536 2505 2695 2563; x_wconf 90' lang='lat' dir='ltr'><strong>haud</strong></span> 
     </span>
     <span class='ocr_line' id='line_1_25' title="bbox 357 2592 2698 2670; baseline -0.001 -18"><span class='ocrx_word' id='word_1_203' title='bbox 357 2594 559 2670; x_wconf 86' lang='lat' dir='ltr'><strong>paucis</strong></span> <span class='ocrx_word' id='word_1_204' title='bbox 616 2613 853 2652; x_wconf 89' lang='lat' dir='ltr'><strong>omnem</strong></span> <span class='ocrx_word' id='word_1_205' title='bbox 910 2593 1277 2654; x_wconf 90' lang='lat' dir='ltr'><strong>coniectandi</strong></span> <span class='ocrx_word' id='word_1_206' title='bbox 1339 2595 1617 2654; x_wconf 89' lang='lat' dir='ltr'><strong>conatum</strong></span> <span class='ocrx_word' id='word_1_207' title='bbox 1671 2613 1952 2669; x_wconf 83' lang='lat' dir='ltr'><strong>respuere</strong></span> <span class='ocrx_word' id='word_1_208' title='bbox 1998 2594 2343 2666; x_wconf 65' lang='lat' dir='ltr'><strong>yideantm.</strong></span> <span class='ocrx_word' id='word_1_209' title='bbox 2434 2592 2698 2651; x_wconf 87' lang='lat' dir='ltr'><strong>Pertinet</strong></span> 
     </span>
     <span class='ocr_line' id='line_1_26' title="bbox 357 2676 2695 2756; baseline -0.001 -19"><span class='ocrx_word' id='word_1_210' title='bbox 357 2678 476 2738; x_wconf 91' lang='lat' dir='ltr'><strong>huc</strong></span> <span class='ocrx_word' id='word_1_211' title='bbox 518 2678 776 2754; x_wconf 89' lang='lat' dir='ltr'><strong>primum</strong></span> <span class='ocrx_word' id='word_1_212' title='bbox 818 2678 1294 2752; x_wconf 85' lang='lat' dir='ltr'><strong>Promethea,</strong></span> <span class='ocrx_word' id='word_1_213' title='bbox 1353 2680 1520 2737; x_wconf 85' lang='lat' dir='ltr'><strong>cuius</strong></span> <span class='ocrx_word' id='word_1_214' title='bbox 1579 2698 1611 2737; x_wconf 92' lang='lat' dir='ltr'><strong>e</strong></span> <span class='ocrx_word' id='word_1_215' title='bbox 1667 2679 2022 2756; x_wconf 79' lang='lat' dir='ltr'><strong>fragmentis</strong></span> <span class='ocrx_word' id='word_1_216' title='bbox 2078 2680 2237 2738; x_wconf 88' lang='lat' dir='ltr'><strong>inter</strong></span> <span class='ocrx_word' id='word_1_217' title='bbox 2292 2676 2695 2754; x_wconf 87' lang='lat' dir='ltr'><strong>Theogoniam</strong></span> 
     </span>
     <span class='ocr_line' id='line_1_27' title="bbox 357 2761 2698 2839; baseline -0.001 -17"><span class='ocrx_word' id='word_1_218' title='bbox 357 2783 416 2822; x_wconf 80' lang='lat' dir='ltr'><strong>v.</strong></span> <span class='ocrx_word' id='word_1_219' title='bbox 466 2765 824 2822; x_wconf 78' lang='lat'><strong>521—593.</strong></span> <span class='ocrx_word' id='word_1_220' title='bbox 871 2766 1204 2822; x_wconf 80' lang='lat'>613—616</span> <span class='ocrx_word' id='word_1_221' title='bbox 1248 2767 1312 2821; x_wconf 90' lang='lat' dir='ltr'><strong>et</strong></span> <span class='ocrx_word' id='word_1_222' title='bbox 1342 2763 1537 2839; x_wconf 88' lang='lat' dir='ltr'><strong>Opera</strong></span> <span class='ocrx_word' id='word_1_223' title='bbox 1568 2783 1623 2823; x_wconf 86' lang='lat' dir='ltr'><strong>v.</strong></span> <span class='ocrx_word' id='word_1_224' title='bbox 1658 2765 1907 2824; x_wconf 82' lang='lat'>50—89</span> <span class='ocrx_word' id='word_1_225' title='bbox 1954 2764 2266 2839; x_wconf 85' lang='lat' dir='ltr'><strong>discerptis</strong></span> <span class='ocrx_word' id='word_1_226' title='bbox 2296 2761 2698 2822; x_wconf 85' lang='lat' dir='ltr'><strong>restituendae</strong></span> 
     </span>
     <span class='ocr_line' id='line_1_28' title="bbox 358 2844 2698 2926; baseline -0 -19"><span class='ocrx_word' id='word_1_227' title='bbox 358 2847 686 2924; x_wconf 86' lang='lat' dir='ltr'><strong>periculum</strong></span> <span class='ocrx_word' id='word_1_228' title='bbox 741 2848 854 2906; x_wconf 89' lang='lat' dir='ltr'><strong>feci</strong></span> <span class='ocrx_word' id='word_1_229' title='bbox 909 2849 972 2906; x_wconf 92' lang='lat' dir='ltr'><strong>in</strong></span> <span class='ocrx_word' id='word_1_230' title='bbox 1016 2848 1173 2907; x_wconf 89' lang='lat' dir='ltr'><strong>libro</strong></span> <span class='ocrx_word' id='word_1_231' title='bbox 1219 2867 1399 2924; x_wconf 90' lang='lat' dir='ltr'><strong>supra</strong></span> <span class='ocrx_word' id='word_1_232' title='bbox 1443 2846 1529 2923; x_wconf 88' lang='lat' dir='ltr'><strong>[p.</strong></span> <span class='ocrx_word' id='word_1_233' title='bbox 1562 2844 1709 2926; x_wconf 80' lang='lat'>250]</span> <span class='ocrx_word' id='word_1_234' title='bbox 1744 2850 1988 2909; x_wconf 89' lang='lat' dir='ltr'><strong>laudato</strong></span> <span class='ocrx_word' id='word_1_235' title='bbox 2042 2870 2101 2925; x_wconf 88' lang='lat' dir='ltr'><strong>p.</strong></span> <span class='ocrx_word' id='word_1_236' title='bbox 2134 2849 2487 2909; x_wconf 81' lang='lat'>389—401.</span> <span class='ocrx_word' id='word_1_237' title='bbox 2568 2845 2698 2916; x_wconf 85' lang='lat' dir='ltr'><strong>Qua</strong></span> 
     </span>
     <span class='ocr_line' id='line_1_29' title="bbox 360 2932 2693 3009; baseline 0 -19"><span class='ocrx_word' id='word_1_238' title='bbox 360 2934 706 3008; x_wconf 88' lang='lat' dir='ltr'><strong>quaestione</strong></span> <span class='ocrx_word' id='word_1_239' title='bbox 762 2933 950 3008; x_wconf 86' lang='lat' dir='ltr'><strong>idem,</strong></span> <span class='ocrx_word' id='word_1_240' title='bbox 1012 2933 1169 3009; x_wconf 88' lang='lat' dir='ltr'><strong>quod</strong></span> <span class='ocrx_word' id='word_1_241' title='bbox 1223 2933 1337 3008; x_wconf 85' lang='lat' dir='ltr'><strong>ipsi</strong></span> <span class='ocrx_word' id='word_1_242' title='bbox 1394 2933 1776 3009; x_wconf 86' lang='lat' dir='ltr'><strong>Theogoniae</strong></span> <span class='ocrx_word' id='word_1_243' title='bbox 1836 2934 2119 2994; x_wconf 88' lang='lat' dir='ltr'><strong>accidisse</strong></span> <span class='ocrx_word' id='word_1_244' title='bbox 2179 2952 2362 3008; x_wconf 90' lang='lat' dir='ltr'><strong>supra</strong></span> <span class='ocrx_word' id='word_1_245' title='bbox 2415 2932 2693 3007; x_wconf 73' lang='lat' dir='ltr'><strong>vidimuS,</strong></span> 
     </span>
     <span class='ocr_line' id='line_1_30' title="bbox 357 3017 2697 3094; baseline 0 -18"><span class='ocrx_word' id='word_1_246' title='bbox 357 3018 538 3076; x_wconf 86' lang='lat' dir='ltr'><strong>etiam</strong></span> <span class='ocrx_word' id='word_1_247' title='bbox 585 3018 646 3076; x_wconf 90' lang='lat' dir='ltr'><strong>in</strong></span> <span class='ocrx_word' id='word_1_248' title='bbox 691 3018 795 3076; x_wconf 89' lang='lat' dir='ltr'><strong>illo</strong></span> <span class='ocrx_word' id='word_1_249' title='bbox 840 3017 1097 3076; x_wconf 90' lang='lat' dir='ltr'><strong>carmine</strong></span> <span class='ocrx_word' id='word_1_250' title='bbox 1154 3019 1379 3077; x_wconf 87' lang='lat' dir='ltr'><strong>factum</strong></span> <span class='ocrx_word' id='word_1_251' title='bbox 1438 3018 1671 3093; x_wconf 83' lang='lat' dir='ltr'><strong>inveni,</strong></span> <span class='ocrx_word' id='word_1_252' title='bbox 1730 3024 1799 3078; x_wconf 88' lang='lat' dir='ltr'><strong>ut</strong></span> <span class='ocrx_word' id='word_1_253' title='bbox 1855 3019 2158 3094; x_wconf 81' lang='lat' dir='ltr'><strong>antiquius</strong></span> <span class='ocrx_word' id='word_1_254' title='bbox 2216 3017 2288 3076; x_wconf 91' lang='lat' dir='ltr'><strong>de</strong></span> <span class='ocrx_word' id='word_1_255' title='bbox 2343 3017 2697 3076; x_wconf 84' lang='lat' dir='ltr'><strong>Prometheo</strong></span> 
     </span>
     <span class='ocr_line' id='line_1_31' title="bbox 358 3102 2698 3179; baseline -0.001 -17"><span class='ocrx_word' id='word_1_256' title='bbox 358 3121 597 3162; x_wconf 87' lang='lat' dir='ltr'><strong>carmen</strong></span> <span class='ocrx_word' id='word_1_257' title='bbox 641 3103 1036 3178; x_wconf 89' lang='lat' dir='ltr'><strong>compositum</strong></span> <span class='ocrx_word' id='word_1_258' title='bbox 1094 3102 1247 3160; x_wconf 89' lang='lat' dir='ltr'><strong>illud</strong></span> <span class='ocrx_word' id='word_1_259' title='bbox 1306 3103 1682 3161; x_wconf 87' lang='lat' dir='ltr'><strong>ternariis</strong></span> <span class='ocrx_word' id='word_1_260' title='bbox 1738 3104 1999 3179; x_wconf 86' lang='lat' dir='ltr'><strong>strophis</strong></span> <span class='ocrx_word' id='word_1_261' title='bbox 2054 3123 2089 3160; x_wconf 91' lang='lat' dir='ltr'><strong>a</strong></span> <span class='ocrx_word' id='word_1_262' title='bbox 2146 3103 2474 3177; x_wconf 87' lang='lat' dir='ltr'><strong>posteriore</strong></span> <span class='ocrx_word' id='word_1_263' title='bbox 2518 3105 2698 3177; x_wconf 88' lang='lat' dir='ltr'><strong>poeta</strong></span> 
     </span>
     <span class='ocr_line' id='line_1_32' title="bbox 359 3186 2696 3263; baseline -0 -17"><span class='ocrx_word' id='word_1_264' title='bbox 359 3188 684 3263; x_wconf 81' lang='lat' dir='ltr'><strong>prolixiore</strong></span> <span class='ocrx_word' id='word_1_265' title='bbox 738 3187 1082 3246; x_wconf 85' lang='lat' dir='ltr'><strong>narratione</strong></span> <span class='ocrx_word' id='word_1_266' title='bbox 1140 3187 1573 3262; x_wconf 87' lang='lat' dir='ltr'><strong>amplificatum</strong></span> <span class='ocrx_word' id='word_1_267' title='bbox 1621 3189 1792 3247; x_wconf 91' lang='lat' dir='ltr'><strong>simul</strong></span> <span class='ocrx_word' id='word_1_268' title='bbox 1853 3190 1915 3246; x_wconf 93' lang='lat' dir='ltr'><strong>in</strong></span> <span class='ocrx_word' id='word_1_269' title='bbox 1973 3186 2366 3263; x_wconf 80' lang='lat' dir='ltr'><strong>quinarias</strong></span> <span class='ocrx_word' id='word_1_270' title='bbox 2422 3187 2696 3261; x_wconf 84' lang='lat' dir='ltr'><strong>strophas</strong></span> 
     </span>
     <span class='ocr_line' id='line_1_33' title="bbox 363 3270 2697 3348; baseline -0 -18"><span class='ocrx_word' id='word_1_271' title='bbox 363 3273 716 3330; x_wconf 86' lang='lat' dir='ltr'><strong>mutaretur.</strong></span> <span class='ocrx_word' id='word_1_272' title='bbox 792 3272 917 3331; x_wconf 85' lang='lat' dir='ltr'><strong>Nec</strong></span> <span class='ocrx_word' id='word_1_273' title='bbox 970 3291 1127 3331; x_wconf 91' lang='lat' dir='ltr'><strong>nunc</strong></span> <span class='ocrx_word' id='word_1_274' title='bbox 1181 3272 1358 3331; x_wconf 89' lang='lat' dir='ltr'><strong>huius</strong></span> <span class='ocrx_word' id='word_1_275' title='bbox 1401 3274 1735 3332; x_wconf 86' lang='lat' dir='ltr'><strong>sententiae</strong></span> <span class='ocrx_word' id='word_1_276' title='bbox 1779 3274 2082 3348; x_wconf 81' lang='lat' dir='ltr'><strong>paenitet3</strong></span> <span class='ocrx_word' id='word_1_277' title='bbox 2142 3272 2323 3331; x_wconf 91' lang='lat' dir='ltr'><strong>immo</strong></span> <span class='ocrx_word' id='word_1_278' title='bbox 2384 3270 2697 3346; x_wconf 88' lang='lat' dir='ltr'><strong>probatum</strong></span> 
     </span>
     <span class='ocr_line' id='line_1_34' title="bbox 359 3356 2693 3433; baseline -0 -18"><span class='ocrx_word' id='word_1_279' title='bbox 359 3357 681 3433; x_wconf 88' lang='lat' dir='ltr'><strong>aliquando</strong></span> <span class='ocrx_word' id='word_1_280' title='bbox 727 3356 800 3414; x_wconf 90' lang='lat' dir='ltr'><strong>iri</strong></span> <span class='ocrx_word' id='word_1_281' title='bbox 845 3360 1004 3416; x_wconf 88' lang='lat' dir='ltr'><strong>certe</strong></span> <span class='ocrx_word' id='word_1_282' title='bbox 1049 3376 1341 3416; x_wconf 86' lang='lat' dir='ltr'><strong>summam</strong></span> <span class='ocrx_word' id='word_1_283' title='bbox 1401 3359 1529 3417; x_wconf 90' lang='lat' dir='ltr'><strong>eius</strong></span> <span class='ocrx_word' id='word_1_284' title='bbox 1587 3377 1719 3416; x_wconf 92' lang='lat' dir='ltr'><strong>cum</strong></span> <span class='ocrx_word' id='word_1_285' title='bbox 1763 3358 1839 3416; x_wconf 91' lang='lat' dir='ltr'><strong>ab</strong></span> <span class='ocrx_word' id='word_1_286' title='bbox 1881 3357 2017 3417; x_wconf 89' lang='lat' dir='ltr'><strong>aliis</strong></span> <span class='ocrx_word' id='word_1_287' title='bbox 2071 3361 2200 3416; x_wconf 91' lang='lat' dir='ltr'><strong>tum</strong></span> <span class='ocrx_word' id='word_1_288' title='bbox 2263 3377 2300 3416; x_wconf 88' lang='lat' dir='ltr'><strong>a</strong></span> <span class='ocrx_word' id='word_1_289' title='bbox 2352 3356 2693 3430; x_wconf 83' lang='lat' dir='ltr'><strong>LehrsiO,</strong></span> 
     </span>
     <span class='ocr_line' id='line_1_35' title="bbox 359 3441 2697 3518; baseline -0.001 -18"><span class='ocrx_word' id='word_1_290' title='bbox 359 3444 462 3518; x_wconf 87' lang='lat' dir='ltr'><strong>qni</strong></span> <span class='ocrx_word' id='word_1_291' title='bbox 522 3443 584 3500; x_wconf 91' lang='lat' dir='ltr'><strong>in</strong></span> <span class='ocrx_word' id='word_1_292' title='bbox 649 3441 786 3499; x_wconf 87' lang='lat' dir='ltr'><strong>libri</strong></span> <span class='ocrx_word' id='word_1_293' title='bbox 844 3442 1009 3501; x_wconf 89' lang='lat' dir='ltr'><strong>illius</strong></span> <span class='ocrx_word' id='word_1_294' title='bbox 1054 3460 1304 3501; x_wconf 88' lang='lat' dir='ltr'><strong>censura</strong></span> <span class='ocrx_word' id='word_1_295' title='bbox 1360 3446 1423 3501; x_wconf 88' lang='lat' dir='ltr'><strong>et</strong></span> <span class='ocrx_word' id='word_1_296' title='bbox 1466 3443 2029 3502; x_wconf 86' lang='lat' dir='ltr'><strong>benevolentissima</strong></span> <span class='ocrx_word' id='word_1_297' title='bbox 2071 3444 2135 3502; x_wconf 90' lang='lat' dir='ltr'><strong>et</strong></span> <span class='ocrx_word' id='word_1_298' title='bbox 2188 3442 2528 3501; x_wconf 89' lang='lat' dir='ltr'><strong>acutissima</strong></span> <span class='ocrx_word' id='word_1_299' title='bbox 2578 3441 2697 3499; x_wconf 88' lang='lat' dir='ltr'><strong>sin-</strong></span> 
     </span>
     <span class='ocr_line' id='line_1_36' title="bbox 358 3525 2694 3603; baseline 0 -19"><span class='ocrx_word' id='word_1_300' title='bbox 358 3527 518 3603; x_wconf 89' lang='lat' dir='ltr'><strong>gulis</strong></span> <span class='ocrx_word' id='word_1_301' title='bbox 574 3525 930 3602; x_wconf 87' lang='lat' dir='ltr'><strong>quibusdam</strong></span> <span class='ocrx_word' id='word_1_302' title='bbox 995 3526 1364 3586; x_wconf 89' lang='lat' dir='ltr'><strong>addubitatis</strong></span> <span class='ocrx_word' id='word_1_303' title='bbox 1432 3527 1505 3586; x_wconf 91' lang='lat' dir='ltr'><strong>de</strong></span> <span class='ocrx_word' id='word_1_304' title='bbox 1561 3528 1843 3588; x_wconf 86' lang='lat' dir='ltr'><strong>universa</strong></span> <span class='ocrx_word' id='word_1_305' title='bbox 1898 3547 1962 3587; x_wconf 90' lang='lat' dir='ltr'><strong>re</strong></span> <span class='ocrx_word' id='word_1_306' title='bbox 2021 3527 2307 3587; x_wconf 89' lang='lat' dir='ltr'><strong>iudicium</strong></span> <span class='ocrx_word' id='word_1_307' title='bbox 2361 3526 2694 3601; x_wconf 85' lang='lat' dir='ltr'><strong>ampliavit,</strong></span> 
     </span>
     <span class='ocr_line' id='line_1_37' title="bbox 357 3609 2695 3688; baseline -0.001 -18"><span class='ocrx_word' id='word_1_308' title='bbox 357 3612 689 3671; x_wconf 88' lang='lat' dir='ltr'><strong>certissime</strong></span> <span class='ocrx_word' id='word_1_309' title='bbox 741 3630 939 3686; x_wconf 80' lang='lat' dir='ltr'><strong>spem,</strong></span> <span class='ocrx_word' id='word_1_310' title='bbox 985 3612 1266 3688; x_wconf 89' lang='lat' dir='ltr'><strong>quoniam</strong></span> <span class='ocrx_word' id='word_1_311' title='bbox 1310 3611 1461 3688; x_wconf 88' lang='lat' dir='ltr'><strong>legis</strong></span> <span class='ocrx_word' id='word_1_312' title='bbox 1507 3613 1837 3688; x_wconf 80' lang='lat' dir='ltr'><strong>strophicae</strong></span> <span class='ocrx_word' id='word_1_313' title='bbox 1880 3615 2004 3672; x_wconf 91' lang='lat' dir='ltr'><strong>tam</strong></span> <span class='ocrx_word' id='word_1_314' title='bbox 2050 3613 2169 3671; x_wconf 88' lang='lat' dir='ltr'><strong>late</strong></span> <span class='ocrx_word' id='word_1_315' title='bbox 2214 3613 2474 3687; x_wconf 87' lang='lat' dir='ltr'><strong>patentis</strong></span> <span class='ocrx_word' id='word_1_316' title='bbox 2517 3609 2695 3669; x_wconf 89' lang='lat' dir='ltr'><strong>etiam</strong></span> 
     </span>
     <span class='ocr_line' id='line_1_38' title="bbox 358 3695 2694 3773; baseline -0.001 -19"><span class='ocrx_word' id='word_1_317' title='bbox 358 3697 419 3754; x_wconf 91' lang='lat' dir='ltr'><strong>in</strong></span> <span class='ocrx_word' id='word_1_318' title='bbox 478 3697 583 3755; x_wconf 91' lang='lat' dir='ltr'><strong>illo</strong></span> <span class='ocrx_word' id='word_1_319' title='bbox 644 3697 902 3755; x_wconf 88' lang='lat' dir='ltr'><strong>carmine</strong></span> <span class='ocrx_word' id='word_1_320' title='bbox 946 3698 1322 3772; x_wconf 89' lang='lat' dir='ltr'><strong>apertissima</strong></span> <span class='ocrx_word' id='word_1_321' title='bbox 1364 3698 1621 3773; x_wconf 83' lang='lat' dir='ltr'><strong>vestigia</strong></span> <span class='ocrx_word' id='word_1_322' title='bbox 1665 3697 1909 3757; x_wconf 91' lang='lat' dir='ltr'><strong>minime</strong></span> <span class='ocrx_word' id='word_1_323' title='bbox 1952 3717 2020 3756; x_wconf 88' lang='lat' dir='ltr'><strong>co</strong></span> <span class='ocrx_word' id='word_1_324' title='bbox 2064 3700 2442 3770; x_wconf 84' lang='lat' dir='ltr'><strong>evertuntur,</strong></span> <span class='ocrx_word' id='word_1_325' title='bbox 2490 3695 2540 3753; x_wconf 91' lang='lat' dir='ltr'><strong>si</strong></span> <span class='ocrx_word' id='word_1_326' title='bbox 2571 3713 2694 3753; x_wconf 87' lang='lat' dir='ltr'><strong>cor-</strong></span> 
     </span>
     <span class='ocr_line' id='line_1_39' title="bbox 357 3781 2695 3858; baseline 0 -20"><span class='ocrx_word' id='word_1_327' title='bbox 357 3781 736 3857; x_wconf 84' lang='lat' dir='ltr'><strong>ruptissimae</strong></span> <span class='ocrx_word' id='word_1_328' title='bbox 779 3800 1047 3857; x_wconf 87' lang='lat' dir='ltr'><strong>quaeque</strong></span> <span class='ocrx_word' id='word_1_329' title='bbox 1092 3781 1421 3841; x_wconf 82' lang='lat' dir='ltr'><strong>miserrime</strong></span> <span class='ocrx_word' id='word_1_330' title='bbox 1484 3782 1786 3858; x_wconf 86' lang='lat' dir='ltr'><strong>deturpati</strong></span> <span class='ocrx_word' id='word_1_331' title='bbox 1848 3782 2046 3858; x_wconf 89' lang='lat' dir='ltr'><strong>operis</strong></span> <span class='ocrx_word' id='word_1_332' title='bbox 2098 3785 2299 3857; x_wconf 88' lang='lat' dir='ltr'><strong>partes</strong></span> <span class='ocrx_word' id='word_1_333' title='bbox 2352 3783 2458 3839; x_wconf 86' lang='lat' dir='ltr'><strong>aut</strong></span> <span class='ocrx_word' id='word_1_334' title='bbox 2511 3799 2548 3838; x_wconf 90' lang='lat' dir='ltr'><strong>a</strong></span> <span class='ocrx_word' id='word_1_335' title='bbox 2601 3799 2695 3839; x_wconf 90' lang='lat' dir='ltr'><strong>me</strong></span> 
     </span>
     <span class='ocr_line' id='line_1_40' title="bbox 358 3865 2695 3943; baseline -0.001 -19"><span class='ocrx_word' id='word_1_336' title='bbox 358 3866 625 3925; x_wconf 90' lang='lat' dir='ltr'><strong>nondum</strong></span> <span class='ocrx_word' id='word_1_337' title='bbox 669 3869 830 3925; x_wconf 89' lang='lat' dir='ltr'><strong>recte</strong></span> <span class='ocrx_word' id='word_1_338' title='bbox 874 3866 1189 3925; x_wconf 86' lang='lat' dir='ltr'><strong>restitutae</strong></span> <span class='ocrx_word' id='word_1_339' title='bbox 1240 3886 1364 3926; x_wconf 90' lang='lat' dir='ltr'><strong>esse</strong></span> <span class='ocrx_word' id='word_1_340' title='bbox 1405 3869 1512 3926; x_wconf 90' lang='lat' dir='ltr'><strong>aut</strong></span> <span class='ocrx_word' id='word_1_341' title='bbox 1552 3867 1793 3926; x_wconf 83' lang='lat' dir='ltr'><strong>omnino</strong></span> <span class='ocrx_word' id='word_1_342' title='bbox 1824 3867 2212 3943; x_wconf 90' lang='lat' dir='ltr'><strong>probabiliter</strong></span> <span class='ocrx_word' id='word_1_343' title='bbox 2240 3865 2413 3925; x_wconf 87' lang='lat' dir='ltr'><strong>hodie</strong></span> <span class='ocrx_word' id='word_1_344' title='bbox 2458 3865 2695 3923; x_wconf 89' lang='lat' dir='ltr'><strong>restitui</strong></span> 
     </span>
     <span class='ocr_line' id='line_1_41' title="bbox 359 3950 2692 4028; baseline -0 -19"><span class='ocrx_word' id='word_1_345' title='bbox 359 3969 483 4009; x_wconf 94' lang='lat' dir='ltr'><strong>non</strong></span> <span class='ocrx_word' id='word_1_346' title='bbox 529 3968 702 4026; x_wconf 87' lang='lat' dir='ltr'><strong>posse</strong></span> <span class='ocrx_word' id='word_1_347' title='bbox 746 3950 1084 4010; x_wconf 83' lang='lat' dir='ltr'><strong>videantur.</strong></span> <span class='ocrx_word' id='word_1_348' title='bbox 1174 3951 1467 4026; x_wconf 90' lang='lat' dir='ltr'><strong>Deinceps</strong></span> <span class='ocrx_word' id='word_1_349' title='bbox 1510 3970 1652 4011; x_wconf 88' lang='lat' dir='ltr'><strong>vero</strong></span> <span class='ocrx_word' id='word_1_350' title='bbox 1698 3973 1753 4012; x_wconf 87' lang='lat' dir='ltr'><strong>v.</strong></span> <span class='ocrx_word' id='word_1_351' title='bbox 1803 3953 2137 4011; x_wconf 84' lang='lat'>594—-612</span> <span class='ocrx_word' id='word_1_352' title='bbox 2184 3952 2692 4028; x_wconf 86' lang='lat' dir='ltr'><strong>fragmentum</strong></span> 
     </span>
     <span class='ocr_line' id='line_1_42' title="bbox 363 4034 2693 4113; baseline -0.001 -19"><span class='ocrx_word' id='word_1_353' title='bbox 363 4034 849 4111; x_wconf 86' lang='lat' dir='ltr'><strong>Hesiodeum,</strong></span> <span class='ocrx_word' id='word_1_354' title='bbox 895 4036 953 4094; x_wconf 90' lang='lat' dir='ltr'><strong>h.</strong></span> <span class='ocrx_word' id='word_1_355' title='bbox 1000 4054 1052 4096; x_wconf 92' lang='lat' dir='ltr'><strong>e.</strong></span> <span class='ocrx_word' id='word_1_356' title='bbox 1101 4036 1425 4096; x_wconf 88' lang='lat' dir='ltr'><strong>acerbitate</strong></span> <span class='ocrx_word' id='word_1_357' title='bbox 1469 4036 1697 4112; x_wconf 88' lang='lat' dir='ltr'><strong>aliquot</strong></span> <span class='ocrx_word' id='word_1_358' title='bbox 1725 4035 1985 4113; x_wconf 89' lang='lat' dir='ltr'><strong>Operum</strong></span> <span class='ocrx_word' id='word_1_359' title='bbox 2031 4037 2177 4095; x_wconf 90' lang='lat' dir='ltr'><strong>locis</strong></span> <span class='ocrx_word' id='word_1_360' title='bbox 2220 4035 2537 4110; x_wconf 86' lang='lat' dir='ltr'><strong>conspicua</strong></span> <span class='ocrx_word' id='word_1_361' title='bbox 2567 4054 2693 4093; x_wconf 93' lang='lat' dir='ltr'><strong>mu-</strong></span> 
     </span>
     <span class='ocr_line' id='line_1_43' title="bbox 361 4118 2695 4198; baseline 0.001 -21"><span class='ocrx_word' id='word_1_362' title='bbox 361 4120 608 4178; x_wconf 89' lang='lat' dir='ltr'><strong>lieribus</strong></span> <span class='ocrx_word' id='word_1_363' title='bbox 650 4118 933 4179; x_wconf 79' lang='lat' dir='ltr'><strong>infestum</strong></span> <span class='ocrx_word' id='word_1_364' title='bbox 951 4167 966 4195; x_wconf 89' lang='lat'>,</span> <span class='ocrx_word' id='word_1_365' title='bbox 1010 4126 1257 4198; x_wconf 88' lang='lat' dir='ltr'><strong>propter</strong></span> <span class='ocrx_word' id='word_1_366' title='bbox 1298 4119 1627 4180; x_wconf 88' lang='lat' dir='ltr'><strong>Pandoram</strong></span> <span class='ocrx_word' id='word_1_367' title='bbox 1676 4123 1926 4197; x_wconf 90' lang='lat' dir='ltr'><strong>primam</strong></span> <span class='ocrx_word' id='word_1_368' title='bbox 1958 4122 2263 4180; x_wconf 89' lang='lat' dir='ltr'><strong>mulierem</strong></span> <span class='ocrx_word' id='word_1_369' title='bbox 2307 4119 2695 4180; x_wconf 89' lang='lat' dir='ltr'><strong>Prometheae</strong></span> 
     </span>
     <span class='ocr_line' id='line_1_44' title="bbox 362 4205 1625 4265; baseline 0.002 -2"><span class='ocrx_word' id='word_1_370' title='bbox 362 4205 683 4264; x_wconf 88' lang='lat' dir='ltr'><strong>inhaesisse</strong></span> <span class='ocrx_word' id='word_1_371' title='bbox 728 4205 910 4265; x_wconf 80' lang='lat' dir='ltr'><strong>verbo</strong></span> <span class='ocrx_word' id='word_1_372' title='bbox 954 4205 1334 4265; x_wconf 86' lang='lat' dir='ltr'><strong>admonuisse</strong></span> <span class='ocrx_word' id='word_1_373' title='bbox 1380 4205 1625 4265; x_wconf 87' lang='lat' dir='ltr'><strong>sufficit.</strong></span> 
     </span>
    </p>

    <p class='ocr_par' dir='ltr' id='par_1_6' title="bbox 361 4288 2698 4538">
     <span class='ocr_line' id='line_1_45' title="bbox 531 4288 2698 4368; baseline 0 -19"><span class='ocrx_word' id='word_1_374' title='bbox 531 4290 628 4349; x_wconf 86' lang='lat' dir='ltr'><strong>Ad</strong></span> <span class='ocrx_word' id='word_1_375' title='bbox 677 4289 1327 4350; x_wconf 87' lang='lat' dir='ltr'><strong>Titanomachiam</strong></span> <span class='ocrx_word' id='word_1_376' title='bbox 1382 4291 1819 4368; x_wconf 85' lang='lat' dir='ltr'><strong>transgredior,</strong></span> <span class='ocrx_word' id='word_1_377' title='bbox 1878 4288 2037 4366; x_wconf 90' lang='lat' dir='ltr'><strong>quod</strong></span> <span class='ocrx_word' id='word_1_378' title='bbox 2089 4289 2341 4349; x_wconf 89' lang='lat' dir='ltr'><strong>alterum</strong></span> <span class='ocrx_word' id='word_1_379' title='bbox 2387 4293 2481 4350; x_wconf 90' lang='lat' dir='ltr'><strong>est</strong></span> <span class='ocrx_word' id='word_1_380' title='bbox 2523 4290 2698 4349; x_wconf 88' lang='lat' dir='ltr'><strong>huius</strong></span> 
     </span>
     <span class='ocr_line' id='line_1_46' title="bbox 361 4373 2695 4452; baseline 0 -19"><span class='ocrx_word' id='word_1_381' title='bbox 361 4375 599 4452; x_wconf 87' lang='lat' dir='ltr'><strong>generis</strong></span> <span class='ocrx_word' id='word_1_382' title='bbox 645 4392 911 4451; x_wconf 84' lang='lat' dir='ltr'><strong>carmen,</strong></span> <span class='ocrx_word' id='word_1_383' title='bbox 960 4397 1017 4435; x_wconf 84' lang='lat' dir='ltr'><strong>v.</strong></span> <span class='ocrx_word' id='word_1_384' title='bbox 1064 4377 1400 4435; x_wconf 79' lang='lat'>617—719</span> <span class='ocrx_word' id='word_1_385' title='bbox 1446 4395 1585 4435; x_wconf 89' lang='lat' dir='ltr'><strong>cum</strong></span> <span class='ocrx_word' id='word_1_386' title='bbox 1639 4375 2008 4451; x_wconf 88' lang='lat' dir='ltr'><strong>complicatis</strong></span> <span class='ocrx_word' id='word_1_387' title='bbox 2065 4374 2188 4434; x_wconf 89' lang='lat' dir='ltr'><strong>illis</strong></span> <span class='ocrx_word' id='word_1_388' title='bbox 2245 4374 2318 4433; x_wconf 91' lang='lat' dir='ltr'><strong>de</strong></span> <span class='ocrx_word' id='word_1_389' title='bbox 2377 4373 2564 4434; x_wconf 90' lang='lat' dir='ltr'><strong>Orco</strong></span> <span class='ocrx_word' id='word_1_390' title='bbox 2606 4378 2695 4434; x_wconf 86' lang='lat' dir='ltr'><strong>at-</strong></span> 
     </span>
     <span class='ocr_line' id='line_1_47' title="bbox 367 4459 2696 4538; baseline 0 -20"><span class='ocrx_word' id='word_1_391' title='bbox 367 4478 481 4536; x_wconf 88' lang='lat' dir='ltr'><strong>que</strong></span> <span class='ocrx_word' id='word_1_392' title='bbox 527 4464 861 4519; x_wconf 83' lang='lat' dir='ltr'><strong>extremo</strong></span> <span class='ocrx_word' id='word_1_393' title='bbox 914 4463 1160 4520; x_wconf 87' lang='lat' dir='ltr'><strong>terrae</strong></span> <span class='ocrx_word' id='word_1_394' title='bbox 1219 4461 1555 4537; x_wconf 85' lang='lat' dir='ltr'><strong>margine</strong></span> <span class='ocrx_word' id='word_1_395' title='bbox 1611 4461 2018 4538; x_wconf 88' lang='lat' dir='ltr'><strong>appendiculis</strong></span> <span class='ocrx_word' id='word_1_396' title='bbox 2065 4460 2418 4520; x_wconf 81' lang='lat'>720—819.</span> <span class='ocrx_word' id='word_1_397' title='bbox 2491 4459 2579 4519; x_wconf 84' lang='lat' dir='ltr'><strong>Ac</strong></span> <span class='ocrx_word' id='word_1_398' title='bbox 2624 4461 2696 4519; x_wconf 84' lang='lat' dir='ltr'><strong>de</strong></span> 
     </span>
    </p>
   </div>
  </div>
 </body>
</html>
