3132 5129
1337 363 1447 388 -·
1507 342 1627 403 110
1713 379 1794 387 -

558 499 674 559 Sed
731 501 848 557 iam
902 498 1046 557 satis
1109 501 1219 556 est.
1309 498 1625 556 Neminem
1680 497 1794 554 iam
1855 499 2064 573 opinor
2119 489 2530 555 dubitaturum
2575 517 2724 570 esse,

386 586 527 660 quin
584 585 726 642 haec
785 582 1196 642 Monomachia
1250 601 1357 640 nec
1414 602 1543 641 eum
1605 581 1865 639 Homilia
1930 582 2242 641 cohaereat
2304 602 2412 641 nec
2480 582 2727 640 omnino

388 672 566 727 inter'
598 669 857 727 carmina
909 668 1228 742 Homericox
1281 668 1517 725 nomine
1577 667 1759 741 digna
1814 667 2017 725 haberi
2071 671 2268 741 queat.
2359 667 2472 725 Est
2523 671 2726 724 tamen

386 755 543 812 inter
575 773 701 811 eam
735 757 913 827 atque
945 757 1226 810 centones
1257 771 1433 826 supra
1463 772 1520 827 p.
1550 753 1628 808 93
1644 769 1732 826 sq.
1768 769 1897 808 cum
1933 771 1999 809 ea
2031 754 2402 826 comparatos
2440 770 2723 826 magnum

388 839 725 909 discrimen,
767 839 892 895 sive
937 837 1245 895 consilium
1292 838 1416 895 sive
1463 838 1652 910 ipsam
1697 837 1946 894 formam
1994 840 2347 910 spectamus,
2426 835 2724 894 Centones

388 924 475 981 illi
507 924 631 984 solo
665 941 732 980 eo
777 923 1023 981 consilio
1053 925 1332 980 consutos
1364 940 1490 979 esse
1525 919 1814 994 videmus,
1858 925 1928 979 ut
1969 923 2213 980 lacunae
2241 923 2401 979 inter
2444 921 2563 979 duo
2595 938 2725 978 car-

387 1010 550 1066 mina
591 1008 824 1066 hiantes
867 1008 1244 1081 explerentur
1272 1008 1451 1081 atque
1484 1008 1970 1080 contegerentur3
2004 1009 2208 1065 nostra
2240 1025 2380 1064 vero
2410 1004 2488 1062 rh
2505 1025 2541 1063 a
2553 1024 2715 1080 pso-

389 1094 515 1151 dia
548 1128 620 1135 —-
658 1095 741 1150 ita
772 1094 888 1150 iam
919 1111 1047 1150 eam
1079 1091 1382 1165 appellare
1413 1091 1612 1165 placet
1649 1122 1718 1131 —
1754 1109 1857 1164 per
1886 1110 1948 1166 se
1982 1091 2071 1149 vel
2103 1110 2172 1150 ex
2197 1089 2486 1149 hodierna
2515 1089 2726 1148 Iliadis

388 1196 669 1253 compage
714 1178 841 1235 sine
886 1177 1010 1234 ullo
1056 1176 1418 1234 detrimento
1464 1176 1757 1233 removeri
1801 1179 2027 1250 potest,
2074 1179 2256 1233 immo
2300 1178 2726 1251 argumentum

388 1262 566 1320 habet
616 1281 734 1320 non
791 1262 985 1320 minus
1040 1260 1386 1318 absolutum
1443 1266 1505 1318 et
1549 1261 1851 1335 integrum
1897 1264 2074 1335 atque
2121 1262 2248 1336 ipsa
2292 1260 2399 1318 illa
2442 1261 2724 1318 carmina.

388 1347 482 1404 Ad
540 1347 748 1404 horum
807 1347 992 1420 igitur
1052 1345 1385 1419 exemplum
1440 1348 1609 1419 patet
1665 1364 1794 1403 eam
1858 1346 2076 1403 factam
2123 1364 2248 1404 esse
2292 1345 2368 1403 ab
2415 1345 2722 1403 imitatore

387 1431 663 1506 quodam,
711 1432 830 1505 qui,
878 1449 1234 1504 quamquam
1279 1429 1625 1487 Homericae
1669 1447 1914 1504 poeseos
1960 1435 2261 1489 externam
2306 1430 2560 1504 speciem
2604 1449 2723 1487 ser-

390 1517 700 1590 monisque
746 1534 968 1573 morem
1012 1519 1192 1589 atque
1237 1515 1633 1589 proprietates
1677 1516 1920 1591 egregie
1951 1516 2238 1574 memoria
2268 1518 2513 1587 teneret,
2560 1514 2723 1575 omni

391 1605 588 1659 tamen
631 1601 930 1676 Musarum
962 1599 1166 1656 afflatu
1202 1602 1449 1656 careret.
1524 1599 1732 1674 Itaque
1769 1619 2132 1676 quamquam
2168 1592 2520 1673 rhapsodiae
2550 1595 2728 1656 stilus

391 1686 761 1759 plerumque,
810 1687 879 1742 ut
907 1684 1182 1756 vidimuS‚
1231 1699 1349 1740 non
1381 1686 1635 1742 multum
1668 1703 1848 1763 supra
1880 1685 2162 1743 humilem
2194 1686 2390 1759 operis
2434 1684 2725 1742 tessellati

391 1769 641 1846 gradum
676 1769 964 1844 assurgit,
1013 1769 1371 1826 narrationis
1415 1773 1613 1826 tamen
1645 1772 1873 1844 copiam
1904 1769 2200 1843 quandam
2232 1768 2727 1843 deprehendimus

392 1875 426 1912 a
457 1857 802 1911 centonum
860 1854 1101 1910 illorum
1160 1852 1319 1911 nuda
1372 1856 1433 1910 et
1489 1853 1655 1911 inani
1712 1854 2005 1912 brevitate
2040 1854 2514 1926 alienissimam,
2571 1873 2728 1928 quae

395 1939 589 1997 obiter
633 1938 857 2014 lege-nli
902 1942 1079 2012 atque
1125 1958 1247 1995 rem
1293 1938 1504 1996 leviter
1549 1942 1786 1996 tantum
1831 1939 2148 2014 stringenti
2192 1937 2464 1996 fraudem
2496 1935 2724 1997 fucum-

392 2043 507 2098 que
553 2023 744 2080 sacere
789 2023 995 2097 possit.·
1085 2022 1167 2080 Ut
1212 2016 1474 2080 breviter
1519 2024 1739 2096 dicam,
1801 2027 1862 2081 et
1919 2024 2061 2082 haec
2106 2023 2423 2098 rhapsodia
2467 2027 2529 2081 et
2571 2042 2727 2098 quae

391 2108 539 2165 aliae
585 2109 714 2165 eius
772 2108 998 2178 similes
1036 2108 1098 2164 in
1144 2106 1330 2164 Iliade
1375 2111 1438 2164 et
1483 2106 1746 2183 Odyssea
1789 2108 2177 2167 inveniuntur
2221 2127 2424 2166 omnes
2468 2108 2724 2166 eundem

392 2194 514 2250 fere
562 2192 861 2250 Homerici
908 2191 1196 2251 sermonis
1245 2210 1412 2252 usum
1461 2194 1586 2252 sive
1629 2194 1880 2251 abusum
1925 2194 2218 2268 produnt,
2277 2213 2394 2268 quo
2448 2196 2586 2268 post
2630 2196 2729 2250 tot

396 2275 627 2335 saecula
645 2276 900 2345 Quintus
936 2275 1294 2351 Smyrnaeus
1328 2293 1685 2353 exsanguem
1718 2279 2000 2354 antiquae
2046 2277 2365 2353 epopoeiae
2400 2278 2726 2354 imaginem

379 2364 721 2425 renovavit,
814 2361 1014 2422 Fuisse
1074 2380 1211 2420 vero
1269 2362 1507 2419 illarum
1556 2363 2004 2438 rhapsodiarum
2051 2363 2415 2424 confectores
2462 2361 2521 2419 et
2564 2364 2727 2438 ipsos

392 2447 624 2506 scholae
671 2446 1016 2505 Homericae
1074 2443 1369 2518 addictos,
1430 2447 1484 2503 h.
1532 2467 1580 2506 e.
1632 2448 1995 2506 carminibus
2050 2446 2381 2506 Homericis
2437 2448 2728 2505 memoria

392 2533 664 2591 tenendis
719 2529 897 2606 atquc
953 2533 1066 2591 rite
1124 2531 1521 2613 declamandis
1569 2551 1667 2590 eos
1714 2551 1950 2609 operam
1998 2532 2296 2607 vitamque
2344 2533 2726 2611 impendisse,

393 2623 452 2691 et
495 2618 712 2676 vixisse
759 2636 856 2673 eos
903 2618 1013 2675 hoc
1060 2618 1237 2675 etiam
1285 2622 1579 2690 tempore,
1628 2637 1745 2692 quo
1791 2618 1894 2675 illa
1938 2619 2132 2692 poesis
2180 2618 2483 2675 hominum
2530 2617 2730 2675 adbuc

392 2702 602 2776 plausu
659 2702 971 2776 gratiaque
1027 2700 1266 2774 publica
1309 2701 1580 2776 floreret,
1638 2704 1727 2759 uti
1774 2703 2032 2760 externis
2082 2703 2438 2761 testimoniis
2483 2702 2725 2777 probari

393 2787 615 2859 nequit,
664 2788 751 2843 ita
793 2786 1162 2861 argumentis
1208 2805 1278 2843 ex
1324 2805 1384 2843 re
1429 2786 1559 2861 ipsa
1606 2788 1808 2861 petitis
1852 2786 2160 2861 probabile
2206 2787 2497 2846 redditur.
