3132 5129
1372 332 1666 394 -408
1759 370 1830 377 ..-

609 492 795 550 Immo
841 510 867 549 s
884 491 952 548 01
969 510 1004 547 v
1018 510 1049 549 e
1062 490 1098 548 b
1111 511 1147 547 a
1161 509 1198 546 n
1220 494 1242 547 t
1258 510 1293 546 u
1308 509 1337 546 r
1359 522 1440 531 —-
1462 484 1895 587 pstetpe'y'aeoevto
1925 486 2248 546 παλλίλυτα
2283 485 2510 564 νήματα
2537 491 2770 564 Μοῖραι

438 597 492 634 v.
524 579 756 718 ΙΒΞΠ-Π
780 575 1098 718 Ρξέιξιτυηι
1144 575 1426 633 stamina:
1473 573 1612 632 hinc
1657 594 1833 650 ευρα
1851 594 1876 630 τ
1895 594 1926 632 o
1969 576 2191 631 λῦσαι
2221 573 2628 649 reponendum
2660 578 2768 634 est.

761 706 773 736 ,
958 709 966 719 .

736 756 836 833 Ἐξ,
883 756 1081 838 ἑτέρου
1124 755 1368 818 ποθέων
1413 755 1613 835 ἕτερον
1656 755 1838 832 δέπας
1884 736 2016 836 ἧδέι
2061 762 2293 842 θυμῷ.

441 879 628 940 Nihili
668 883 758 939 esi.
787 881 888 938 ille
920 880 1108 941 dulcis
1152 881 1457 938 animus
1523 879 1812 938 Desiderii
1862 879 2026 939 notio
2070 879 2409 953 requiritur,
2455 897 2572 953 quo
2612 878 2773 937 aliud

344 980 405 1029 12
442 984 620 1040 super
647 965 811 1023 aliud
841 966 1066 1041 petitur
1094 964 1391 1039 poculum.
1440 965 1698 1024 Dederat
1727 958 1860 1041 ἡδέι
1888 959 2186 1042 κέντρῳ.
2236 964 2328 1022 Cf.
2360 964 2519 1022 infra
2546 984 2602 1023 v.
2629 964 2770 1021 342.

442 1049 570 1125 xv,
619 1050 697 1107 85
745 1054 805 1107 et
847 1050 1009 1108 alibi.

610 1134 767 1209 XIV,
818 1135 894 1192 74
920 1154 1005 1210 sq.

751 1231 875 1294 Τὸν
917 1231 1025 1309 μὲν
1071 1231 1432 1311 ε’φημίξαντυ
1477 1228 1768 1292 Κελαινέα
1810 1230 2133 1312 μα’ρτυρι
2176 1232 2463 1313 μορφῇ,

748 1319 848 1379 τὸν
894 1315 961 1379 δὲ
1006 1319 1167 1397 φυῆς
1210 1311 1526 1397 Ἀργεννὸν
1569 1313 1908 1395 ὁμώνυμον.

441 1440 614 1499 Alter
659 1459 863 1499 versus
909 1441 1093 1514 priori
1138 1440 1331 1498 lucem
1378 1440 1580 1499 affert:
1635 1434 1922 1515 μάρτυρα
1965 1436 2218 1513 μορφῆς
2267 1438 2329 1496 in
2374 1456 2441 1495 eo
2488 1438 2776 1513 scriptum

442 1526 656 1584 fuerat.
730 1522 987 1584 Omnino
1031 1544 1276 1583 acumen
1311 1525 1370 1582 in
1401 1524 1492 1583 his
1525 1523 1876 1600 Satyrorum
1905 1523 2247 1581 nominibus
2281 1524 2615 1597 quaesitum
2648 1540 2776 1581 esse

442 1609 591 1670 bene
632 1610 934 1685 perspexit
978 1608 1262 1687 GraefiuS.
1319 1608 1477 1668 Hinc
1519 1619 1679 1668 recte
1723 1629 1778 1668 v.
1806 1609 1883 1664 75
1930 1602 2233 1686 Λίγοκέρῳ
2280 1608 2550 1681 mutavit,
2598 1606 2774 1665 modo

443 1690 820 1772 Αἰγικόρῳ,
866 1713 986 1752 non
1011 1690 1366 1773 Λίγοκόρῳ
1410 1695 1764 1768 scripsisset,
1812 1693 1961 1751 bene
1995 1713 2049 1749 v.
2082 1695 2192 1750 111
2230 1710 2336 1767 pro
2362 1688 2593 1770 Ἴστρῳ
2638 1709 2777 1749 eon-

444 1779 584 1838 iecit
609 1775 706 1835 Οἴ
716 1792 889 1857 στρῳ,
939 1780 1097 1853 quod
1141 1779 1338 1854 ipsum
1386 1778 1606 1837 diserte
1650 1778 1892 1853 praebet
1923 1777 2002 1835 M.
2067 1776 2182 1835 Sed
2232 1777 2349 1835 duo
2379 1777 2622 1835 nomina
2657 1794 2779 1834 non

443 1867 747 1922 assecutus
793 1871 911 1921 est:
961 1857 1214 1933 Λύκος
1257 1884 1315 1923 v.
1368 1865 1505 1938 112,
1552 1881 1663 1938 pro
1707 1881 1824 1938 quo
1869 1866 2145 1936 suspecto
2192 1862 2309 1919 iam
2352 1865 2598 1936 propter
2643 1857 2777 1918 Λύ-

446 1968 568 2005 κων
610 1968 664 2007 v.
701 1950 818 2007 108
853 1941 1058 2017 Λάκος
1104 1949 1200 2006 vel
1233 1939 1462 2017 Γλύκος
1507 1948 1799 2021 tentavit3
1847 1947 1947 2004 ille
1993 1964 2131 2004 vero
2178 1946 2459 2005 audiebat
2492 1942 2778 2021 Λᾰλος,

446 2033 723 2108 quoniam
771 2036 901 2092 erat
943 2026 1117 2107 ἠχέτα
1149 2033 1335 2110 κῆρυξ
1350 2052 1364 2099 ;
1408 2035 1536 2090 tum
1571 2028 1972 2105 Πρόνομος
2018 2050 2074 2089 v.
2114 2032 2252 2106 113,
2302 2032 2402 2106 qui
2434 2031 2561 2089 sine
2594 2030 2780 2089 dubio

448 2110 775 2189 Πρόνοος
820 2117 1011 2176 dictus
1054 2121 1197 2194 erat,
1245 2119 1453 2193 utpote
1496 2114 1856 2195 πραπίδεσσι
1898 2111 2276 2190 κεκασμένος.

616 2202 764 2260 Ibid.
818 2203 955 2260 122.

765 2308 798 2344 ια
884 2276 1264 2363 ἀπειλητῆρες
1306 2279 1399 2344 ἀεὶ
1443 2279 1764 2365 φεύγοντες
1801 2277 2014 2343 Ἐνυώ.

446 2405 559 2464 Hic
602 2406 860 2480 quidem,
908 2406 1063 2481 quod
1114 2424 1351 2480 perraro
1396 2404 1493 2479 fit,
1542 2405 1840 2464 defectum
1886 2403 2170 2462 editionis
2216 2403 2501 2478 principis
2547 2404 2785 2480 egregie

446 2489 766 2634 θιρίθῗῦξιὲ,
814 2490 1082 2634 ῗέιὲοῐιᾶο
1128 2486 1389 2548 δειλοί.
1480 2491 1752 2550 Editores
1798 2481 2074 2558 πάντες
2118 2488 2319 2547 versui
2365 2488 2779 2564 praefixerant.

754 2658 835 2717 Οἳ
879 2655 942 2718 δὲ
984 2653 1487 2735 τανυπτόρθοισιν
1532 2655 1946 2736 ἐθωρήσσοντο
1989 2677 2024 2714 κ
2043 2678 2075 2716 ο
2088 2655 2171 2736 ρύ
2193 2680 2281 2717 να
2296 2679 2318 2715 ι
2332 2680 2382 2730 ς.

448 2780 744 2856 Κορῦναι,
802 2779 1061 2837 clavae
1106 2778 1287 2838 ramis
1332 2779 1610 2854 foliisque
1656 2781 2019 2854 expurgatae
2062 2797 2170 2838 nec
2215 2779 2329 2837 dici
2377 2779 2638 2854 possunt
2682 2799 2779 2835 τα-

452 2857 810 2939 νύπτορθοι,
867 2883 974 2922 nec
1016 2864 1330 2922 loricarum
1379 2864 1508 2921 loco
1553 2863 1720 2921 indui
1765 2882 1841 2922 ne
1883 2882 1918 2921 a
1963 2863 2192 2939 Satyris
2241 2863 2500 2939 quidem.
2576 2863 2784 2922 Potius

446 2950 506 3006 bi
553 2948 953 3092 ηιξέθηὺὲξὸκ
966 2967 998 3005 ο
1012 2969 1044 3024 ρ
1057 2940 1145 3022 όμ
1156 2949 1196 3026 β
1211 2967 1242 3005 ο
1257 2968 1278 3003 ι
1291 2969 1321 3018 ς
1369 2947 1686 3023 frondosis,
1731 2947 1947 3028 quibus
1992 2951 2235 3023 pectora
2281 2947 2620 3023 cingebant.

735 3079 749 3108 ,
927 3082 939 3094 .

759 3113 1034 3186 Τιθωνὸς
1078 3114 1305 3192 ροδόεις
1348 3111 1486 3175 πέλε
1532 3114 1898 3191 νυμφίος,
1943 3110 2022 3175 ὂν
2065 3112 2165 3174 διὰ
2212 3111 2422 3184 κάλλος
2476 3151 2547 3159 —-

439 3235 588 3294 Cum
646 3240 847 3311 pastor
892 3236 1178 3311 superbae
1223 3236 1473 3295 Nicaeae
1518 3255 1693 3294 suum
1736 3254 1999 3294 amorem
2044 3236 2428 3294 commendet
2471 3268 2554 3277 -—
2601 3228 2775 3311 οὖρα-

442 3319 587 3378 νίων
642 3316 856 3418 λεχέων
910 3316 1252 3397 ἑπιβήτορὲς
1298 3319 1405 3379 εἰσι
1454 3319 1690 3416 νομῆες.
1718 3340 1773 3378 v.
1810 3322 1930 3377 278
1965 3352 2074 3394 -—,
2143 3321 2380 3417 egregie
2425 3320 2497 3379 ad
2543 3339 2781 3415 sensum

438 3403 576 3465 πέλε
629 3402 994 3482 βουκόλος
1053 3425 1123 3464 ex
1180 3426 1235 3465 v.
1284 3408 1407 3466 280
1460 3408 1727 3481 reposuit,
1783 3404 2070 3464 Graefius.
2158 3406 2295 3463 Alio
2367 3407 2571 3464 tamen
2618 3405 2786 3463 ducit

440 3492 587 3548 illud
623 3488 899 3567 νυμφίος,
933 3490 1087 3549 unde
1117 3494 1282 3566 patet
1312 3491 1512 3566 simili,
1544 3509 1667 3549 non
1696 3490 1904 3549 eodem
1935 3490 2175 3549 nomine
2208 3493 2486 3564 poetam:
2525 3485 2787 3563 νόμιος

446 3572 666 3634 πέλεν
712 3576 1033 3649 scripsisse.

619 3659 761 3719 XVI
824 3660 963 3717 194.

741 3706 826 3816 *Ξῖ
864 3756 942 3837 ῥά
987 3775 1051 3818 σε
1096 3758 1232 3837 σὴν
1277 3759 1542 3837 ταμίην
1586 3758 1925 3837 οἰκτίρμονα
1968 3760 2169 3836 θῆκεν,
2208 3753 2460 3837 ἐρώτων.

447 3880 702 3938 Versum
760 3883 1133 3956 corruptum,
1192 3899 1309 3955 quo
1356 3881 1622 3939 Bacchus
1670 3898 1876 3939 canem
1922 3899 1956 3937 a
1999 3878 2157 3938 Pane
2203 3880 2357 3938 dono
2404 3879 2517 3939 sibi
2564 3880 2787 3953 datum,
2841 3893 2852 3900 ·

452 3965 554 4040 qui
598 3984 733 4023 eum
780 3966 841 4023 in
887 3967 1184 4039 sequenda
1213 3966 1432 4024 Nicaea
1476 3966 1813 4039 comitatur,
1859 3964 2206 4040 alloquitur,
2255 3963 2526 4024 Graefius
2569 3985 2601 4024 e
2632 3963 2786 4023 Rbo-

453 4049 736 4107 domanni
782 4051 1119 4109 coniectura
1163 4050 1247 4109 sic
1290 4051 1582 4109 mutavit:
1633 4038 1675 4123 ἦ
1721 4047 1796 4128 ῥά
1844 4064 1908 4106 σε
1957 4040 2120 4106 Πὰν
2164 4047 2382 4126 ταμίη
2402 4071 2451 4109 ν.
2524 4049 2642 4108 Sed
2687 4068 2786 4106 τα-

448 4131 583 4208 μίης
642 4129 877 4210 ἐρώτων
930 4154 1108 4211 quam
1165 4153 1285 4193 non
1343 4139 1483 4211 apte
1528 4137 1692 4194 canis
1738 4135 1970 4194 dicatur
2013 4133 2200 4208 probe
2245 4152 2380 4192 eum
2423 4135 2789 4209 perspexisse

452 4218 590 4277 inde
644 4222 839 4294 patet,
909 4219 1068 4295 quod
1126 4220 1374 4278 alteram
1431 4220 1744 4295 proposuit
1798 4219 2224 4279 coniecturam:
2293 4209 2331 4294 ἦ
2392 4212 2468 4295 ῥά
2512 4234 2577 4276 σε
2623 4213 2789 4275 Πὰν

450 4301 741 4381 γαμίων
795 4309 904 4366 etc.
996 4304 1179 4364 Utilis
1234 4307 1325 4363 est
1380 4305 1472 4363 hic
1530 4304 1770 4380 quidem
1812 4304 1903 4379 M,
1965 4302 2068 4360 ubi
2113 4298 2247 4374 σὸς
2292 4300 2507 4380 ταμίην
2548 4304 2787 4379 legitur,

457 4387 613 4447 unde
659 4388 828 4448 facile
875 4391 965 4447 est.
1011 4377 1131 4459 σὸς
1177 4387 1447 4465 ταμίης
1492 4408 1808 4465 reponere,
1853 4387 2008 4464 quod
2059 4387 2177 4446 iam
2214 4408 2395 4464 supra
2426 4407 2496 4447 ex
2526 4388 2628 4463 XI,
2666 4390 2783 4446 126
