3132 5129
1420 373 1714 437 -564
1806 412 1877 420 ——

478 531 695 591 tissimi
739 531 1073 590 emendatio
1118 550 1240 590 non
1293 522 1627 607 perficitur:
1682 551 1820 591 nam
1864 532 1926 591 et
1971 531 2182 606 copula
2228 530 2627 605 desideratur,
2689 550 2806 606 qua

477 613 681 691 χλιδᾶς
727 635 861 675 eum
905 615 1161 692 χαρίτων
1215 617 1529 692 iungatur,
1589 619 1651 675 et
1706 610 2134 694 ἆβροπλούτοιο
2188 616 2575 691 pertinaciter
2616 619 2805 674 metro

478 702 711 760 laborat
763 721 871 761 nec
926 701 1187 761 eiusdem
1243 702 1517 761 vocabuli
1578 705 1862 778 sequente
1916 697 1944 759 ἐ
1957 723 1986 772 ς
2042 701 2238 761 hiatus
2295 701 2437 760 ferri
2494 703 2693 776 potest
2744 703 2807 759 et

478 788 723 845 verbum
785 781 1052 856 ἐσκίαζον
1106 788 1264 845 iusto
1323 786 1554 845 obiecto
1612 790 1794 847 caret.
1886 785 2111 856 Quodsi
2166 806 2233 845 ex
2290 785 2619 845 Hermanni
2665 804 2803 844 con-

477 871 701 932 iectura
743 866 974 948 γένυν
1016 869 1403 943 συνεσκίαζον
1453 872 1738 947 infertur,
1795 872 1857 930 id
1912 889 2035 932 non
2089 871 2279 931 solum
2338 872 2618 946 strophae
2662 872 2805 930 satis
2892 878 2905 891 “

473 957 867 1031 probabiliter
923 958 1241 1017 restitutae
1295 958 1488 1015 metro
1547 956 1926 1033 adversatur,
1985 956 2088 1017 sed
2133 975 2209 1016 ne
2253 975 2287 1014 a
2332 957 2630 1016 sententia
2672 957 2804 1031 qui-

476 1042 610 1100 dem
654 1060 1015 1119 magnopere
1070 1042 1295 1118 placet:
1357 1038 1596 1119 φάρεα
1653 1043 1810 1101 enim
1867 1042 1963 1101 hic
2016 1059 2137 1101 non
2180 1042 2601 1101 vestimentum
2658 1060 2802 1115 esse,

472 1145 591 1203 quo
637 1146 850 1202 corpus
895 1129 954 1186 te
999 1130 1163 1203 atur,
1209 1126 1313 1186 sed
1358 1145 1537 1202 quam
1582 1125 1788 1186 iniecit
1831 1127 2074 1200 chorus,
2123 1130 2190 1185 ut
2233 1145 2367 1184 cum
2413 1126 2675 1185 Homero
2718 1125 2805 1183 lo-

464 1232 638 1288 quar,
695 1214 926 1292 κεφαλῇ
956 1147 1279 1288 ἐφύπερθε
1324 1203 1802 1289 καλύπτρην,
1862 1230 1933 1270 ex
1977 1212 2292 1271 coniuncta
2335 1230 2468 1269 cum
2512 1212 2635 1269 illis
2679 1211 2804 1268 cin-

467 1298 775 1357 cinnorum
817 1300 1062 1373 apparet
1106 1297 1438 1371 mentione,
1501 1297 1716 1372 quibus
1776 1297 2116 1356 obumbrari
2161 1315 2344 1373 genas
2388 1299 2457 1353 ut
2501 1295 2807 1354 commode

468 1402 575 1457 per
619 1401 680 1442 se
728 1382 842 1442 dici
887 1383 1089 1458 potuit
1138 1415 1210 1424 —
1259 1401 1369 1441 nec
1415 1382 1582 1442 deest
1624 1383 1788 1442 locus
1836 1382 1991 1441 haud
2035 1381 2327 1440 absimilis
2373 1400 2443 1440 ex
2496 1380 2807 1482 Euripidis

472 1468 684 1526 Bacch.
733 1488 786 1529 v.
817 1468 941 1526 455
971 1486 1057 1543 sq.
1104 1467 1205 1526 ubi
1253 1467 1325 1526 de
1371 1467 1648 1526 muliebri
1694 1467 1925 1527 Baccho
1971 1467 2220 1527 dicitur:

814 1581 1125 1662 πλόκαμός
1172 1606 1232 1644 τε
1274 1578 1388 1681 γάρ
1434 1599 1545 1643 σου
1590 1579 1842 1659 ταναός,
1887 1574 1960 1644 οὗ
2003 1580 2194 1660 πάλης
2238 1581 2359 1644 ὕπο

814 1666 999 1746 γένυν
1041 1665 1191 1748 παρ’
1240 1660 1429 1747 αὐτὴν
1473 1667 1828 1747 κεχυμένος,
1873 1667 2080 1729 πόθου
2120 1666 2437 1742 πλέως-

471 1808 558 1864 ita
600 1807 817 1864 mirum
878 1806 1144 1881 profecto
1202 1809 1388 1882 esset,
1450 1807 1499 1865 si
1558 1807 1717 1866 solae
1776 1826 1961 1884 genae
2010 1806 2402 1866 obumbratae
2448 1806 2807 1864 dicerentur.

470 1891 720 1948 Praeter
776 1909 872 1949 eas
927 1891 1071 1966 quid
1129 1892 1708 1951 commemorandum
1767 1891 1980 1967 fuerit,
2037 1893 2132 1951 vel
2193 1911 2262 1950 ex
2322 1891 2642 1951 Homerico
2703 1889 2811 1948 illo

473 1976 617 2035 satis
673 1979 953 2051 apparet,
1015 1976 1295 2052 ducitque
1353 1976 1558 2036 eodem
1616 1976 1686 2036 de
1732 1977 2002 2035 Phaedra
2058 1995 2413 2053 quamquam
2463 1976 2579 2035 alio
2632 1974 2809 2034 modo

473 2079 599 2121 sese
628 2063 867 2121 velante
913 2061 1072 2119 fama
1115 2060 1356 2137 Hippol.
1392 2063 1509 2120 133
1536 2081 1628 2137 sq.
1675 2058 1855 2120 λεπτὰ
1901 2056 1966 2118 δὲ
2011 2061 2175 2139 φάρη
2213 2058 2221 2139 Ι
2262 2049 2498 2132 ξανθαν
2539 2055 2813 2133 κεφαλὰν

471 2139 747 2213 σκιάζειν.
850 2145 1006 2204 Hinc
1065 2146 1250 2215 totius
1309 2146 1584 2205 carminis
1640 2146 1966 2207 clausulam
2021 2146 2412 2221 probabiliter
2465 2146 2575 2205 hoc
2631 2143 2811 2204 modo

473 2233 783 2291 restituae.
829 2226 1293 2308 περιβαλλομένα
1337 2227 1651 2306 γένυσιν
1688 2237 1698 2305 Ι
1735 2225 1943 2308 κρᾶτ’
1994 2225 2395 2303 ἕπεσκίαζον.

640 2316 786 2375 Inde
831 2316 905 2375 ad
949 2316 1217 2392 proxime
1261 2316 1675 2375 antecedentia
1717 2317 1974 2394 regressi
2005 2317 2055 2376 si
2087 2319 2367 2393 corrupta
2395 2315 2580 2374 verba
2609 2311 2812 2389 χαίτας

472 2389 929 2479 ἆβροπλούτ(οιο
974 2396 1061 2481 ἐς)
1108 2397 1234 2477 ἔριν
1276 2402 1339 2460 in
1384 2420 1626 2460 examen
1671 2402 2108 2476 vocaverimus,
2168 2400 2369 2476 facile,
2430 2402 2675 2475 opinor,
2735 2400 2811 2457 ad

473 2506 600 2544 eam
646 2487 1059 2561 perveniemus
1104 2486 1492 2560 sententiam,
1539 2489 1608 2544 ut
1649 2486 1883 2547 litteras
1927 2486 2201 2545 cancellis
2242 2487 2664 2561 circumseptas
2694 2503 2804 2558 pro

441 2572 627 2630 'malo
672 2573 1085 2649 supplemento
1130 2572 1390 2631 mutilati
1437 2530 1869 2668 ἆβροπλουτ
1910 2572 2263 2648 habeamuS,
2324 2574 2561 2648 poetam
2605 2572 2806 2646 ipsum

475 2660 674 2715 autem
721 2658 861 2716 olim
907 2657 1051 2716 haec
1097 2658 1296 2716 omnia
1339 2657 1424 2716 ita
1468 2657 1771 2732 scripsisse
1816 2662 2127 2734 putemus:

376 2783 441 2829 23
1138 2770 1197 2845 ἐς
1241 2767 1489 2872 ἁμίλλας
1534 2772 1789 2852 χαρίτων

1138 2858 1338 2936 χλιδᾶς
1381 2850 1530 2935 ἆβρο
1545 2880 1591 2916 π
1607 2854 1802 2917 έπλου
1847 2853 1907 2918 τ’
1959 2856 2084 2938 ἔριν

968 2937 1294 3020 ὀρνυμένα,
1339 2941 1734 3002 πολυποίκιλα
1778 2939 1971 3021 φάρεα

968 3026 1068 3087 καὶ
1112 3022 1447 3104 πλοκάμους
1492 3026 1963 3106 περιβαλλομένα
2006 3051 2041 3107 γ
2057 3025 2084 3087 ἑ
2098 3051 2133 3085 ν
2152 3051 2187 3087 υ
2203 3044 2237 3086 σ
2253 3051 2272 3086 ι
2288 3052 2324 3088 ν

1139 3105 1345 3190 κρᾶτ’
1394 3110 1516 3173 ἕπε
1533 3112 1793 3183 σκίαζον.

481 3230 709 3302 Quibus
740 3234 1004 3308 apprime
1037 3235 1359 3292 concinunt
1389 3234 1715 3309 strophica,
1765 3233 2087 3293 dummodo
2119 3234 2350 3309 syllaba
2390 3234 2613 3307 brevia,
2659 3251 2812 3307 quae

478 3337 535 3376 v.
575 3319 733 3376 1132
780 3319 975 3390 deest,
1021 3320 1397 3394 restituatur,
1435 3317 1594 3393 quod
1625 3337 1744 3376 non
1776 3321 1899 3377 tam
1930 3319 2375 3378 Hermanniano
2406 3321 2813 3396 προλιποῦσα

478 3403 819 3479 recipiendo
877 3423 1054 3479 quam
1118 3404 1468 3480 pronomine
1536 3403 1793 3462 secundo
1866 3403 2175 3463 inferendo
2236 3405 2633 3479 probabiliter
2686 3403 2818 3460 fieri

481 3487 751 3564 videtur,
798 3489 884 3547 ita
927 3493 995 3548 ut
1037 3488 1126 3547 illi
1170 3507 1377 3548 versus
1422 3488 1531 3546 hoc
1575 3487 1754 3546 modo
1802 3488 2095 3547 scribendi
2141 3489 2291 3548 sint:

1140 3601 1239 3682 ἐμὲ
1287 3597 1337 3662 δ’
1390 3599 1577 3664 αὐτοῦ
1621 3600 1708 3664 σὺ
1755 3604 1957 3664 λιποῦ-

1140 3707 1215 3749 σα
1261 3688 1416 3772 βήσῃ
1462 3688 1696 3769 ῥοθίοις
1741 3683 2009 3761 πλάταις.

652 3811 767 3871 Sed
822 3811 964 3870 haec
1020 3811 1090 3869 de
1137 3810 1256 3870 boc
1312 3810 1556 3870 stasimo
1613 3809 1924 3869 sufficiant.
2017 3808 2309 3868 Ultimum
2356 3811 2572 3870 ultima
2615 3829 2811 3870 emen-

481 3896 784 3956 dationum
831 3899 999 3970 parte
1045 3896 1353 3955 tractaturi
1400 3914 1622 3955 sumus,

1447 4182 1841 4193 -———.--—-—-——
