3132 5129
1265 397 1721 462 —179-

313 556 772 631 compilatorum
828 558 1013 614 artem
1067 555 1336 615 redolere
1392 556 1688 616 videntur.
1791 557 1945 614 Nam
1987 577 2042 617 v.
2075 557 2226 630 311,
2286 557 2389 631 qui
2439 557 2485 613 B
2516 558 2659 615 371.

317 646 376 697 A
406 641 551 700 288.
614 641 684 696 H
715 642 854 699 132.
917 641 978 696 Π
1008 642 1107 699 97.
1158 638 1192 695 δ
1223 643 1341 698 341
1394 639 1506 718 (=
1538 661 1573 717 ρ
1609 639 1775 716 132).
1820 658 1856 698 σ
1888 642 2009 700 235
2055 645 2116 699 et
2159 641 2305 699 adeo
2354 661 2400 697 ω
2433 643 2553 700 376
2602 644 2663 701 in

319 727 480 785 votis
523 726 1000 786 antecedentium
1046 744 1246 783 rerum
1290 727 1730 802 verborumque
1775 728 1984 785 tenore
2029 726 2300 784 excitatis
2359 746 2531 784 suum
2578 727 2661 785 lo·

313 828 453 868 cum
498 813 763 886 occupat,
814 811 908 869 hic
953 810 1103 869 miro
1151 829 1291 869 casu
1331 811 1500 885 quasi
1532 811 1606 869 de
1636 811 1799 871 caelo
1832 811 2106 887 delapsus
2142 810 2405 886 videtur3
2451 832 2511 871 v.
2539 813 2661 869 312

314 899 380 953 et
422 897 577 963 τοῖος
622 888 737 951 ἐών
780 899 843 953 et
887 883 957 950 τὰ
1002 890 1278 972 φρονέων
1337 900 1515 955 notae
1573 899 1714 955 sunt
1767 896 2092 970 formulae3
2151 915 2208 954 v.
2242 898 2363 953 313
2423 896 2547 954 fere
2593 915 2663 954 ex

314 976 504 1038 «5569
553 976 748 1055 ἔχεις
783 965 1027 1053 Ἑλένην
1071 977 1178 1036 καί
1216 994 1364 1055 σφιν
1405 976 1745 1058 γαμβρὸς
1793 974 1939 1048 Διός
1985 977 2105 1037 ἐσσι
2161 981 2477 1039 coniuncto
2530 999 2663 1039 cum

315 1061 351 1130 ζ
378 1064 498 1120 244
543 1059 773 1122 τοιόσδε
817 1060 989 1132 πόσις
1032 1061 1490 1141 κεκλημένος
1534 1063 1629 1140 εἴη
1675 1067 2036 1142 compositus
2081 1067 2200 1140 est3
2251 1085 2305 1123 v.
2340 1067 2463 1122 314
2509 1046 2663 1121 αὖθι

313 1143 513 1222 μένων
565 1149 747 1208 etiam
807 1151 1037 1210 A492.
1100 1150 1321 1209 Γ291.
1385 1151 1594 1209 1412.
1654 1152 1797 1208 427.
1856 1152 1919 1207 Χ
1964 1152 2105 1208 137.
2165 1167 2190 1205 ε
2235 1151 2357 1209 208
2418 1152 2661 1209 obvium

313 1251 451 1291 cum
516 1235 878 1310 interpolato
941 1235 1047 1294 illo
1116 1234 1149 1302 ζ
1175 1235 1297 1292 245
1354 1224 1580 1291 αὐτόθι
1633 1234 1871 1311 μίμνειν
1939 1236 2251 1311 congruit3
2319 1255 2375 1293 v.
2412 1236 2534 1294 316
2592 1255 2661 1294 ex

313 1337 351 1372 υ
381 1318 505 1376 343
530 1337 618 1412 sq.
662 1315 926 1395 αἰδέομαι
958 1312 1016 1375 δ’
1062 1308 1432 1376 ἀέκουσαν
1475 1309 1593 1376 ἀπὸ
1623 1316 1905 1397 μεγάροιο
1937 1317 2170 1376 δίεσθαι
2211 1318 2221 1393 Ι
2258 1308 2438 1397 μύθῳ
2478 1310 2658 1398 ἄναγ-

313 1401 498 1482 καίῳ·
541 1393 624 1478 μὴ
669 1402 839 1460 τοῦτο
882 1395 1025 1472 θεὸς
1068 1398 1350 1461 τελέσειεν
1395 1404 1626 1463 collatis
1671 1426 1704 1482 ρ
1736 1407 1859 1465 398
1884 1424 1971 1480 sq.
2011 1404 2314 1463 confectus
2346 1407 2456 1462 est.
2545 1405 2659 1463 Ita-

313 1505 432 1562 que
479 1505 602 1546 non
645 1488 873 1564 dubito,
918 1491 1064 1564 quin
1109 1489 1326 1564 aliquis
1361 1520 1438 1530 —
1469 1489 1629 1548 idem
1664 1490 1916 1549 fortasse
1959 1490 2062 1563 qui
2120 1488 2300 1558 §245
2346 1488 2663 1564 adscripsit

310 1605 398 1612 —
444 1575 640 1631 totum
683 1573 877 1632 locum
923 1575 1322 1649 composuerit
1365 1592 1435 1633 eo
1488 1575 1761 1650 consilio,
1820 1579 1887 1633 ιιι
1944 1593 2093 1648 quae
2136 1573 2431 1631 Nausicaa
2474 1571 2659 1640 §244

310 1661 376 1714 et
420 1658 544 1716 277
569 1677 698 1732 sqq.
743 1659 815 1717 de
863 1658 1036 1717 Ulixe
1090 1677 1308 1733 sponso
1367 1659 1582 1718 leviter
1638 1660 2004 1733 jactavisset,
2062 1659 2249 1734 patris
2304 1658 2660 1717 auctoritate

313 1741 489 1816 quasi
546 1742 953 1817 confirmaret,
1011 1762 1238 1802 memor
1293 1743 1471 1802 simul
1527 1762 1734 1803 eorum
1790 1762 1940 1819 qnae
1995 1743 2300 1802 Menelaus
2358 1760 2391 1798 ο
2423 1744 2501 1802 68
2525 1762 2658 1818 sqq.
2698 1745 2762 1794 36

319 1825 678 1885 Telemacho
722 1828 1073 1903 respondet.

576 1922 892 2006 Τηλέμαχ’,
937 1925 1013 1988 οὔ
1056 1927 1115 1986 τί
1156 1922 1216 1985 σ’
1266 1922 1381 2006 ἐγώ
1422 1948 1487 2007 γε
1531 1919 1723 1989 πολυν
1766 1924 1980 2026 χρόνον
2025 1923 2242 1988 ἐνθάδ’
2292 1922 2524 2002 ἐρύξω

574 2009 805 2104 ἱέμενον
849 2010 1111 2073 νόστοιο·
1160 2013 1623 2114 νεμεσσῶμαι
1668 2011 1734 2074 δὲ
1778 2012 1881 2073 καὶ
1925 2005 2083 2073 αλλω

573 2084 747 2169 ἀνδρὶ
794 2095 1139 2180 ξεινοδόκοι,
1185 2088 1252 2166 ός
1296 2090 1355 2156 κ’
1405 2095 1574 2198 ἔξοχα
1615 2096 1728 2176 μὲν
1776 2095 1952 2198 φιλέῃ
1956 2115 2084 2173 σιν,

571 2177 784 2274 ἔξοχα
828 2174 886 2241 δ’
935 2158 1419 2287 ἐχθαίρῃσιν·
1467 2174 1743 2280 ἆμείνω
1786 2174 1845 2243 δ’
1893 2182 2159 2260 αἴσιμα
2201 2179 2466 2241 πάντα.

569 2255 695 2322 ἶσόν
740 2288 829 2326 τοι
872 2266 1062 2327 κακόν
1105 2242 1242 2325 ἔσθ
1249 2289 1383 2342 ,ος
1429 2255 1481 2325 τ’
1530 2260 1643 2328 οὐκ
1688 2264 2050 2330 ἐθέλοντα
2092 2264 2341 2327 νέεσθαι

570 2350 763 2421 ξεῖνον
807 2346 1117 2426 ἐποτρύνει
1163 2349 1262 2411 καὶ
1310 2343 1374 2424 ὃς
1420 2349 1745 2433 ἐσσύμενον
1789 2373 2215 2428 κατερυκει.

489 2468 749 2532 Transeo
814 2475 892 2532 ad
960 2473 1229 2567 singulos
1282 2493 1488 2533 versus
1555 2494 1624 2533 ex
1689 2477 1740 2532 θ
1795 2474 2085 2534 sublatos.
2182 2471 2275 2531 Ibi
2334 2475 2490 2530 certe
2545 2490 2653 2530 nec
2710 2503 2715 2508 ¹

311 2575 371 2613 v.
408 2554 492 2613 20
534 2559 672 2630 post
715 2557 901 2627 §230
955 2545 1060 2616 τὸν
1109 2553 1221 2634 μὲν
1268 2552 1564 2635 Ἀθηναίη
1608 2557 1853 2634 θῆκεν
1885 2593 1960 2601 —-
2001 2554 2013 2637 1
2050 2547 2320 2634 μείζονά
2363 2545 2415 2614 τ’
2466 2555 2652 2616 εἰσι-

311 2636 526 2696 δέειν
570 2637 690 2697 καὶ
734 2640 1077 2700 πασσονα
1122 2644 1399 2703 ferendus
1443 2645 1590 2718 fuit,
1637 2662 1748 2703 nec
1789 2664 1843 2706 v.
1876 2646 1955 2702 22
1981 2664 2069 2721 sq.

575 2734 766 2815 δεινός
811 2735 863 2804 τ’
912 2737 1138 2815 αἰδοῖός
1181 2763 1242 2801 τε
1286 2740 1386 2801 καὶ
1435 2690 1787 2804 ἐκτελέσειεν
1829 2735 2093 2813 ἀέθλους

573 2826 861 2905 πολλούς,
906 2818 1045 2899 τούς
1089 2826 1349 2906 Φαίηκες
1393 2824 1769 2906 ἐπειρήσαντ’
1811 2820 2123 2905 Ὀδυσῆος,

315 2968 571 3023 quorum
619 2968 736 3008 non
781 2950 1172 3024 posteriorem
1217 2951 1453 3008 tantum
1484 2948 1592 3008 sed
1618 2952 1938 3024 utrumque
1969 2969 2002 3007 a
2034 2948 2337 3007 Zenodoto
2367 2949 2655 3009 reiectum

311 3052 442 3091 esse
499 3033 783 3130 arbitror,
839 3054 1194 3131 quamquam
1257 3034 1576 3093 scholiasta
1619 3034 1693 3091 ad
1736 3026 2057 3103 πολλούς
2101 3037 2335 3092 tantum
2380 3035 2654 3093 adnotat·

312 3110 525 3175 ἀθετεῖ
566 3108 927 3191 Ζηνόδοτος·
985 3111 1058 3176 οὖ
1101 3139 1214 3195 γαρ
1270 3106 1528 3188 πολλους
1584 3113 1839 3176 ἐτέλεσεν
1895 3113 1961 3176 ἕν
2008 3115 2306 3197 Φαιακίᾳ,
2362 3107 2491 3175 αλλ’
2545 3114 2655 3176 ἐδί-

314 3218 524 3259 σκευσε
570 3198 779 3279 μόνον.
866 3204 948 3263 Et
991 3207 1229 3263 secutus
1270 3207 1362 3263 est
1420 3202 1782 3263 Nitzschius.
1870 3201 2083 3262 Cetera
2147 3159 2396 3279 retinui,
2454 3223 2655 3278 quam·

313 3307 520 3363 quam,
569 3290 617 3348 si
666 3288 817 3348 alius
862 3293 1105 3365 propter
1147 3286 1541 3355 ζ229-237
1592 3289 1788 3347 totum
1832 3288 2030 3346 locum
2074 3308 2132 3348 v.
2173 3289 2417 3348 17-23
2474 3308 2656 3363 expu-

314 3372 485 3448 lerit,
533 3393 629 3432 me
672 3392 791 3432 non
836 3391 1194 3448 magnopere
1237 3372 1657 3431 adversantem
1702 3372 1961 3433 habebit.

481 3458 634 3516 Tum
692 3477 750 3517 v.
783 3460 893 3532 58,
960 3476 1133 3532 quem
1191 3460 1253 3515 et
1303 3457 1526 3515 scholia
1586 3460 1647 3516 et
1703 3457 1970 3516 codicum
2026 3477 2159 3533 pars
2216 3458 2525 3533 ignorant,
2588 3459 2658 3514 ut

313 3561 383 3599 ex
434 3544 509 3600 17
544 3541 623 3619 -Ι-
658 3538 691 3596 δ
723 3543 848 3601 720
897 3541 1218 3601 conflatum
1281 3542 1396 3599 iam
1450 3541 1818 3618 Nitzschius‚
1878 3542 2185 3601 Bekkerus
2239 3546 2301 3602 et
2357 3541 2654 3601 Ameisius

315 3629 666 3685 reiecerunt.

481 3711 572 3770 De
618 3731 674 3774 v.
708 3712 786 3769 81
815 3730 904 3787 sq.
951 3714 1176 3786 autem,
1233 3712 1335 3786 qui
1392 3714 1624 3770 tantum
1684 3711 1853 3771 abest
1908 3717 1977 3770 ut
2030 3712 2258 3786 aliquid
2314 3711 2537 3770 faciant
2578 3710 2653 3768 ad

311 3795 630 3855 obscuram
677 3796 939 3855 fabulam
989 3795 1452 3871 intellegendam
1495 3799 1562 3854 ιιι
1608 3815 1738 3854 eam
1784 3797 1975 3871 magis
2029 3797 2213 3854 etism
2269 3795 2649 3870 conturbent,

311 3881 428 3940 iam
473 3882 538 3940 in
582 3882 820 3941 scholiis
873 3881 1225 3940 adnotatum
1281 3881 1650 3940 invenimus:
1708 3874 1772 3935 ἐν
1816 3876 2004 3950 ἐνίαις
2047 3880 2164 3938 τῶν
2210 3875 2495 3938 ἕκδόσεων
2541 3871 2652 3936 οὐκ

311 3961 622 4040 ἕφέροντο’
671 3963 764 4024 διὸ
812 3959 1193 4028 ἆθετοῦνται.
1285 3965 1365 4024 Ει
1408 3965 1695 4026 adsensus
1740 3969 1834 4025 est
1877 3965 2232 4025 Nitzschius.

481 4048 793 4120 Quomodo
837 4054 1037 4110 autem
1081 4071 1134 4110 v.
1169 4051 1293 4108 545

563 4145 773 4228 πομπὴ
818 4147 919 4208 καὶ
964 4149 1111 4225 φίλα
1158 4148 1354 4228 δῶρα,
1399 4145 1472 4210 τά
1515 4149 1580 4209 οἷ
1616 4149 1859 4228 δίδομεν
1902 4147 2202 4226 φιλέοντες

309 4270 448 4330 ferri
492 4270 690 4328 adhuc
731 4270 1029 4346 patienter
1071 4272 1360 4346 potuerit,
1417 4291 1509 4330 me
1552 4289 1673 4329 non
1718 4271 2066 4347 intellegere
2111 4270 2333 4329 fateor:
2394 4272 2515 4328 tam
2560 4270 2649 4331 in-

307 4361 444 4431 epte
489 4373 564 4414 eo
607 4354 1013 4414 antecedentis
1057 4374 1264 4414 versus

565 4452 771 4513 εἵνεκα
812 4443 926 4533 γὰρ
971 4453 1187 4528 ξείνοιο
1233 4446 1384 4513 τάδ’
1433 4452 1688 4513 αἰδοίοιο
1730 4451 1992 4514 τέτυκται

2140 4552 2235 4605 12*
