3132 5129
1468 372 1932 435 -446-

794 524 895 586 καὶ
941 526 1153 603 σοφίης
1195 521 1489 602 πλήθοντι
1533 516 1677 596 θεὸς
1722 524 1910 586 πάλιν
1952 525 2160 608 ἕννεπξ
2207 525 2453 609 Πέτρῳ·

796 609 1070 691 „diqvoeg
1101 609 1326 689 ἐμοὺς
1356 612 1616 689 ποίμαι
1636 631 1713 671 νε
1754 605 2190 690 σαόφρονας
2217 611 2494 673 ἄνθεσι
2523 611 2876 691 βίβλων.“

714 782 843 843 Hoc
887 802 1028 843 vero
1073 802 1279 858 versu,
1327 783 1493 841 Viri
1537 782 2019 859 Gravissimi,
2067 786 2236 859 quasi
2282 786 2456 843 etiam
2498 783 2729 842 Vobis
2773 801 2877 841 no·

545 868 755 942 bisque
798 868 956 927 dicto
1000 869 1116 926 iam
1150 868 1224 926 ad
1257 888 1384 934 eam
1414 888 1541 926 rem
1572 887 1847 944 revocor,
1895 870 2061 928 cuius
2092 888 2268 928 causa
2297 872 2425 929 tota
2451 868 2598 926 haec
2627 868 2878 943 scriptio

546 955 818 1028 suscepta
871 957 988 1027 est,
1056 953 1137 1010 ad
1198 958 1364 1012 vota
1419 972 1553 1027 pro
1617 953 1938 1012 Vestrae
2007 954 2559 1015 Universitatis
2626 953 2876 1011 salute

474 1098 480 1105 ,
544 1038 662 1114 pie
705 1039 1211 1113 nuncupanda.
1290 1038 1450 1108 Quae
1497 1042 1636 1096 vota
1664 1039 1864 1113 qualia
1893 1040 2270 1114 potissimum
2312 1058 2439 1099 esse
2483 1037 2761 1111 debeant,
2808 1057 2878 1094 ex

544 1125 647 1199 iis,
693 1141 842 1198 quae
896 1123 1085 1182 libelli
1144 1123 1318 1181 initio
1374 1123 1445 1181 de
1501 1122 1925 1184 Universitatis
1969 1123 2217 1183 Vestrae
2274 1124 2489 1183 studiis
2543 1141 2879 1196 eorumque

541 1228 671 1266 cum
718 1210 920 1267 nostra
963 1227 1026 1267 re
1068 1209 1307 1283 publica
1350 1209 1699 1266 commercio
1731 1209 1793 1266 in
1823 1210 2167 1267 memoriam
2215 1209 2517 1282 revocavi,
2563 1208 2739 1283 quasi
2772 1226 2878 1265 sua

541 1297 753 1368 sponte
798 1293 1029 1353 elucere
1073 1293 1209 1367 quis
1252 1311 1373 1352 non
1416 1294 1622 1354 videt?
1669 1292 1779 1352 His
1825 1294 1983 1352 enim
2015 1294 2382 1371 temporibus
2413 1297 2474 1351 et
2503 1292 2673 1367 vulgi
2705 1310 2874 1367 prae-

542 1378 725 1438 coniis
770 1377 1053 1436 celebrari
1099 1382 1160 1436 et
1218 1378 1469 1448 publicis
1524 1378 1896 1453 privatisque
1952 1380 2228 1453 praemiis
2282 1378 2557 1438 adornari
2601 1395 2742 1435 cum
2786 1376 2876 1435 vi-

543 1464 785 1521 deamus
829 1463 952 1521 fere
997 1463 1151 1522 solas
1197 1482 1294 1521 eas
1338 1467 1565 1537 artes,
1624 1482 1776 1537 quae
1821 1463 1882 1521 id
1941 1466 2441 1540 tantumagunt,
2497 1464 2567 1520 ut
2619 1465 2878 1520 naturae

541 1549 768 1610 viribus
813 1547 1162 1623 subigendis
1205 1551 1268 1606 et
1308 1551 1501 1605 terrae
1545 1547 1761 1622 opibus
1805 1548 2156 1606 effodiendis
2207 1549 2515 1607 hominum
2567 1547 2874 1605 cotidiano

545 1635 673 1690 usui
719 1632 1246 1708 voluptatibusque
1291 1632 1647 1705 inserviant,
1695 1651 1804 1691 nos
1835 1634 1955 1691 iam
1985 1632 2461 1691 Universitatum
2505 1631 2874 1708 professores

543 1737 610 1775 ae
654 1718 974 1792 magistros
1017 1735 1151 1774 cum
1194 1717 1447 1774 maxime
1493 1716 1663 1774 decet
1708 1717 1986 1792 iuvatque
2041 1736 2171 1775 eam
2229 1719 2625 1777 scientiam
2675 1720 2741 1774 et
2782 1735 2878 1774 ex-

544 1801 736 1860 colere
781 1801 941 1875 ipsos
987 1803 1048 1858 et
1091 1802 1340 1860 edocere
1382 1801 1810 1877 adolescentes,
1870 1821 2051 1876 quae,
2118 1803 2241 1862 sive
2286 1803 2348 1860 in
2395 1802 2614 1861 divinis
2670 1801 2879 1860 huma-

543 1886 757 1960 nisque
803 1885 927 1943 sive
971 1886 1033 1943 in
1088 1886 1460 1945 naturalibus
1504 1889 1774 1945 versetur
1815 1887 1992 1945 rebus
2037 1886 2470 1964 investigandis
2535 1885 2880 1961 aperiendis

549 1969 944 2045 illustrandiS,
992 1970 1119 2029 solo
1166 1972 1431 2029 veritatis
1462 1990 1659 2029 amore
1688 1972 1928 2030 incensa
1972 1972 2032 2029 in
2078 1991 2140 2030 se
2171 1991 2392 2046 suaque
2437 1973 2663 2031 virtute
2695 1970 2876 2028 finem

447 2074 513 2122 25
543 2057 834 2114 bonorum
863 2054 1043 2113 habet
1072 2055 1327 2117 invidiae
1357 2056 1880 2131 inexpugnabilem
1911 2056 2196 2115 mercedis
2227 2076 2345 2115 non
2378 2060 2673 2133 egentem.
2723 2055 2874 2112 Illae

545 2143 763 2200 etenim
811 2143 966 2199 artes
1013 2173 1087 2181 —
1138 2160 1283 2217 quas
1328 2143 1388 2199 et
1430 2141 1587 2216 ipsas
1630 2141 2178 2216 splendidissimum
2223 2142 2438 2201 habere
2484 2141 2729 2200 humani
2787 2142 2875 2197 in·

544 2226 705 2303 genii
749 2226 1115 2301 triumphum
1161 2228 1294 2302 quis
1341 2227 1677 2302 negaverit,
1725 2246 1873 2302 quas
1918 2246 2180 2286 summae
2222 2228 2488 2285 omnium
2539 2226 2724 2285 saluti
2781 2242 2872 2282 co-

546 2312 690 2369 tidie
747 2312 951 2387 augeri
1007 2315 1069 2369 et
1119 2311 1475 2386 amplificari
1545 2310 1679 2386 quis
1734 2329 1853 2370 non
1910 2311 2209 2370 laetetur?
2268 2344 2346 2354 —
2404 2311 2542 2369 illae
2608 2315 2771 2369 artes
2830 2309 2876 2367 si

545 2395 777 2471 quando
822 2397 1106 2455 acciderit
1149 2400 1219 2454 ut
1262 2396 1476 2455 solae
1522 2414 1804 2454 omnem
1849 2396 2079 2455 vitam
2111 2398 2426 2455 humanam
2472 2399 2750 2471 regant
2792 2397 2876 2452 at-

547 2500 660 2556 que
716 2481 1169 2556 compleant,
1228 2500 1586 2557 magnopere
1643 2481 1966 2540 verendum
2023 2484 2136 2557 est,
2195 2501 2269 2539 ne
2328 2483 2560 2540 animus
2614 2481 2881 2539 omnium

545 2567 869 2641 imperator
910 2567 1025 2624 sibi
1079 2568 1191 2642 ipsi
1251 2569 1537 2642 imperare
1594 2567 1861 2625 dediscat
1915 2569 2093 2642 atque
2149 2568 2411 2643 corporis
2468 2566 2880 2641 voluptatibus

545 2669 940 2726 sensuumque
986 2652 1313 2710 rationibus
1358 2652 1528 2710 unice
1576 2652 1813 2710 deditus
1858 2652 2005 2710 illud
2051 2657 2259 2727 poetae
2305 2652 2727 2711 obliviscatur:

801 2770 1147 2844 „Pronaque
1192 2790 1325 2829 cum
1372 2773 1721 2845 spectent
1765 2770 2045 2829 animalia
2087 2775 2286 2830 cetera
2329 2774 2633 2845 terram,

807 2853 889 2912 Os
934 2855 1158 2913 homini
1204 2855 1461 2913 sublime
1506 2855 1674 2914 dedit
1718 2855 2158 2931 caelumque
2204 2858 2399 2915 tueri

805 2938 984 2996 Iussit
1027 2943 1088 2997 et
1131 2943 1358 2998 erectos
1403 2940 1476 2997 ad
1524 2941 1721 2998 sidera.
1764 2941 1973 3000 tollere
2021 2941 2293 3000 vultus!“

716 3056 845 3116 Hoc
900 3058 1088 3133 igitur
1145 3059 1584 3117 sanctissimum
1640 3059 1899 3117 officium
1974 3077 2247 3135 „sursum
2302 3059 2520 3119 corda“
2579 3058 2878 3118 studiosae

549 3133 879 3200 iuventutis
921 3142 1190 3218 erigendi
1236 3147 1418 3218 atque
1449 3144 1720 3203 caelestis
1752 3145 2080 3217 sapientiae
2125 3145 2454 3204 floribus
2498 3142 2875 3219 pascendi,

547 3227 707 3301 quod
752 3245 856 3301 per
898 3230 1185 3302 quattuor
1206 3229 1459 3308 ’saecula
1503 3247 1538 3285 a
1569 3228 1789 3287 Vestra
1820 3228 2226 3289 Universitate
2270 3233 2557 3305 perpetuo
2602 3231 2875 3287 strenue-

549 3331 665 3385 que
708 3315 801 3370 est
845 3312 1254 3387 observatum,
1314 3317 1383 3371 ut
1425 3314 1605 3371 etiam
1662 3315 1872 3388 quinto
1919 3314 2079 3390 quod
2125 3316 2243 3373 iam
2285 3316 2554 3391 ingressa
2605 3316 2701 3372 est
2757 3330 2876 3370 sae·

549 3397 681 3455 culo
743 3397 869 3454 sine
926 3398 1048 3457 ullo
1105 3397 1533 3473 impedimento
1602 3399 1878 3474 persequi
1946 3418 2340 3476 prospereque
2394 3399 2628 3475 explere
2683 3397 2874 3456 eidem

549 3481 887 3556 contingat,
935 3501 1066 3541 cum
1113 3483 1355 3559 optimis
1399 3483 1695 3541 ominibus
1729 3485 2006 3557 optamus
2047 3490 2222 3559 atque
2263 3502 2600 3560 precamur,
2646 3483 2710 3540 in
2758 3498 2873 3557 quo

549 3565 744 3624 officio
790 3566 960 3624 nobis
991 3567 1408 3626 Turicensibus
1439 3568 1687 3627 eandem
1724 3567 2072 3643 Vobiscum,
2117 3588 2270 3645 quae
2300 3569 2496 3627 adhue
2541 3568 2672 3641 fuit,
2710 3585 2868 3625 man·

549 3669 744 3708 suram
791 3670 918 3709 esse
961 3653 1306 3711 societatem
1352 3656 1514 3711 certo
1571 3672 1876 3727 speramus
1930 3673 1965 3711 a
2021 3654 2326 3713 desideriis
2383 3654 2526 3711 haec
2582 3656 2719 3710 vota
2775 3669 2872 3709 su-

549 3736 895 3809 perantibus
938 3738 1001 3793 et
1044 3737 1300 3796 fortasse
1356 3738 1754 3797 controversis
1812 3739 2083 3797 consulto
2138 3739 2530 3812 abstinentes,
2590 3737 2872 3811 quoniam

549 3820 832 3895 temporis
875 3823 937 3879 et
978 3822 1094 3880 acti
1142 3840 1431 3880 memores
1489 3826 1552 3880 et
1598 3822 1651 3879 ei
1696 3822 1853 3896 quod
1896 3825 2097 3898 agitur
2141 3825 2404 3882 intentos
2450 3822 2520 3881 de
2565 3821 2742 3879 olim
2789 3819 2871 3876 fu-

549 3908 685 3963 turo
731 3923 968 3964 securos
1013 3925 1140 3965 esse
1188 3910 1426 3983 oportet
1471 3907 1676 3964 divino
1733 3907 1960 3965 numini
2016 3911 2371 3983 aeternoque
2427 3924 2624 3964 rerum
2679 3903 2870 3963 ordini

550 3990 827 4049 confisos!
