3132 5129
1415 409 1488 416 -
1580 368 1708 433 224
1788 336 1864 415 ‘-

472 530 747 605 gratique
805 529 984 587 animi
1046 527 1512 586 recordationem
1573 527 1688 586 viri
1745 526 2228 602 incomparabilis
2287 531 2476 586 morte
2520 545 2641 585 non
2686 545 2815 585 esse

473 614 842 673 exstinctam.
934 613 1087 671 Tum
1133 632 1202 672 eo
1248 614 1464 689 magis,
1525 612 1638 670 hoc
1681 613 1750 669 ut
1793 612 1987 688 palam
2032 611 2345 686 profitear,
2395 611 2512 669 fert
2556 612 2811 685 animus,

473 699 631 774 quod
684 699 744 757 in
801 700 1109 772 extremis,
1172 716 1319 773 quos
1369 698 1564 762 vivere
1610 696 1698 754 illi
1745 697 2027 773 contigit,
2087 696 2258 755 annis
2305 699 2511 754 nostra
2556 697 2813 755 necessi·

473 784 617 842 tudo
663 784 970 859 paululum
1015 783 1302 858 elanguit.
1393 782 1546 839 Nam
1592 799 1726 839 cum
1770 782 2179 856 Hermannus,
2233 782 2335 856 qui
2382 801 2486 856 per
2527 781 2813 839 scientiae

401 876 433 922 4
473 869 660 943 ipsius
706 887 936 926 summa
978 868 1282 925 cacumina
1329 867 1521 927 victor
1565 866 1800 942 ingredi
1845 866 2092 941 soleret,
2151 867 2455 924 hominum
2501 866 2818 925 scholasti-

476 971 678 1011 corum
726 953 925 1011 studia
970 960 1030 1010 et
1073 954 1334 1011 rationes
1380 953 1537 1009 infra
1580 971 1642 1010 se
1686 952 1910 1026 positas
1941 953 2110 1026 quasi
2141 971 2248 1027 per
2278 954 2654 1010 transennam
2686 955 2819 1008 tan-

475 1041 606 1095 tum
648 1032 1050 1113 prospiceret,
1098 1038 1224 1095 fieri
1273 1056 1392 1095 non
1438 1037 1651 1111 potuit,
1701 1037 1864 1110 quin,
1910 1055 2064 1110 quae
2109 1055 2220 1112 ego
2263 1035 2326 1093 in
2373 1036 2821 1112 gymnasiorum

475 1127 819 1181 nostrorum
874 1123 1256 1182 institutione
1313 1121 1591 1180 novanda
1634 1139 1961 1194 censerem,
2018 1124 2124 1178 aut
2166 1121 2239 1179 ab
2287 1121 2387 1193 iis,
2447 1122 2548 1195 qui
2595 1124 2656 1178 et
2698 1120 2816 1195 ipsi

477 1207 602 1267 eius
658 1209 744 1265 rei
799 1208 989 1283 ignari
1052 1211 1277 1279 essent,
1339 1210 1443 1264 aut
1498 1206 1682 1264 etiam
1742 1206 1817 1263 ab
1862 1206 2270 1265 infestissimis
2316 1203 2821 1264 obtrectatoribus

478 1292 807 1350 deformata
850 1293 904 1350 ei
952 1292 1331 1350 referrentur.
1400 1290 1492 1349 Ita
1537 1309 1924 1349 susurronum
1955 1290 2327 1349 sermonibus
2359 1290 2576 1349 cotidie
2607 1290 2821 1347 obvius

480 1376 653 1451 paulo
711 1377 885 1434 aliter
942 1377 1014 1435 de
1057 1396 1150 1435 me
1207 1375 1428 1435 sensim
1476 1376 1698 1434 sentire
1744 1376 1969 1449 coepit,
2028 1395 2135 1434 nec
2181 1394 2319 1451 eg0,
2379 1376 2473 1433 cui
2520 1374 2824 1432 rarissime

477 1465 716 1519 tantum
760 1480 867 1536 per
915 1461 1331 1520 brevissimum
1378 1461 1661 1535 temporis
1708 1461 1966 1534 spatium
2017 1479 2150 1518 cum
2182 1478 2249 1518 eo
2284 1459 2651 1518 confabulari
2683 1460 2823 1517 lice-

483 1545 604 1619 bat,
654 1546 884 1604 etiamsi
914 1546 1259 1619 voluissem,
1305 1546 1459 1603 hanc
1488 1546 1542 1603 ei
1575 1545 1916 1620 opinionem
1948 1544 2201 1603 evellere
2233 1546 2577 1620 potuissem.
2638 1542 2823 1601 Nolui

484 1635 714 1704 autem,
760 1631 1043 1705 quoniam
1091 1631 1232 1688 haec
1276 1635 1369 1688 est
1414 1631 1742 1688 communis
1787 1631 2079 1703 omnium,
2126 1630 2465 1705 quicunque
2508 1648 2603 1687 res
2634 1647 2824 1687 novas
2907 1695 2929 1714 .

489 1715 886 1790 qualicunque
946 1716 1007 1773 in
1061 1716 1303 1791 negotio
1367 1715 1725 1787 moliuntur,
1784 1714 1983 1772 fatalis
2042 1713 2328 1789 quaedam
2376 1733 2531 1787 sors,
2589 1716 2658 1770 ut
2701 1732 2825 1771 non

487 1799 679 1858 solum
727 1800 786 1857 in
832 1800 1154 1858 malevolas
1203 1800 1579 1858 inimicorum
1624 1800 1978 1872 calumnias,
2027 1798 2128 1857 sed
2159 1799 2340 1857 etiam
2376 1798 2436 1856 in
2469 1798 2645 1856 falsas
2677 1797 2825 1855 ami-

487 1903 689 1943 corum
747 1885 1053 1958 opiniones
1112 1885 1437 1943 incurrant.
1529 1883 1709 1941 Dolui
1755 1883 1966 1957 igitur,
2025 1888 2087 1943 et
2131 1883 2647 1943 vehementissime
2694 1881 2828 1957 qui-

489 1969 655 2043 dem,
718 1969 876 2043 quod
925 1973 1151 2043 lamen,
1181 1969 1489 2053 'quamdiu
1534 1968 1638 2026 ille
1684 1969 1744 2026 in
1794 1968 1943 2027 vivis
1990 1972 2143 2042 erat,
2201 1969 2426 2026 evitare
2472 1986 2589 2025 non
2633 1968 2827 2043 potui.

490 2053 664 2111 Nune
711 2072 869 2128 vero,
915 2057 1153 2112 mortuo
1199 2055 1323 2127 illo,
1372 2053 1581 2127 cupide
1627 2053 1732 2111 hae
1777 2071 1918 2111 usus
1963 2072 2095 2111 sum
2141 2052 2468 2126 occasione,
2521 2057 2588 2110 ut
2630 2070 2828 2109 meam

493 2141 888 2196 reverentiam
934 2144 1114 2213 atque
1144 2157 1402 2196 amorem
1437 2137 1642 2195 eodem
1676 2138 1879 2212 vigore
1911 2138 1970 2195 in
2003 2138 2200 2196 animo
2230 2156 2362 2196 meo
2394 2138 2593 2195 vivere
2629 2140 2827 2195 osten·

496 2224 714 2298 derem,
760 2241 826 2282 ac
871 2224 920 2282 si
967 2223 1114 2281 illud
1163 2227 1402 2281 mutuae
1434 2225 1672 2281 nostrae
1718 2222 2137 2281 familiaritatis
2171 2224 2471 2281 vinculum
2513 2222 2681 2280 nulla
2722 2240 2827 2278 ne-

490 2308 761 2366 cessitate
806 2312 963 2367 esset
1008 2309 1431 2382 interruptum.
1520 2305 1697 2364 Haud
1749 2303 1963 2365 melius
2020 2311 2217 2365 autem
2272 2308 2330 2365 id
2380 2327 2471 2364 me
2531 2305 2829 2364 facturum

489 2392 774 2467 arbitror,
836 2413 1013 2469 quam
1070 2411 1201 2451 cum
1260 2393 1573 2449 immutata
1619 2391 1940 2465 repetenda
1984 2410 2154 2466 cure,
2213 2411 2360 2467 quae
2406 2392 2478 2449 de
2524 2390 2829 2450 societatis

493 2476 744 2536 Graecae
791 2478 1216 2536 iucundissima
1257 2476 1544 2535 memoria
1589 2475 1728 2533 olim
1773 2475 1845 2533 ad
1893 2476 2090 2550 ipsum
2138 2475 2545 2535 Hermannum
2593 2479 2653 2533 in
2706 2475 2829 2550 epi-

491 2561 652 2622 stula
697 2563 953 2638 quadam
998 2563 1232 2639 scripsi:

663 2649 882 2723 „Redit
926 2648 1087 2720 mihi,
1139 2648 1496 2720 Hermanne,
1545 2646 1605 2702 in
1639 2647 1978 2704 memoriam
2012 2648 2380 2705 vividissima
2409 2647 2649 2705 illorum
2676 2648 2826 2703 tem-

493 2752 702 2807 porum
745 2734 958 2808 im'ag0,
1005 2733 1222 2808 quibus
1268 2751 1380 2808 ego
1427 2733 1586 2789 inter
1629 2736 1876 2805 ceteros,
1923 2750 2073 2806 quos
2117 2751 2225 2807 par
2269 2730 2537 2790 studium
2583 2730 2830 2805 Tuaque

492 2818 815 2877 auctoritas
860 2817 1052 2876 socios
1099 2816 1512 2893 coniungebat,
1562 2833 1801 2873 mensae
1846 2815 2185 2875 adsidebam
2234 2817 2515 2891 antiquae
2561 2815 2681 2889 illi,
2730 2814 2829 2872 de·

493 2903 686 2976 tritae,
732 2901 835 2961 sed
882 2903 1021 2960 ante
1066 2922 1241 2977 quam
1287 2900 1431 2960 sella
1473 2900 1674 2975 posita
1717 2904 1846 2958 erat
1875 2901 1957 2960 Te
1990 2904 2321 2977 exceptura.
2388 2901 2512 2958 Iam
2545 2899 2829 2959 candelae

491 2988 727 3061 ardent,
785 3005 936 3061 quae
980 2986 1243 3044 tabulam
1289 2986 1454 3044 illam
1502 2984 1682 3043 variis
1728 2985 1992 3045 eiusdem
2038 2986 2344 3062 scriptoris
2390 2985 2831 3060 exemplaribus

492 3072 788 3130 obtectam
832 3071 1062 3129 modica
1107 3071 1374 3129 claritate
1420 3069 1922 3145 superfundentes
1968 3073 2191 3134 ceteras
2236 3071 2379 3129 satis
2423 3072 2626 3128 vastae
2668 3069 2827 3127 diae·

493 3160 588 3213 tae
637 3160 834 3230 partes
881 3157 1092 3214 incerti
1140 3155 1379 3215 luminis
1424 3155 1783 3228 umbraeque
1828 3155 2235 3214 vicissitudine
2281 3158 2593 3214 occaecant
2636 3154 2832 3228 magis

495 3259 673 3316 quam
716 3240 1041 3300 illustrant.
1122 3240 1286 3298 Tuae
1331 3240 1508 3298 sellae
1556 3238 1809 3312 proximi
1859 3240 2098 3314 sedent,
2158 3239 2254 3297 hic
2299 3238 2486 3298 libelli
2532 3238 2831 3313 propositi

492 3329 724 3399 auctor,
783 3324 1033 3383 iocando
1079 3328 1139 3382 et
1184 3324 1339 3382 levia
1380 3323 1644 3382 ludendo
1690 3322 1885 3382 cordis
1932 3325 2226 3398 salientiS,
2275 3325 2497 3400 quippe
2542 3323 2830 3381 iudicium

494 3410 911 3485 exspectantis,
961 3412 1156 3467 motus
1203 3411 1264 3467 et
1306 3408 1769 3483 trepidationem
1815 3409 2026 3468 callide
2072 3408 2403 3481 occultans;
2451 3407 2575 3466 illic
2618 3406 2832 3466 adver·

494 3496 703 3568 sarius»,
752 3495 988 3552 iamiam
1034 3494 1344 3551 certamini
1389 3492 1654 3564 inbianS,
1701 3491 1883 3552 silens
1928 3498 2033 3551 aut
2075 3493 2280 3552 brevia
2322 3493 2715 3569 proloquens,
2763 3496 2836 3549 ut

492 3580 593 3654 qui
641 3582 854 3636 mente*
883 3579 1000 3635 iam
1046 3578 1359 3637 verborum
1405 3576 1954 3654 sententiarumque
1998 3578 2297 3638 machinas
2329 3578 2609 3653 disponat
2639 3581 2701 3635 et
2731 3596 2831 3634 ex-

495 3667 720 3739 struat,
770 3663 1016 3738 quibus,
1065 3662 1404 3737 ubicunque
1448 3660 1700 3720 nocendi
1746 3663 1919 3723 datus
1964 3664 2144 3722 suerit
2186 3662 2377 3736 locus,
2426 3665 2592 3737 petat
2636 3660 2829 3735 illum,

496 3752 725 3824 urgeat,
772 3750 1133 3822 prosternat.
1197 3745 1396 3806 Ceteri
1441 3747 1595 3804 laete
1643 3745 1715 3803 de
1758 3749 1937 3808 variis
1983 3748 2158 3806 rebus
2190 3747 2687 3806 confabulantur:
2734 3746 2833 3803 hic

494 3833 816 3891 nonnullos
863 3832 1022 3890 locos
1069 3833 1129 3889 in
1177 3831 1671 3906 disceptationem
1718 3837 2000 3893 venturos
2031 3832 2257 3891 indicat
2286 3835 2347 3889 et
2378 3833 2673 3906 recenset3
2724 3829 2828 3888 ille

495 3917 730 3975 fabulae
787 3917 1107 3975 novissime
1165 3917 1224 3974 in
1282 3935 1517 3976 scenam
1564 3917 1738 3977 datae
1784 3918 2039 3976 virtutes
2085 3921 2146 3975 et
2187 3916 2336 3975 vitia
2380 3916 2654 3975 sollerter
2696 3934 2828 3990 per-

494 4002 732 4078 pendit,
800 4000 1162 4060 histrionum
1226 4002 1637 4061 recitationem
1707 4007 1875 4062 actus
1926 4021 2237 4077 moresque
2292 4001 2502 4059 laudat
2557 4000 2652 4059 vel
2698 4019 2831 4075 per-

495 4087 770 4162 stringit3
819 4086 971 4144 alius
1015 4086 1236 4144 librum
1282 4086 1375 4144 his
1420 4086 1631 4144 diebus
1678 4087 1902 4146 editum
1946 4089 2183 4147 enarrat
2227 4089 2288 4146 et
2318 4085 2631 4159 diiudicat3
2680 4085 2834 4142 alius

494 4172 858 4230 cerevisiam.
883 4171 1019 4229 huic
1063 4170 1156 4230 vel
1188 4171 1276 4229 illi
1308 4189 1609 4245 cauponae
1640 4192 1709 4230 ex
1733 4172 2159 4248 probatissimo
2189 4170 2481 4230 Bavariae
2513 4170 2833 4246 zythepseo

495 4256 739 4314 allatam
785 4255 1113 4334 praedicat;
1183 4255 1333 4315 alius
1379 4257 1463 4314 rei
1511 4255 1868 4316 domesticae
1909 4258 2223 4333 angustias
2268 4259 2555 4331 curiaque
2597 4254 2835 4329 peculia

432 4347 464 4395 5
500 4342 560 4398 in
617 4343 786 4398 tanta
842 4340 1267 4416 elegantiarum
1313 4340 1698 4399 multitudine
1742 4343 2094 4401 necessitate
2139 4345 2197 4400 et
2240 4341 2486 4400 caritate
2531 4338 2831 4414 deplorat.

497 4425 673 4483 Ultro
704 4425 968 4498 citroque
1004 4424 1264 4498 trepidat
1297 4425 1514 4498 vetula,
1547 4444 1690 4484 num
1730 4428 1928 4485 omnia
1949 4426 2298 4485 clarissimis
2330 4422 2836 4485 commilitonibus
