3132 5129
1254 412 1321 421 -
1424 376 1716 438 367-

313 534 645 609 prostretus
675 550 802 591 esse
850 532 924 591 ab
955 532 1283 609 Eurypylo,
1331 534 1460 590 tum
1504 530 1705 589 subito
1750 528 2089 588 bracchium
2134 530 2260 588 eius
2290 535 2654 590 memoratur

314 637 452 678 ense
496 616 695 676 nescio
742 618 911 676 cuius
954 618 1267 678 abscisum.
1328 616 1491 675 Haec
1534 633 1677 675 vero
1721 617 1922 690 aperte
1948 632 2070 674 non
2099 615 2431 674 cohaerent.
2494 616 2648 688 Quid

316 722 457 762 vero
505 701 883 763 faciendum?
967 701 1360 781 Restituende
1402 703 1495 761 est
1535 720 1595 760 v.
1629 701 1710 760 70
1752 698 2006 758 Aldinae
2050 700 2374 775 scriptura:

564 815 828 899 πρηνής·
878 827 983 879 τοῦ
1027 814 1096 878 δ’
1140 809 1482 897 ἀπάτερθεν
1525 806 1680 895 ὁμῶς
1721 813 1901 894 δόρυ
1946 811 2207 876 κάππεσε
2249 817 2566 900 μακρόν,

221 974 226 978 ·
313 960 429 1016 quo
489 941 783 1000 indicatur
825 939 1003 999 Helle
1060 939 1294 1000 cadenti
1350 939 1616 1014 elapsam
1660 956 1692 995 e
1734 937 2012 996 manibus
2055 937 2286 997 hastam
2331 940 2506 998 simul
2550 940 2651 999 sed

315 1026 491 1101 paulo
552 1025 627 1084 ab
684 1024 813 1100 ipso
870 1024 1188 1086 remotiore
1231 1025 1362 1084 loco
1406 1023 1574 1082 humi
1619 1022 1927 1097 cecidisse3
1984 1041 2103 1098 qua
2148 1022 2220 1081 de
2264 1042 2328 1082 re
2372 1025 2447 1084 cf.
2496 1025 2692 1083 infra'

316 1130 372 1167 v.
403 1112 528 1169 468
574 1103 764 1168 αὐτοῦ
800 1106 812 1189 Ι
850 1103 1070 1185 νόσφιν
1124 1103 1520 1186 ἀπεπλάγχθη
1575 1101 1829 1185 βριαρόν
1883 1102 2033 1182 δόρυ
2087 1102 2187 1164 καὶ
2247 1101 2432 1180 σάκος
2489 1103 2654 1187 εὐρύ.
2688 1124 2749 1171 21

315 1194 468 1253 'l'um
525 1197 698 1272 signa
752 1195 1028 1270 ponenda
1071 1197 1214 1255 sunt
1258 1190 1340 1274 (
1291 1224 2064 1238 ——————
2069 1188 2093 1270 )
2137 1193 2392 1269 plures
2448 1214 2653 1255 versus

316 1298 437 1338 non
481 1300 703 1339 unum
751 1280 1152 1341 intercidisse.
1211 1300 1352 1340 nam
1397 1279 1575 1355 plane
1618 1278 1770 1338 alius
1813 1277 2072 1337 hominis
2114 1282 2483 1338 memoratur
2526 1280 2650 1340 vul·

313 1366 548 1425 nex-atio
596 1367 668 1424 de
712 1384 830 1441 qua
875 1365 949 1424 cf.
994 1366 1155 1425 infra
1196 1386 1253 1426 v.
1291 1364 1643 1424 184—200.

485 1450 695 1527 Neque
740 1469 850 1526 ego
897 1450 1054 1509 infra
1094 1471 1153 1511 v.
1196 1452 1334 1525 163,
1380 1448 1486 1508 ubi
1531 1449 1595 1507 in
1638 1448 1864 1508 Aldine
1905 1448 2160 1525 legitur:

567 1561 702 1627 ἄλλ’
749 1562 856 1627 ὅτε
900 1568 1054 1645 μῆλα
1098 1563 1400 1638 λέοντος
1444 1559 1818 1642 ἀπηνέος·
1863 1565 1926 1623 οἳ
1968 1558 2025 1625 δ’
2073 1560 2194 1646 ἄρα
2237 1558 2461 1644 φύζης,

315 1687 488 1764 plene
531 1689 876 1748 restitutam
907 1687 1170 1747 arbitror
1199 1668 1412 1763 poetae
1441 1706 1683 1746 manum
1715 1686 1969 1747 admisse
1999 1685 2415 1746 Rhodomanni
2446 1706 2651 1762 quem·

321 1773 410 1870 vis
466 1774 621 1832 bona
675 1774 1119 1834 emendatione·
1185 1768 1477 1844 λέοντες
1533 1765 1818 1849 ἐπήιον.
1891 1771 2101 1831 Potius
2145 1771 2230 1832 ite
2273 1771 2651 1833 scribendum

313 1858 783 2002 Vldeturall’
751 1936 855 2002 ἅτε
891 1945 1049 2021 μῆλα
1094 1938 1394 2013 λέοντες
1439 1935 1764 2015 άπηνέες
1849 1964 1882 2000 *
1968 1964 2001 2002 *
2088 1970 2120 2001 ⁴1

568 2047 603 2087 *
687 2048 722 2088 *
807 2051 840 2087 *
925 2051 958 2087 ιιι
1042 2048 1077 2088 *
1164 2020 1455 2104 ε’πήιον·
1502 2026 1563 2084 οἳ
1609 2020 1667 2083 δ’
1694 2047 1837 2127 ἀρα
1881 2024 2095 2101 φύζης.

314 2147 466 2205 Nem
530 2148 822 2222 pluralem
865 2147 1088 2223 requiri
1131 2146 1317 2223 probe
1362 2147 1667 2223 perspexit
1694 2118 2205 2222 ‘Rhodomennuffi
2266 2165 2400 2204 eum
2448 2146 2651 2206 Troia-

314 2252 530 2292 norum
579 2235 846 2292 omnium
889 2252 1011 2292 non
1054 2231 1232 2291 unius
1275 2232 1581 2292 bellatoris
1610 2230 1760 2291 haec
1788 2230 2053 2290 facinora
2082 2234 2502 2289 memorentur.
2562 2230 2652 2294 cf.

315 2318 519 2392 Apoll.
563 2317 679 2377 Rh.
727 2318 832 2394 IV,
878 2320 1000 2378 486
1033 2336 1124 2394 sq.

482 2402 557 2461 V.
605 2404 727 2463 238
757 2422 885 2480 sqq.

569 2520 650 2531 —-
741 2521 818 2530 —
877 2474 1035 2545 ’ἄλλ’
1084 2483 1217 2546 οὔτι
1260 2483 1582 2545 καταντίον
1626 2484 1873 2545 Αἰνείαο

568 2561 696 2645 υἱὸς
736 2567 1036 2651 Ἀχιλλῆος
1077 2576 1269 2648 πῆλεν
1305 2564 1462 2673 δόρυ
1505 2560 1727 2648 πατρὸς
1772 2568 1926 2647 ἑοῖο,

566 2651 697 2717 ἄλλ’
745 2656 893 2741 ἄλλῃ
940 2655 1110 2735 τρέπε
1152 2651 1391 2759 θυμόν,
1437 2653 1565 2716 ἕπει
1614 2651 1781 2727 Θέτις
1826 2651 2236 2735 αγλαόπεπλος

569 2738 821 2820 ἀζομένη
869 2739 1209 2823 Κυθέρειαν
1249 2735 1593 2843 ἀπέτραπεν
1635 2740 1878 2800 υἱωνοῖο

563 2825 772 2905 θυμὸν
815 2849 916 2886 και
958 2824 1106 2906 μέγα
1149 2827 1391 2908 κάρτος·
1439 2818 1534 2886 ἐπ’
1582 2822 1826 2885 ἄλλων
1870 2821 1930 2885 δ’
1981 2823 2247 2886 ἔθνεσι
2288 2830 2484 2887 λαῶν

572 2909 901 2991 δάμνατο
945 2913 1168 2992 μυρία
1211 2916 1426 2989 φῦλα.

2497 2464 2534 2499 0

320 3033 393 3094 In
435 3034 716 3093 extremis
761 3033 959 3094 verbis
988 3033 1250 3093 insolens
1281 3036 1373 3092 est
1401 3032 1627 3093 locutio
1659 3024 1766 3091 ἐπ’
1813 3026 2077 3089 ἔθνεσι
2106 3051 2213 3092 nec
2242 3034 2441 3110 placet
2469 3035 2651 3094 trium

321 3119 750 3178 vocabulorum
796 3136 1270 3195 synonymorum
1316 3118 1678 3177 coniunctio.
1744 3115 1968 3177 Verum
2013 3112 2270 3176 ἔθνεσι
2315 3119 2652 3179 coniectura

315 3208 409 3263 est
454 3205 872 3263 Rhodomanni
925 3221 1036 3279 pro
1093 3222 1161 3263 eo
1203 3203 1364 3278 quod
1408 3203 1472 3261 in
1514 3202 1743 3261 Aldina
1784 3203 2012 3278 legitur
2056 3199 2294 3265 ἔθνεα.
2381 3204 2652 3280 Apparet

316 3288 512 3348 locum
559 3290 702 3349 olim
746 3309 780 3347 a
826 3289 1052 3360 Quinto
1097 3289 1208 3346 tali
1253 3288 1431 3347 modo
1478 3287 1659 3347 fuisse
1702 3286 2159 3361 amplificatum:

573 3441 647 3450 —
737 3441 820 3451 -·
908 3440 994 3450 —-
1080 3398 1178 3466 ἔπ’
1223 3397 1417 3466 ἄλλων
1462 3399 1519 3462 ‹5’
1570 3401 1795 3464 ἔθνεα
1839 3404 2034 3463 λαῶν

571 3487 856 3571 <ὁρμὴν
900 3485 1375 3570 ὀτρύνεσκεν·
1422 3486 1458 3549 ὃ
1500 3482 1559 3548 δ’
1609 3486 1810 3569 ἔγχεϊ
1846 3487 2309 3569 μαιμώοντι>

568 3575 834 3656 δάμνατο
878 3575 1062 3656 μυρία
1105 3573 1361 3654 φῦλαῙ).

486 3697 678 3758 Venio
723 3699 840 3757 iam
886 3698 964 3756 ad
1007 3719 1064 3758 v.
1095 3699 1219 3757 404
1263 3697 1365 3773 qui
1406 3697 1593 3773 vulgo
1638 3697 1725 3756 ita
1767 3697 2018 3773 legitur:

565 3809 720 3893 ἀμφὶ
765 3811 831 3874 δὲ
873 3810 1197 3894 μηλονόμοι
1241 3835 1299 3875 τε
1342 3812 1443 3873 καὶ
1485 3811 1573 3873 ἄλ
1593 3807 1649 3871 λ’
1695 3809 1830 3872 ὅσα
1874 3810 2120 3874 πάντα
2165 3809 2465 3891 φέβονται.

312 3935 468 3995 Ειιιιι
514 3938 577 3995 et
621 3935 901 3996 Struvius
946 3936 1090 3996 olim
1134 3938 1195 3994 et
1238 3954 1348 4013 ego
1382 3934 1691 3995 Struviani
1738 3935 1968 3995 inventi
2011 3933 2243 3994 nescius
2288 3952 2479 4030 nuper
2523 3936 2650 3993 ten·

313 4023 599 4098 tavimu83
658 4022 730 4080 de
787 4025 1041 4098 utroque
1097 4024 1370 4080 nostrum
1430 4019 1780 4096 Spitznerus
1826 4039 2132 4079 censuram
2173 4020 2302 4115 egit
2344 4019 2406 4077 in
2452 4019 2649 4078 obser·

313 4111 463 4165 vatt.
508 4127 569 4182 p.
605 4107 726 4165 272
746 4126 838 4182 sq.
887 4106 990 4183 qui
1034 4109 1096 4166 et
1140 4107 1268 4182 ipse
1316 4104 1692 4166 scribendum
1728 4105 1981 4166 coniecit
2022 4099 2123 4163 καὶ
2168 4123 2387 4181 αγρια
2431 4098 2646 4162 πάντα.

315 4191 463 4266 Sed,
532 4195 602 4250 ut
664 4211 867 4251 verum
903 4192 1155 4268 fatear,
1223 4209 1343 4250 non
1411 4192 1556 4251 satis
1618 4195 1755 4266 apte
1817 4190 2099 4267 coniungi
2167 4187 2309 4247 mihi
2366 4188 2651 4249 videntur

487 4393 536 4456 1)
577 4388 731 4472 [Cod.
768 4388 984 4443 Parrha
1042 4384 1134 4442 ἐπ’
1183 4383 1370 4442 ἄλλων
1419 4385 1601 4443 ἔθνεα
1650 4390 1801 4443 λαῶν
1850 4390 1860 4456 1
1910 4382 2044 4442 ἔνθ’
2092 4383 2122 4442 ὁ
2166 4382 2272 4456 μὲν
2324 4406 2396 4456 αρ
2440 4383 2648 4456 Τρώων

314 4454 529 4521 πολέας
565 4457 803 4512 κτάνεν·
843 4451 908 4521 ὃς
945 4451 1002 4510 δ’
1043 4477 1114 4523 αρ
1142 4453 1395 4526 Ἀχαιῶν.
1470 4456 1637 4510 Treu.
1675 4457 1781 4514 l.l.
1818 4475 1873 4526 p.
1910 4456 2053 4526 372]
