3132 5129
1421 344 1875 408 „266—

479 505 654 564 bitari
699 504 916 580 possit:
964 506 1085 562 tres
1132 503 1268 562 illos
1299 502 1558 579 primum
1594 504 1828 561 tantum
1861 501 2204 561 centenis
2247 501 2593 560 manibus
2637 502 2806 560 terri-

477 589 626 648 biles
671 589 853 649 fuisse
899 588 1139 647 unicum
1169 606 1376 647 eorum
1406 587 1751 646 Hecaton
1767 587 2057 645 chirum
2087 604 2303 646 nomen
2335 585 2509 645 docet
2536 586 2809 662 ignotum

480 674 858 751 Theogonico
926 676 1166 748 poetae,
1235 673 1329 732 cui
1396 675 1538 731 sunt
1590 665 1723 730 οὐκ
1779 664 2210 747 ὀνομαστοί,
2277 671 2337 730 h.
2381 691 2434 732 e.
2489 674 2805 747 communi,

478 759 650 834 quale
695 757 1062 835 Cyclopibus
1105 761 1216 834 est,
1263 758 1503 817 nomine
1548 758 1837 817 carentes,
1897 755 2185 815 Versibus
2234 756 2351 815 146
2398 767 2459 813 et.
2492 757 2610 815 153
2656 758 2807 815 stro-

477 844 622 919 phas
667 844 781 903 sibi
824 842 1254 919 respondentes
1299 843 1604 902 conclusas
1649 841 1832 900 fuisse
1878 839 2208 901 similitudo
2254 840 2385 916 ipsa
2420 840 2609 915 docet,
2659 860 2809 916 quae

477 929 636 988 haud
679 929 799 989 scio
844 947 920 988 an
966 929 1029 988 in
1074 948 1248 988 causa
1291 928 1501 1004 fuerit,
1553 930 1625 986 ut
1667 926 1840 986 ambo
1885 945 2094 986 versus
2139 926 2293 985 alter
2337 945 2407 984 ex
2451 925 2640 985 altero
2684 945 2805 985 cor·

476 1017 894 1090 rumperentur
937 1014 1080 1073 olim
1124 1014 1210 1073 sic
1253 1012 1495 1088 scripti:
2036 1040 2039 1043 ·

567 1140 663 1189 146
708 1130 875 1208 ἰσχὺς
906 1123 968 1187 δ’
998 1128 1324 1207 ἄπλητος
1354 1128 1454 1188 καὶ
1474 1126 1735 1207 μηχαναὶ
1756 1120 1846 1206 ἦν
1870 1125 2000 1209 (sic,
2024 1131 2093 1188 ut
2114 1131 2258 1189 321.
2283 1125 2436 1209 825)
2461 1125 2581 1188 ἐπὶ
2610 1124 2808 1210 ἔργῳ.

567 1226 664 1274 152
712 1214 881 1294 ἰσχὺς
929 1209 985 1272 δ’
1032 1210 1122 1291 ἠδ
1134 1210 1161 1274 ὲ
1203 1213 1333 1293 βίη
1375 1213 1626 1294 κρατερὴ
1669 1210 1898 1295 μεγάλῳ
1943 1211 2041 1273 ἐπὶ
2083 1211 2247 1271 εἴδει.
2436 1232 2441 1237 ·

644 1336 796 1395 Tum
823 1336 1160 1396 207-210
1183 1335 1498 1394 damnatos
1525 1354 1560 1392 a
1581 1334 1880 1410 prioribus
1905 1333 2180 1393 defensos
2202 1353 2394 1409 nuper
2415 1353 2450 1392 a
2471 1335 2809 1394 Muetzellio

379 1430 439 1475 21
485 1419 567 1502 [p.
612 1418 765 1499 429]
829 1424 891 1479 et
934 1419 1242 1479 Gerhardo
1297 1421 1500 1479 statim
1558 1424 1696 1495 post
1740 1419 2024 1477 Titanum
2088 1419 2189 1494 qui
2254 1438 2391 1478 vere
2459 1419 2810 1478 dicebantur

478 1507 982 1567 enumerationem
1038 1505 1182 1564 olim
1236 1506 1462 1581 positos
1518 1505 1702 1563 fuisse
1745 1504 1925 1563 etiam
1969 1504 2246 1563 Rottus
2294 1504 2448 1563 vidit
2488 1505 2551 1561 in
2595 1503 2808 1564 disser-

479 1593 706 1653 tatione
751 1591 1053 1650 temerarii
1096 1590 1382 1649 acuminis
1428 1590 1624 1665 plena,
1670 1607 1846 1664 quam
1891 1607 1943 1646 a.
1976 1588 2141 1647 1850
2184 1588 2314 1663 „De
2342 1588 2809 1664 interpolationi-

478 1678 591 1737 bus
622 1676 1002 1752 Theogoniae
1032 1674 1401 1735 Hesiodeae“
1449 1674 1654 1748 edidit,
1702 1692 1763 1748 p.
1797 1674 1835 1732 8
1856 1670 1935 1748 ¹):
1981 1673 2066 1731 ita
2097 1673 2332 1731 demum
2362 1675 2537 1749 poeta
2565 1692 2814 1751 pergere

477 1762 682 1840 potuit
729 1762 847 1819 139
890 1757 1125 1836 γείνατο
1167 1753 1229 1817 δ’
1277 1748 1357 1818 αὖ
1399 1755 1757 1834 Κύκλωπας,
1802 1757 1962 1833 quod
2006 1758 2068 1816 in
2114 1758 2400 1817 hodierno
2432 1762 2813 1835 syntagmate

478 1867 549 1907 eo
608 1845 914 1906 molestius
958 1844 1223 1904 subiecto
1268 1847 1456 1920 caret,
1514 1845 1675 1919 quod
1719 1862 1829 1902 nec
1871 1842 2114 1902 omnino
2161 1836 2435 1919 Οὐρανός
2481 1843 2810 1904 subiectum

480 1934 596 1992 fuit
640 1934 700 1991 et
741 1930 899 1989 idem
942 1925 1176 2007 γείνατο
1226 1931 1342 1989 129
1374 1929 1446 1989 de
1476 1929 1660 1991 Terra
1688 1929 2027 2004 praecessit.
2099 1928 2179 1986 Et
2206 1946 2364 1986 nunc
2394 1928 2631 1987 demum
2669 1930 2809 2005 155,

478 2018 579 2093 qui
636 2015 812 2075 hodie
864 2032 1212 2091 praegresso
1272 2016 1391 2073 154
1447 2014 1524 2074 ad
1578 2032 1784 2073 omnes
1838 2013 2082 2071 omnino
2128 2011 2475 2088 caeligenas
2530 2014 2812 2088 pertinet,

480 2103 633 2163 clare
677 2103 999 2177 aperteque
1042 2100 1294 2159 alteram
1340 2099 1503 2159 Caeli
1548 2098 1899 2175 progeniem
1944 2097 2234 2173 designat,
2280 2117 2431 2173 quae
2476 2116 2615 2156 sane
2645 2118 2815 2159 mens

479 2189 597 2247 fuit
652 2185 997 2244 recentioris
1041 2184 1434 2262 Theogonici,
1494 2202 1627 2243 cum
1686 2184 1988 2257 antiquior
2042 2178 2213 2257 ipsos
2247 2200 2397 2257 quos
2439 2183 2602 2242 solus
2644 2186 2818 2245 novit

482 2273 726 2332 Titanes
770 2290 806 2330 a
848 2273 1018 2345 patre
1065 2268 1282 2329 Terrae
1329 2270 1462 2328 sinu
1506 2272 1771 2328 retentos
1816 2287 1943 2327 esse
1988 2267 2385 2329 confinxisset.
2448 2268 2519 2326 In
2561 2287 2813 2343 sequen·

480 2359 641 2417 tibus
692 2356 809 2415 159
826 2374 922 2431 sq.
967 2344 1175 2414 itidem
1220 2353 1367 2414 duas
1411 2354 1785 2413 recensiones
1817 2353 2250 2412 contaminatas
2280 2370 2407 2412 esse
2437 2357 2498 2412 et
2528 2353 2814 2412 similium

479 2458 597 2500 στε
616 2438 886 2517 ναχίζετο
916 2472 997 2482 -
1028 2433 1431 2514 στεινομένη
1460 2439 1633 2498 docet
1659 2439 1938 2514 repetitio
1968 2439 2308 2513 importuna
2338 2437 2518 2496 etiam
2542 2438 2811 2514 Seleu00‚

379 2530 391 2539 ‘
481 2528 584 2605 qui
637 2545 745 2604 pro
799 2524 989 2585 altero
1043 2517 1430 2601 ἀχνυμένη
1485 2523 1759 2584 intulisse
1816 2523 2062 2598 dicitur,
2120 2526 2183 2584 et
2237 2520 2510 2597 δολίην
2550 2527 2693 2583 ante
2746 2520 2814 2584 δὲ

477 2609 673 2689 κακὴν
738 2613 946 2672 contra
1003 2610 1155 2686 epici
1213 2611 1503 2669 sermonis
1560 2609 2048 2669 consuetudinem
2104 2608 2430 2684 intrusum,
2498 2627 2651 2685 quae
2705 2629 2816 2671 nec

478 2696 790 2758 scribendo
834 2692 1040 2770 δολίη
1084 2699 1479 2755 revocaretur.
1534 2693 1760 2754 Eadem
1805 2713 1900 2753 res
1944 2697 2036 2752 est
2078 2713 2135 2753 v.
2173 2695 2289 2752 177
2313 2712 2420 2769 sq.,
2467 2694 2572 2752 ubi
2615 2694 2679 2752 in
2723 2696 2814 2754 in-

478 2783 653 2842 solito
697 2780 800 2840 illo
844 2776 970 2837 καί
1013 2770 1074 2855 ῤ’
1121 2775 1427 2855 ἐτανύσθη
1466 2782 1476 2851 Ι
1513 2776 1711 2861 πάντῃ
1755 2779 1916 2839 solus
1958 2778 2337 2837 Hermannus
2384 2777 2662 2854 offendit,
2709 2782 2812 2856 qui

477 2864 570 2926 πά
584 2888 618 2945 ρ
675 2860 727 2924 τ’
777 2857 1112 2940 ἐτανύσθη·
1163 2865 1174 2940 Ι
1220 2856 1410 2944 αὐτὰρ
1453 2859 1487 2923 ὃ
1531 2859 1596 2921 ἑκ
1640 2864 1913 2924 coniecit.
2001 2863 2085 2921 Et
2124 2863 2237 2922 hoc
2281 2863 2519 2938 quidem
2563 2863 2814 2925 alterius

477 2950 838 3012 recensionis
894 2949 1079 3010 fuisse
1140 2968 1249 3009 nec
1290 2969 1400 3027 ego
1446 2949 1686 3025 dubito,
1744 2968 1853 3024 pro
1899 2948 2003 3008 illo
2049 2966 2190 3008 vero
2234 2951 2482 3024 utraque
2525 2954 2669 3019 πᾶς
2712 2949 2813 3009 ha-

478 3037 678 3097 buisse
722 3034 978 3111 videtur,
1025 3034 1185 3110 quod
1229 3053 1559 3113 congruens
1606 3053 1739 3093 cum
1787 3035 1905 3093 127
1953 3029 2056 3090 ἵνα
2098 3052 2204 3109 μιν
2246 3028 2380 3111 περὶ
2423 3029 2670 3091 πάντα
2712 3054 2813 3091 κα-

480 3116 690 3181 λύπτοι
733 3121 914 3181 etiam
959 3119 1340 3180 concinnator
1382 3120 1634 3180 retinuit
1674 3119 2004 3180 necessario
2048 3120 2347 3179 mutatum
2390 3118 2456 3176 in
2499 3114 2715 3199 πάντῃ.

653 3206 748 3265 Ad
799 3208 1112 3280 utramque
1157 3205 1561 3265 recensionem
1604 3204 2034 3264 restituendam
2079 3203 2257 3262 etiam
2301 3222 2359 3262 v.
2396 3204 2515 3262 178
2560 3203 2816 3264 contulit

482 3289 643 3365 ἅπαξ
687 3283 1004 3369 λεγόμενον
1046 3289 1195 3349 illud
1238 3293 1460 3366 λοχεοῖο
1503 3290 1630 3350 sive
1673 3284 1894 3365 λοχέοιο
1936 3290 2247 3365 tantopere
2289 3289 2814 3365 grammaticorum

481 3377 931 3455 quaestionibus
985 3375 1268 3435 iactatum
1330 3372 1480 3454 (vid.
1537 3373 1836 3434 Muetzell.
1895 3394 1953 3450 p.
2002 3374 2126 3434 204
2181 3376 2246 3432 et
2289 3371 2470 3449 417),
2528 3392 2638 3448 pro
2692 3392 2813 3449 quo

479 3483 612 3523 cum
667 3458 884 3538 λοχίοιο
936 3461 1000 3518 in
1057 3459 1189 3519 aliis
1244 3459 1544 3520 codicibus
1600 3460 1865 3537 legatur,
1923 3459 2312 3534 depravatum
2356 3457 2417 3516 id
2462 3458 2704 3519 videtur
2745 3478 2814 3518 ex

479 3544 785 3626 λεχρίοιο
827 3545 1173 3605 recentioris
1215 3547 1444 3621 poetae,
1490 3544 1650 3621 quod
1693 3545 1756 3603 in
1803 3563 1909 3604 sua
1930 3543 2281 3621 Theogonis.
2319 3543 2535 3620 legisse
2578 3543 2816 3604 videtur

479 3630 1003 3705 Antimachus,
1062 3630 1112 3688 si
1155 3629 1394 3705 quidem
1435 3630 1754 3689 Plutarcho
1798 3632 1953 3690 teste
1996 3628 2206 3689 moral.
2251 3648 2313 3704 p.
2363 3628 2566 3687 275A
2609 3623 2811 3707 γέγρα-

481 3739 599 3792 φεν
635 3709 890 3796 Ἡσιόδῳ
931 3711 1288 3790 πειθόμενος

784 3828 1036 3909 λέχρις
1080 3827 1148 3890 δὲ
1191 3829 1468 3914 δρεπάνῳ
1513 3828 1744 3933 τέμνων
1784 3829 1905 3893 ἄπο
1946 3827 2135 3910 μήδεα
2178 3821 2404 3909 πατρὸς

785 3911 1070 3994 Οὐρανοῦ
1107 3911 1468 3994 Ἀκμονίδεω
1513 3919 1713 3990 λασιος
1757 3914 1989 3996 Κρόνος
2030 3913 2205 3993 ἄγχι
2246 3915 2413 3994 (sici)
2460 3913 2728 3992 τέτυκτο,

479 4059 615 4100 cum
657 4038 962 4114 antiquior
1005 4041 1181 4115 poeta
1227 4037 1473 4099 solitum
1519 4032 1585 4096 ἐκ
1627 4031 1696 4096 δὲ
1739 4039 1770 4095 λ
1786 4035 1866 4114 όχ
1883 4056 1996 4095 oco
2039 4057 2110 4097 ex
2158 4037 2277 4097 174
2323 4038 2715 4114 repetivisset.

649 4124 723 4182 V.
750 4124 866 4183 186
899 4123 1119 4200 quippe
1151 4124 1274 4184 fere
1305 4123 1701 4199 compositum
1731 4142 1800 4182 ex
1825 4122 1999 4183 Hom.
2025 4124 2086 4179 Σ
2106 4123 2232 4183 510
2258 4125 2322 4182 et
2348 4126 2400 4179 Δ
2420 4122 2545 4182 533
2569 4121 2687 4181 iam
2710 4120 2808 4180 alii

2613 4280 2627 4298 ἱ

652 4291 701 4352 1)
741 4286 914 4356 [„Pro
963 4303 1126 4342 versu
1169 4287 1358 4357 spurio
1406 4292 1504 4342 138
1543 4304 1772 4365 yersum
1807 4293 1905 4341 207
1941 4287 2156 4341 insero:
2203 4282 2339 4348 τούς
2375 4283 2443 4340 δὲ
2478 4304 2670 4405 πατηρ
2711 4288 2810 4339 Τι-

480 4348 1005 4432 τῆναςβπίκλησιν
1031 4355 1378 4435 ,καλέεσκεπ
1452 4354 1559 4421 Qm
1604 4371 1739 4410 vero
1789 4354 2102 4409 adhaerent
2148 4372 2238 4409 vv.
2276 4358 2546 4409 208—210
2582 4369 2615 4407 ο
2691 4353 2809 4421 ety-

479 4423 783 4492 mologiam
818 4423 1137 4495 suppositos
1173 4422 1455 4492 cens00.“]

139 4815 598 5015 A
983 4633 1126 4730 s.
