3132 5129
1433 429 1504 438 -
1597 390 1721 455 268
1811 427 1885 437 —-

1024 548 1077 606 A
1656 572 1663 707 ,
2244 549 2295 607 B

496 665 647 750 Γαίῃ
719 659 1072 744 μισγόμενος
1137 663 1238 725 καὶ
1303 668 1481 743 Κητω
1855 662 2008 748 Γαίῃ
2079 664 2432 744 μισγόμενος
2497 662 2600 725 καὶ
2656 660 2825 742 Κητώ

750 749 1153 828 καλλιπάρηον
2072 749 2476 856 καλλιπάρῃον

495 833 814 916 Εὐρυβίην
874 830 930 893 τ’
991 810 1328 912 ἀδάμαντος
1394 832 1481 895 ἐνὶ
1853 828 2170 914 Εὐρυβίην
2226 858 2257 895 τ
2339 832 2682 931 αδάμαντος
2740 831 2829 894 ἐνὶ

746 916 919 1000 φρεσὶ
963 916 1174 998 θυμὸν
1203 918 1477 999 ἔχουσαν.
2071 918 2247 1003 φρεσὶ
2293 911 2501 1001 θυμὸν
2543 918 2822 998 ἔχουσαν·

494 1078 807 1137 Defectum
851 1095 910 1135 v.
951 1075 1103 1149 235,
1150 1094 1324 1150 quem
1372 1077 1494 1135 238
1540 1077 1685 1137 satis
1730 1077 1882 1136 clare
1909 1076 2162 1153 indicat,
2217 1096 2287 1136 ex
2319 1078 2438 1137 132
2480 1077 2642 1136 certo
2685 1093 2824 1149 sup-

496 1163 682 1238 plevi.
747 1160 935 1218 Suum
966 1179 1024 1219 v.
1050 1160 1172 1219 235
1219 1161 1698 1236 supplementum
1728 1181 1799 1221 ex
1830 1162 2047 1238 quibus
2076 1163 2327 1239 singulis
2355 1160 2661 1238 particulis
2692 1179 2825 1219 con-

495 1249 818 1307 sarcinator
861 1245 1185 1321 collegerit,
1232 1249 1429 1321 patet:
1476 1242 1760 1305 οὕνεκα
1803 1266 1873 1306 ex
1902 1247 2162 1324 genuino
2193 1247 2594 1307 antecedentis
2623 1264 2826 1305 versus

493 1355 579 1414 τῳ
629 1329 755 1390 καί
792 1329 1050 1404 effinxit,
1096 1349 1205 1406 pro
1250 1349 1367 1406 quo
1411 1331 1623 1392 vitiose
1665 1324 1855 1407 αὖτάρ
1900 1331 2323 1409 substituerat,
2371 1329 2594 1409 ἤπιος
2638 1349 2709 1389 ex
2738 1349 2823 1389 se-

491 1421 711 1494 quente
755 1411 937 1488 ἤπια
985 1411 1167 1492 δήιεα
1214 1417 1486 1491 sumpsit,
1536 1412 1905 1497 νημερτής
1950 1437 2019 1476 cx
2065 1417 2220 1476 filiae
2265 1418 2503 1477 nomine
2548 1415 2668 1475 262

798 1524 1110 1612 Νημερτής
1154 1527 1251 1607 θ’,
1298 1524 1338 1610 ἣ
1381 1531 1604 1614 πατρὸς
1652 1532 1767 1612 ἔχει
1810 1533 1952 1596 νόον
1994 1530 2358 1612 ἀθανάτοιο,

494 1655 689 1797 patri}
752 1654 1056 1729 epitheton
1122 1654 1288 1730 fecit,
1358 1655 1547 1715 otiose
1605 1675 1745 1716 sane
1804 1659 1941 1732 post
1993 1674 2342 1732 praegressa
2393 1648 2665 1728 ἀψευδέα
2725 1648 2827 1710 καὶ

493 1733 658 1815 ἀληθ
689 1759 748 1796 α.

663 1824 861 1883 Iustas
905 1824 1023 1881 iam
1064 1824 1227 1899 sequi
1274 1825 1608 1885 240—269
1655 1826 2045 1902 quinarias
2091 1826 2365 1900 strophas
2410 1844 2531 1883 sex
2573 1826 2825 1898 constat,

491 1913 554 1971 in
611 1909 828 1986 quibus
884 1907 1171 1969 secundae
1228 1909 1349 1966 245
1406 1908 1702 1986 Κυμοθόη
1759 1907 1859 1968 καὶ
1918 1914 1980 1970 et
2032 1912 2245 1970 tertiae
2302 1912 2426 1969 250
2478 1904 2672 1984 Δωρὶς
2728 1905 2830 1966 καὶ

493 1996 667 2055 initia
710 1994 958 2069 copulae
1004 1994 1322 2053 omissione
1366 1996 1743 2069 apertissime
1787 1996 2142 2071 produntur.
2230 1995 2350 2053 Pro
2394 1995 2486 2053 his
2529 1992 2828 2068 antiquior

490 2080 675 2140 editio
721 2079 902 2139 duos
946 2081 1183 2138 tautum
1230 2081 1526 2138 terniones
1570 2080 1829 2140 habebat
1870 2081 2007 2139 hos:
2068 2080 2421 2139 240—242.
2468 2080 2824 2138 265—267.

661 2165 816 2223 Tum
860 2164 998 2223 inde
1042 2184 1078 2222 a
1122 2184 1178 2224 v.
1229 2165 1353 2223 270
1395 2163 1619 2224 Graeas
1676 2167 1913 2224 tantum
1969 2168 2149 2240 atque
2191 2164 2501 2240 Gorgones
2545 2164 2828 2240 antiquae

493 2250 873 2326 Theogoniae
916 2248 1099 2310 fuisse
1143 2253 1305 2309 recte
1331 2249 1643 2309 admonuit
1666 2249 2023 2326 Gerhardus,
2070 2268 2204 2309 cum
2234 2269 2352 2326 quo
2382 2251 2469 2308 ita
2500 2250 2825 2323 consentin,

493 2339 561 2394 ut
606 2334 887 2394 Medusae
954 2334 1134 2393 etiam
1197 2334 1547 2411 progeniem
1614 2336 1801 2395 altera
1864 2336 2204 2395 recensione
2268 2334 2531 2393 additam
2599 2336 2827 2409 putem.

497 2421 830 2496 Utramque
896 2420 1148 2478 maxime
1205 2419 1546 2480 Hermanno
1616 2420 1764 2480 duce
1828 2422 1913 2480 sic
1968 2420 2188 2497 optime
2248 2420 2618 2495 distinguere
2685 2418 2829 2478 mihi

493 2506 730 2567 videor:

574 2723 812 2804 Φόρκυϊ
837 2719 899 2783 δ’
933 2715 1013 2783 αὖ
1047 2718 1223 2800 Κητώ
1256 2725 1476 2805 Γραίας
1922 2720 2157 2806 Φόρκυϊ
2199 2719 2258 2781 δ’
2304 2716 2387 2782 αὖ
2435 2721 2612 2800 Κητὼ
2656 2723 2828 2784 κού-

744 2806 871 2869 τέκε
916 2808 1312 2891 καλλιπάρῃος
1503 2822 1606 2870 270
2072 2832 2203 2887 ρας
2247 2806 2375 2869 τέκε
2431 2807 2827 2892 καλλιπάρῃος

1844 2912 1907 2964 ἐκ
1927 2914 2162 2976 γενετῆς
2183 2908 2379 2971 πολιάς
2396 2947 2409 2972 ,
2429 2908 2528 2971 τὰς
2548 2909 2617 2974 δὴ
2634 2907 2827 2975 Γραίας

2084 2995 2385 3049 καλέουσιν

1716 3109 1719 3112 -
1842 3079 2114 3135 ἀθάνατοί
2165 3095 2231 3132 τε
2291 3079 2415 3132 θεοὶ
2456 3079 2627 3144 χαμαὶ
2673 3079 2832 3145 ἐρχό.

2077 3164 2237 3230 μενοί
2271 3164 2336 3216 τ’
2370 3163 2693 3232 ἅνθρωποι,

490 3250 791 3330 Πεφρηδώ
848 3248 904 3312 τ’
950 3248 1245 3313 ἐύπεπλον
1280 3249 1474 3314 Ἐνυώ
1710 3252 2012 3332 Πεφρηδώ
2059 3249 2115 3311 τ’
2163 3248 2458 3312 ἐύπεπλον
2512 3246 2707 3313 Ἐνυώ
2767 3276 2823 3315 τε

743 3359 799 3397 τε
845 3335 1254 3418 κροκόπεπλον
1499 3348 1600 3397 273
2069 3335 2478 3417 κροκόπεπλον

487 3442 1472 3484 *********
1835 3442 2822 3485 *********

490 3505 751 3585 Γοργούς
781 3500 879 3582 θ’,
925 3510 991 3567 αἳ
1023 3508 1258 3568 ναίουσι
1288 3501 1476 3587 πέρην
1922 3502 2182 3589 Γοργους
2222 3502 2314 3583 θ’,
2358 3505 2426 3564 αἳ
2459 3507 2691 3567 ναίουσι
2720 3507 2819 3568 πέ-

739 3595 959 3654 κλυτοῦ
997 3588 1312 3653 Ὠκεανοῖο
2066 3616 2181 3671 ρην
2221 3595 2440 3650 κλυτοῦ
2475 3585 2787 3654 Ὠκεανοῖο

384 3691 450 3740 23
487 3676 731 3738 Σθειναί
746 3671 789 3737 τ’
807 3673 1094 3756 Εὐρυάλη
1108 3700 1165 3738 τε
1184 3675 1476 3739 Μέδουσά
1836 3677 2082 3740 Σθεινοὶ
2097 3701 2128 3737 τ
2125 3670 2438 3755 Ἐυρυάλη
2453 3699 2512 3737 τε
2528 3675 2825 3766 Μέδουσά

744 3784 804 3823 τε
834 3759 1018 3843 λυγρὰ
1048 3767 1364 3823 παθοῦσα·
1502 3775 1603 3824 276
2071 3785 2129 3824 τε
2175 3757 2360 3841 λυγρα
2404 3763 2725 3824 παθοῦσα·

486 3844 536 3923 ἡ
578 3844 690 3925 μὲν
732 3846 838 3925 ἔην
866 3846 1089 3926 θνητή,
1134 3871 1248 3909 ται
1298 3847 1474 3930 (sicl)
1835 3846 1879 3929 ἢ
1919 3846 2031 3927 μὲν
2074 3847 2181 3924 ἔην
2207 3843 2443 3923 θνητή,
2489 3845 2607 3907 ταὶ
2621 3848 2822 3949 (sic!)

743 3929 799 3989 δ’
818 3928 1473 4013 ἀθάναταικαιάγήρω.
2072 3928 2133 3991 δ’
2161 3928 2468 3993 ἀθάναται
2484 3930 2585 3992 καὶ
2600 3927 2826 4010 ἀγήρω,

1846 4035 1904 4087 αἱ
1939 4033 2074 4087 δύο·
2123 4037 2193 4100 τῇ
2235 4031 2297 4085 δὲ
2341 4035 2436 4097 μιῇ
2480 4031 2824 4098 παρελέξατο

2089 4115 2472 4184 Κυανοχαίτης

1651 4238 1659 4318 Ι
1845 4203 1907 4255 ἐν
1944 4204 2179 4268 μαλακῷ
2218 4204 2445 4266 λειμῶνι
2482 4203 2571 4254 καὶ
2596 4200 2826 4255 ἄνθεσιν

2082 4286 2390 4353 εἰαρινοῖσι.

1709 4377 1810 4426 280
1911 4377 2014 4439 τῆς
2049 4374 2111 4426 δ’
2145 4373 2243 4426 ὅτε
2279 4373 2348 4438 δὴ
2373 4371 2631 4438 Περσεὺς
2656 4387 2824 4437 κεφα-

2083 4459 2193 4524 λὴν
2228 4457 2773 4525 ἀπεδειροτόμησεν,
