3132 5129
1226 398 1684 461 „429-

445 551 697 617 Insolita
738 556 1016 615 libertate
1044 556 1396 615 Iudaeorum
1429 557 1811 616 interdictum
1844 556 1917 631 V,
1956 559 2034 615 10
2066 549 2390 635 Σάββατόν
2436 552 2616 632 ἐστιν,

284 634 393 699 οὐκ
439 638 663 714 ἔξεστίν
706 656 800 698 σοι
842 631 984 716 ἆραι
1027 636 1132 698 τὸν
1173 637 1514 718 κράββατον
1555 644 1885 717 praemissa
1930 642 2001 701 de
2031 662 2139 702 suo
2172 642 2421 701 Sabbati
2453 661 2617 701 men-

282 729 446 787 tione
490 729 554 785 in
600 727 1133 803 interrogationem
1179 727 1475 786 convertit
1517 747 1575 786 v.
1610 729 1690 786 38
1717 746 1805 802 sq.

681 841 893 921 εἴρεον,
938 840 1144 914 ὅστις
1186 865 1429 921 ανωγεν
1472 841 1541 927 ἑῇ
1587 862 1912 947 σημαντορι
1955 812 2128 943 φωνῃ

684 926 925 1005 λέκτρον
968 918 1320 1007 ἆερτοὶζοντα
1366 928 1791 1004 παλινδίνητον
1836 922 2088 1005 ὁδεύειν,

280 1050 376 1109 cui
421 1048 884 1126 interrogationi
928 1048 1194 1123 apprime
1241 1050 1520 1108 convenit
1563 1050 1756 1109 sanati
1801 1050 2059 1109 hominis
2105 1069 2488 1124 responsum:

535 1163 633 1223 καὶ
682 1170 1006 1243 φθονεραῖς
1050 1160 1386 1242 ἆποὶμειπτο
1431 1168 1600 1264 σοφῷ
1642 1164 1955 1225 θεοπειθὲι
1996 1164 2212 1246 μύθῳ·

526 1247 784 1358 „Bone
827 1245 946 1309 ἀπὸ
979 1254 1305 1351 κλιντῆρος
1349 1228 1715 1330 ἆνεζώγρησε
1760 1248 2042 1327 πεσόντα,

529 1327 620 1395 ου
634 1356 758 1407 τος
805 1335 890 1415 (v.
924 1325 1126 1413 αὐτὸς)
1174 1332 1299 1413 ἐμοὶ
1343 1335 1645 1408 κατέλεξεν
1690 1331 1990 1415 οἷερτιὶζειν
2033 1359 2131 1395 και
2176 1328 2475 1396 ὁδεύειν.“

452 1456 640 1514 Ibid.
686 1457 766 1514 43
825 1455 1008 1516 verba
1063 1450 1129 1512 ἐν
1187 1453 1263 1536 τῷ
1314 1448 1566 1532 ὀνόματι
1622 1460 1700 1538 τῷ
1755 1454 1886 1537 ἰδίῳ
1945 1476 2050 1515 suo
2106 1477 2269 1516 more
2326 1457 2621 1532 expressit

384 1543 504 1600 165
536 1560 627 1617 sq.
676 1560 781 1617 per
825 1533 1012 1609 νόθος
1058 1514 1464 1633 ψευδώνυμος
1519 1535 1673 1617 ανὴρ
1713 1538 1724 1619 Ι
1761 1516 2055 1611 ἀντίθεος.
2145 1542 2268 1599 Nec
2327 1543 2406 1598 44
2466 1542 2622 1600 inter

279 1626 686 1702 evangelistae
736 1626 914 1685 verba
956 1623 1082 1695 πῶς
1131 1615 1398 1684 δύνασθε
1442 1620 1615 1703 ὑμεῖς
1660 1634 1970 1685 πιστεῦσαι
2014 1630 2194 1703 atque
2226 1627 2384 1685 inter
2413 1630 2620 1702 poetae

276 1730 518 1770 versum
542 1795 665 1866 πῶς
711 1790 777 1852 δέ
819 1814 912 1871 με,
957 1794 1083 1865 πῶς
1129 1790 1194 1853 δὲ
1241 1787 1506 1853 δύιασθε
1550 1799 1706 1854 θεοῦ
1750 1787 1921 1874 λόγον
1966 1787 2073 1853 υἷα
2118 1793 2415 1873 γεραίρειν

276 1916 592 1991 quicquam
639 1919 734 1973 est
777 1913 1222 1990 discrepantiae.

447 1999 550 2075 VI,
585 1991 977 2076 2ἠκολούθει
1021 1992 1087 2056 δὲ
1132 1992 1293 2081 αὐτῷ
1337 1990 1503 2075 ὄχλος
1549 1996 1780 2070 πολύς
1812 2019 1946 2058 cum
1976 2000 2229 2059 Nonnus
2260 2021 2320 2060 v.
2355 2001 2391 2058 3
2427 1999 2621 2058 verbis
2656 2008 2719 2055 10

283 2077 715 2143 συνεσσεύοντο
770 2078 835 2141 δὲ
892 2080 1022 2141 λαοι
1067 2086 1450 2161 expresserit,
1509 2089 1708 2145 utrum
1752 2086 1966 2161 legerit
2008 2084 2366 2145 adiectivum
2411 2103 2613 2159 necne,

277 2170 590 2228 diiudicari
635 2170 860 2245 nequit.

448 2254 634 2313 Ibid.
681 2256 759 2313 34
806 2248 1121 2311 πάντοτε
1171 2248 1274 2323 δὸς
1318 2247 1464 2329 ἡμῖν
1509 2248 1614 2312 τὸν
1656 2273 1840 2332 αρτον
1885 2273 2096 2311 τουτον
2141 2254 2288 2313 satis
2333 2252 2623 2312 indicavit

278 2340 574 2399 scribens:
622 2334 864 2415 αἰθέρος
906 2334 1092 2413 ἄρτον
1137 2331 1411 2396 ὄπασσον
1455 2334 1824 2435 ἐτήτυμον
1867 2335 2287 2407 εἰλαπινάζειν.

449 2424 634 2484 Ibid.
680 2426 760 2482 58
806 2412 977 2492 οὗτός
1035 2419 1192 2481 ἔστιν
1246 2411 1357 2480 δ”
1323 2443 1497 2500 αρτος
1541 2417 1575 2481 ὁ
1622 2419 1691 2494 ἐξ
1734 2415 2062 2502 ούρανοῦ
2105 2414 2439 2499 καταβάς
2485 2440 2618 2495 per-

287 2510 491 2587 spicue
538 2508 622 2569 sic
665 2509 1069 2585 transcripsit:

582 2629 763 2702 ζωῆς
806 2623 1133 2700 αφθιτος
1180 2646 1355 2703 αρτος
1402 2619 1687 2702 ἐτήτυμος
1731 2617 1904 2697 οὗτος
1944 2618 2168 2685 ἀκούει.

452 2747 602 2825 VII,
650 2749 728 2806 26
774 2741 874 2802 καὶ
917 2739 1097 2803 οὐδὲν
1138 2738 1308 2827 αὐτῷ
1355 2740 1626 2824 λέγουσιν
1671 2748 1814 2806 satis
1858 2747 2014 2806 inest
2056 2745 2119 2805 in
2169 2768 2222 2806 v.
2257 2748 2336 2805 99

582 2860 895 2943 ἀμφαδίην
936 2854 1065 2922 ἆδό
1081 2885 1165 2940 νη
1182 2884 1301 2935 τος
1347 2860 1645 2942 ἐρεύγεται
1688 2859 1899 2941 ἠθάδα
1943 2858 2171 2942 φωνήν.

452 2984 649 3043 Ibid.
698 2985 777 3043 28
825 2976 1126 3040 διδάσκων
1169 3014 1246 3024 -
1293 2980 1393 3041 καὶ
1436 2979 1625 3062 λέγων
1670 2988 1806 3060 post
1849 2981 2091 3061 ἰάχησεν
2133 3004 2253 3044 non
2300 3003 2451 3060 opus
2495 2986 2623 3043 erat
2659 3007 2666 3014 ·

283 3070 503 3130 diserte
548 3069 1002 3145 exprimeretur,
1062 3087 1417 3144 quamquam
1475 3088 1619 3128 num
1664 3070 1961 3130 invenerit
2006 3070 2243 3128 inutilia
2285 3069 2619 3145 participia,

289 3156 473 3213 etiam
518 3158 761 3230 propter
803 3154 1092 3213 librorum
1136 3154 1526 3212 variationem
1571 3155 1778 3231 quaeri
1823 3158 2042 3229 potest.

451 3239 618 3314 VIII,
670 3241 746 3297 14
791 3240 1044 3297 alterum
1099 3235 1294 3295 πόθεν
1351 3234 1588 3337 ἔρχομαι
1643 3237 1746 3297 καὶ
1799 3246 1945 3297 ποῦ
1999 3233 2246 3317 ὑπάγω
2304 3258 2409 3298 suo
2456 3256 2619 3297 more

281 3326 581 3399 expressit
622 3344 730 3400 per
771 3317 968 3380 πόθεν
1010 3316 1287 3398 γενόμην,
1333 3320 1531 3381 πόθεν
1576 3320 1767 3400 ἔστην.

455 3410 645 3468 Ibid.
696 3410 772 3467 21
821 3408 1002 3467 verba
1046 3404 1315 3484 ζητήσετέ
1357 3427 1428 3483 με
1484 3410 1690 3468 insunt
1734 3409 1797 3467 in
1840 3409 2174 3470 Nonnianis
2216 3401 2622 3484 ἀφραδέεσσιν

291 3489 355 3551 ἐν
400 3486 585 3567 ἤθεσι
627 3512 843 3563 παντες
887 3486 1113 3567 ἅληται.

458 3579 559 3653 ΙΧ,
608 3581 688 3637 36
734 3599 836 3636 ινα
880 3572 1174 3634 πιστεύσω
1218 3576 1299 3647 εἰς
1343 3568 1529 3635 αὐτὸν
1574 3579 1634 3636 in
1679 3573 1838 3656 ὄφρα
1881 3577 2132 3656 γεραίρω
2178 3577 2452 3637 mutavit.

452 3664 524 3739 X,
572 3666 609 3720 5
654 3653 935 3758 αλλοτρίῳ
982 3657 1045 3719 δὲ
1088 3655 1161 3718 ού
1203 3658 1282 3737 μὴ
1327 3652 1996 3740 ἀκολουθήσουσιν
2041 3662 2513 3724 commodissime
2560 3660 2622 3717 in

294 3745 493 3820 ξείνου
538 3741 596 3803 δ’
644 3737 756 3804 οὐκ
797 3722 997 3805 ἆίουσι
1040 3746 1292 3805 transire
1335 3748 1553 3823 potuit.

454 3832 641 3892 Ibid.
695 3836 769 3891 19
827 3832 1026 3891 verbis
1091 3825 1190 3888 δια
1258 3828 1393 3901 τοὺς
1459 3826 1668 3909 λόγους
1735 3829 1980 3903 τούτους
2048 3832 2367 3908 respondet
2420 3829 2623 3890 Nonni

284 3909 575 3988 ἀκούσας.
666 3917 857 3993 Supra
898 3915 1034 3990 VII,
1083 3916 1163 3974 43
1210 3909 1292 3971 δι’
1342 3909 1527 3973 αὐτὸν
1569 3936 1812 3991 prorsus
1858 3919 2076 3976 omisit.

456 4002 592 4075 XII,
617 4003 654 4058 4
699 3994 732 4058 ὁ
749 3938 1002 4105 Ρμέλλων
1044 3994 1230 4059 αὐτὸν
1272 3998 1722 4076 παραδιδόναι
1707 4022 1769 4061 m
1801 4001 1837 4060 δ
1850 3998 2257 4070 οιῑοπλοκος
2304 4001 2620 4060 contraxit.

452 4087 639 4145 Ibid.
690 4087 770 4146 20
813 4075 1011 4143 Ησαν
1054 4079 1120 4143 δὲ
1146 4081 1435 4160 ’Ἔλληνές
1480 4106 1680 4156 τινες
1725 4082 1791 4144 ἐκ
1836 4094 1956 4145 τῶν
1998 4080 2452 4162 αναβαινόντων
2497 4105 2620 4141 ινα

281 4168 956 4247 προσκυνήσουσιν
1000 4165 1079 4228 ἐν
1121 4167 1206 4252 τῇ
1250 4164 1463 4251 ἑορτῇ
1509 4171 1788 4248 integra
1773 4192 1834 4230 1n
1867 4191 2034 4231 suum
2069 4189 2395 4232 sermonem
2429 4173 2618 4228 trans-

282 4257 429 4315 tulit
470 4276 530 4319 v.
562 4259 642 4316 84
674 4275 761 4333 sq.

592 4373 718 4440 Καί
755 4394 909 4445 τινες
942 4364 1246 4449 Ἑλλήνων
1289 4368 1433 4429 ἔσαν
1474 4366 1711 4452 ἀνέρες,
1757 4373 1817 4431 οἳ
1862 4369 1989 4433 τότε
2032 4372 2230 4432 πολλοὶ

590 4457 1004 4535 θεσπεσίης
1048 4454 1371 4536 ἆιέβαινον
1412 4396 1908 4537 ὀπιπευτῆρες
1955 4455 2226 4536 ἑορτῆς.
