<?xml version="1.0" encoding="UTF-8"?>
<!DOCTYPE html PUBLIC "-//W3C//DTD XHTML 1.0 Transitional//EN"
    "http://www.w3.org/TR/xhtml1/DTD/xhtml1-transitional.dtd">
<html xmlns="http://www.w3.org/1999/xhtml" xml:lang="en" lang="en">
 <head>
  <title>
</title>
<meta http-equiv="Content-Type" content="text/html;charset=utf-8" />
  <meta name='ocr-system' content='tesseract 3.04.00' />
  <meta name='ocr-capabilities' content='ocr_page ocr_carea ocr_par ocr_line ocrx_word'/>
</head>
<body>
  <div class='ocr_page' id='page_1' title='image "./opusculaphilolo00koecgoog_0100.png"; bbox 0 0 3132 5129; ppageno 0'>
   <div class='ocr_carea' id='block_1_1' title="bbox 1347 341 1766 404">
    <p class='ocr_par' dir='ltr' id='par_1_1' title="bbox 1347 341 1766 404">
     <span class='ocr_line' id='line_1_1' title="bbox 1347 341 1766 404; baseline 0.002 -17"><span class='ocrx_word' id='word_1_1' title='bbox 1347 341 1766 404; x_wconf 72' lang='lat'>..88—</span> 
     </span>
    </p>
   </div>
   <div class='ocr_carea' id='block_1_2' title="bbox 396 498 2739 2102">
    <p class='ocr_par' dir='ltr' id='par_1_2' title="bbox 396 498 2736 1932">
     <span class='ocr_line' id='line_1_2' title="bbox 397 498 2729 576; baseline -0.002 -16"><span class='ocrx_word' id='word_1_2' title='bbox 397 501 617 560; x_wconf 87' lang='lat' dir='ltr'>valium</span> <span class='ocrx_word' id='word_1_3' title='bbox 675 499 1090 576; x_wconf 74' lang='lat' dir='ltr'><strong>quaestionum</strong></span> <span class='ocrx_word' id='word_1_4' title='bbox 1148 498 1538 557; x_wconf 88' lang='lat' dir='ltr'>ludibundam</span> <span class='ocrx_word' id='word_1_5' title='bbox 1588 499 1961 558; x_wconf 76' lang='lat' dir='ltr'>dicacitatem</span> <span class='ocrx_word' id='word_1_6' title='bbox 2004 499 2272 557; x_wconf 82' lang='lat' dir='ltr'>redolere</span> <span class='ocrx_word' id='word_1_7' title='bbox 2315 518 2489 574; x_wconf 83' lang='lat' dir='ltr'>quam</span> <span class='ocrx_word' id='word_1_8' title='bbox 2536 498 2729 557; x_wconf 86' lang='lat' dir='ltr'>incor-</span> 
     </span>
     <span class='ocr_line' id='line_1_3' title="bbox 396 583 2731 661; baseline -0 -18"><span class='ocrx_word' id='word_1_9' title='bbox 396 589 639 661; x_wconf 87' lang='lat' dir='ltr'>ruptum</span> <span class='ocrx_word' id='word_1_10' title='bbox 707 585 779 643; x_wconf 90' lang='lat' dir='ltr'>de</span> <span class='ocrx_word' id='word_1_11' title='bbox 841 584 1157 643; x_wconf 80' lang='lat' dir='ltr'>manifesta</span> <span class='ocrx_word' id='word_1_12' title='bbox 1213 584 1388 642; x_wconf 91' lang='lat' dir='ltr'>deum</span> <span class='ocrx_word' id='word_1_13' title='bbox 1444 584 1812 660; x_wconf 88' lang='lat' dir='ltr'>heroumque</span> <span class='ocrx_word' id='word_1_14' title='bbox 1866 587 2084 642; x_wconf 86' lang='lat' dir='ltr'>natura</span> <span class='ocrx_word' id='word_1_15' title='bbox 2139 583 2421 642; x_wconf 89' lang='lat' dir='ltr'>iudicium</span> <span class='ocrx_word' id='word_1_16' title='bbox 2474 583 2731 659; x_wconf 89' lang='lat' dir='ltr'>prodere</span> 
     </span>
     <span class='ocr_line' id='line_1_4' title="bbox 397 668 2730 745; baseline -0.001 -16"><span class='ocrx_word' id='word_1_17' title='bbox 397 671 705 743; x_wconf 77' lang='lat' dir='ltr'>videntur3</span> <span class='ocrx_word' id='word_1_18' title='bbox 770 669 1024 728; x_wconf 85' lang='lat' dir='ltr'>alterum</span> <span class='ocrx_word' id='word_1_19' title='bbox 1087 688 1321 728; x_wconf 85' lang='lat' dir='ltr'>versum</span> <span class='ocrx_word' id='word_1_20' title='bbox 1379 689 1555 745; x_wconf 91' lang='lat' dir='ltr'>quem</span> <span class='ocrx_word' id='word_1_21' title='bbox 1612 688 1684 726; x_wconf 84' lang='lat' dir='ltr'>ex</span> <span class='ocrx_word' id='word_1_22' title='bbox 1729 670 1788 723; x_wconf 85' lang='lat' dir='ltr'><em>A</em></span> <span class='ocrx_word' id='word_1_23' title='bbox 1833 670 1955 727; x_wconf 83' lang='lat'>405</span> <span class='ocrx_word' id='word_1_24' title='bbox 2012 668 2166 727; x_wconf 86' lang='lat' dir='ltr'>male</span> <span class='ocrx_word' id='word_1_25' title='bbox 2223 668 2337 726; x_wconf 90' lang='lat' dir='ltr'>buc</span> <span class='ocrx_word' id='word_1_26' title='bbox 2390 668 2730 727; x_wconf 84' lang='lat' dir='ltr'>traductum</span> 
     </span>
     <span class='ocr_line' id='line_1_5' title="bbox 396 753 2733 830; baseline -0.001 -17"><span class='ocrx_word' id='word_1_27' title='bbox 396 754 764 830; x_wconf 83' lang='lat' dir='ltr'>perhibebat,</span> <span class='ocrx_word' id='word_1_28' title='bbox 813 759 972 812; x_wconf 85' lang='lat' dir='ltr'>recte</span> <span class='ocrx_word' id='word_1_29' title='bbox 1017 755 1133 812; x_wconf 88' lang='lat' dir='ltr'>iam</span> <span class='ocrx_word' id='word_1_30' title='bbox 1179 754 1447 813; x_wconf 80' lang='lat' dir='ltr'>defendit</span> <span class='ocrx_word' id='word_1_31' title='bbox 1475 753 1777 829; x_wconf 84' lang='lat' dir='ltr'>Hauptius</span> <span class='ocrx_word' id='word_1_32' title='bbox 1823 774 1882 829; x_wconf 90' lang='lat' dir='ltr'>p.</span> <span class='ocrx_word' id='word_1_33' title='bbox 1933 754 2051 812; x_wconf 89' lang='lat'>108</span> <span class='ocrx_word' id='word_1_34' title='bbox 2084 772 2194 829; x_wconf 63' lang='lat' dir='ltr'>sq„</span> <span class='ocrx_word' id='word_1_35' title='bbox 2239 754 2344 828; x_wconf 87' lang='lat' dir='ltr'>qui</span> <span class='ocrx_word' id='word_1_36' title='bbox 2389 754 2516 812; x_wconf 82' lang='lat' dir='ltr'>vice</span> <span class='ocrx_word' id='word_1_37' title='bbox 2557 772 2733 812; x_wconf 89' lang='lat' dir='ltr'>versa</span> 
     </span>
     <span class='ocr_line' id='line_1_6' title="bbox 396 837 2729 913; baseline -0.001 -15"><span class='ocrx_word' id='word_1_38' title='bbox 396 858 518 898; x_wconf 90' lang='lat' dir='ltr'>non</span> <span class='ocrx_word' id='word_1_39' title='bbox 564 839 820 898; x_wconf 78' lang='lat' dir='ltr'>debebat</span> <span class='ocrx_word' id='word_1_40' title='bbox 864 840 925 897; x_wconf 90' lang='lat' dir='ltr'>in</span> <span class='ocrx_word' id='word_1_41' title='bbox 973 838 1254 897; x_wconf 86' lang='lat' dir='ltr'>Stentore</span> <span class='ocrx_word' id='word_1_42' title='bbox 1286 841 1407 898; x_wconf 80' lang='lat'>785</span> <span class='ocrx_word' id='word_1_43' title='bbox 1454 838 1768 912; x_wconf 84' lang='lat' dir='ltr'>offendere,</span> <span class='ocrx_word' id='word_1_44' title='bbox 1815 838 1907 896; x_wconf 89' lang='lat' dir='ltr'>cui</span> <span class='ocrx_word' id='word_1_45' title='bbox 1952 838 2152 913; x_wconf 89' lang='lat' dir='ltr'>diplen</span> <span class='ocrx_word' id='word_1_46' title='bbox 2194 837 2437 912; x_wconf 87' lang='lat' dir='ltr'>quidem</span> <span class='ocrx_word' id='word_1_47' title='bbox 2467 837 2729 896; x_wconf 86' lang='lat' dir='ltr'>Aristar·</span> 
     </span>
     <span class='ocr_line' id='line_1_7' title="bbox 396 914 2730 999; baseline -0.001 -17"><span class='ocrx_word' id='word_1_48' title='bbox 396 924 540 982; x_wconf 86' lang='lat' dir='ltr'>chus</span> <span class='ocrx_word' id='word_1_49' title='bbox 581 925 854 999; x_wconf 80' lang='lat' dir='ltr'>appinxit</span> <span class='ocrx_word' id='word_1_50' title='bbox 911 914 1044 997; x_wconf 64' lang='lat' dir='ltr'>„gu</span> <span class='ocrx_word' id='word_1_51' title='bbox 1100 918 1368 982; x_wconf 79' lang='grc' dir='ltr'><strong><em>ἐνταῦθα</em></strong></span> <span class='ocrx_word' id='word_1_52' title='bbox 1410 915 1598 999; x_wconf 81' lang='grc' dir='ltr'><strong><em>μόνον</em></strong></span> <span class='ocrx_word' id='word_1_53' title='bbox 1641 919 2001 998; x_wconf 83' lang='grc' dir='ltr'><strong><em>μνημονεύει</em></strong></span> <span class='ocrx_word' id='word_1_54' title='bbox 2045 930 2149 980; x_wconf 81' lang='grc' dir='ltr'>τοῦ</span> <span class='ocrx_word' id='word_1_55' title='bbox 2196 917 2582 998; x_wconf 45' lang='grc' dir='ltr'>Στέντοροςίΰ,</span> <span class='ocrx_word' id='word_1_56' title='bbox 2625 923 2730 981; x_wconf 90' lang='lat' dir='ltr'>sed</span> 
     </span>
     <span class='ocr_line' id='line_1_8' title="bbox 398 1007 2731 1084; baseline -0.001 -18"><span class='ocrx_word' id='word_1_57' title='bbox 398 1009 770 1084; x_wconf 75' lang='lat' dir='ltr'>defensuru8‚</span> <span class='ocrx_word' id='word_1_58' title='bbox 831 1012 897 1066; x_wconf 89' lang='lat' dir='ltr'>ut</span> <span class='ocrx_word' id='word_1_59' title='bbox 943 1008 1124 1084; x_wconf 88' lang='lat' dir='ltr'>probe</span> <span class='ocrx_word' id='word_1_60' title='bbox 1169 1007 1465 1067; x_wconf 84' lang='lat' dir='ltr'>intellexit</span> <span class='ocrx_word' id='word_1_61' title='bbox 1501 1007 1942 1067; x_wconf 81' lang='lat' dir='ltr'>Friedlaender.</span> <span class='ocrx_word' id='word_1_62' title='bbox 1987 1028 2046 1083; x_wconf 90' lang='lat' dir='ltr'>p.</span> <span class='ocrx_word' id='word_1_63' title='bbox 2104 1009 2217 1064; x_wconf 79' lang='lat'>114</span> <span class='ocrx_word' id='word_1_64' title='bbox 2261 1008 2613 1084; x_wconf 89' lang='lat' dir='ltr'>apponendo</span> <span class='ocrx_word' id='word_1_65' title='bbox 2660 1027 2731 1065; x_wconf 85' lang='lat' dir='ltr'>ex</span> 
     </span>
     <span class='ocr_line' id='line_1_9' title="bbox 396 1082 2729 1169; baseline -0.001 -19"><span class='ocrx_word' id='word_1_66' title='bbox 396 1093 576 1150; x_wconf 84' lang='lat' dir='ltr'>simili</span> <span class='ocrx_word' id='word_1_67' title='bbox 621 1093 751 1152; x_wconf 89' lang='lat' dir='ltr'>loco</span> <span class='ocrx_word' id='word_1_68' title='bbox 786 1094 943 1151; x_wconf 85' lang='grc' dir='ltr'>Γ54</span> <span class='ocrx_word' id='word_1_69' title='bbox 990 1093 1274 1153; x_wconf 88' lang='lat' dir='ltr'>scholium</span> <span class='ocrx_word' id='word_1_70' title='bbox 1321 1095 1737 1168; x_wconf 86' lang='lat' dir='ltr'>gravissimum</span> <span class='ocrx_word' id='word_1_71' title='bbox 1784 1089 2010 1168; x_wconf 64' lang='lat' dir='ltr'>„noll-1⁸1</span> <span class='ocrx_word' id='word_1_72' title='bbox 2054 1088 2121 1150; x_wconf 82' lang='grc' dir='ltr'>δέ</span> <span class='ocrx_word' id='word_1_73' title='bbox 2164 1088 2324 1150; x_wconf 77' lang='grc' dir='ltr'><em>ἔστιν</em></span> <span class='ocrx_word' id='word_1_74' title='bbox 2366 1082 2522 1162; x_wconf 67' lang='grc' dir='ltr'>ἅπαξ</span> <span class='ocrx_word' id='word_1_75' title='bbox 2563 1089 2729 1169; x_wconf 78' lang='grc' dir='ltr'><em>λεγό-</em></span> 
     </span>
     <span class='ocr_line' id='line_1_10' title="bbox 396 1175 2732 1258; baseline 0 -24"><span class='ocrx_word' id='word_1_76' title='bbox 396 1197 545 1250; x_wconf 83' lang='grc' dir='ltr'><strong><em>μενα</em></strong></span> <span class='ocrx_word' id='word_1_77' title='bbox 590 1175 748 1254; x_wconf 78' lang='grc' dir='ltr'><strong><em>παρὰ</em></strong></span> <span class='ocrx_word' id='word_1_78' title='bbox 795 1184 873 1258; x_wconf 76' lang='grc' dir='ltr'>τῷ</span> <span class='ocrx_word' id='word_1_79' title='bbox 915 1177 1192 1258; x_wconf 53' lang='grc' dir='ltr'><strong><em>ποιητῇίί.</em></strong></span> <span class='ocrx_word' id='word_1_80' title='bbox 1264 1177 1457 1237; x_wconf 90' lang='lat' dir='ltr'>Immo</span> <span class='ocrx_word' id='word_1_81' title='bbox 1500 1179 1829 1255; x_wconf 79' lang='lat' dir='ltr'>singularia</span> <span class='ocrx_word' id='word_1_82' title='bbox 1873 1178 2199 1237; x_wconf 86' lang='lat' dir='ltr'>necessario</span> <span class='ocrx_word' id='word_1_83' title='bbox 2245 1177 2499 1254; x_wconf 83' lang='lat' dir='ltr'>singulis</span> <span class='ocrx_word' id='word_1_84' title='bbox 2540 1177 2732 1236; x_wconf 88' lang='lat' dir='ltr'>inesse</span> 
     </span>
     <span class='ocr_line' id='line_1_11' title="bbox 396 1262 2733 1337; baseline -0.001 -15"><span class='ocrx_word' id='word_1_85' title='bbox 396 1262 759 1322; x_wconf 83' lang='lat' dir='ltr'>carminibus</span> <span class='ocrx_word' id='word_1_86' title='bbox 824 1263 1096 1321; x_wconf 89' lang='lat' dir='ltr'>omnibus</span> <span class='ocrx_word' id='word_1_87' title='bbox 1161 1265 1619 1321; x_wconf 80' lang='lat' dir='ltr'>consentaneum</span> <span class='ocrx_word' id='word_1_88' title='bbox 1676 1267 1795 1337; x_wconf 81' lang='lat' dir='ltr'>est3</span> <span class='ocrx_word' id='word_1_89' title='bbox 1863 1266 1925 1321; x_wconf 92' lang='lat' dir='ltr'>et</span> <span class='ocrx_word' id='word_1_90' title='bbox 1978 1263 2308 1322; x_wconf 84' lang='lat' dir='ltr'>conferenti</span> <span class='ocrx_word' id='word_1_91' title='bbox 2367 1263 2489 1321; x_wconf 79' lang='lat'>462</span> <span class='ocrx_word' id='word_1_92' title='bbox 2551 1264 2733 1337; x_wconf 87' lang='lat' dir='ltr'>atque</span> 
     </span>
     <span class='ocr_line' id='line_1_12' title="bbox 399 1343 2733 1424; baseline -0.001 -18"><span class='ocrx_word' id='word_1_93' title='bbox 399 1350 521 1407; x_wconf 86' lang='lat'>859</span> <span class='ocrx_word' id='word_1_94' title='bbox 554 1365 685 1423; x_wconf 87' lang='lat' dir='ltr'><strong>sqq.</strong></span> <span class='ocrx_word' id='word_1_95' title='bbox 743 1349 925 1407; x_wconf 89' lang='lat' dir='ltr'>etiam</span> <span class='ocrx_word' id='word_1_96' title='bbox 977 1348 1128 1407; x_wconf 89' lang='lat' dir='ltr'>Iuno</span> <span class='ocrx_word' id='word_1_97' title='bbox 1182 1348 1369 1406; x_wconf 86' lang='lat' dir='ltr'>nostri</span> <span class='ocrx_word' id='word_1_98' title='bbox 1425 1348 1709 1407; x_wconf 79' lang='lat' dir='ltr'>carminis</span> <span class='ocrx_word' id='word_1_99' title='bbox 1763 1347 2067 1407; x_wconf 84' lang='lat' dir='ltr'>videbitur</span> <span class='ocrx_word' id='word_1_100' title='bbox 2120 1343 2401 1424; x_wconf 81' lang='grc' dir='ltr'><strong><em>Στέντορι</em></strong></span> <span class='ocrx_word' id='word_1_101' title='bbox 2456 1343 2733 1423; x_wconf 80' lang='grc' dir='ltr'><em>εἰσαμένη</em></span> 
     </span>
     <span class='ocr_line' id='line_1_13' title="bbox 400 1425 2733 1511; baseline 0 -22"><span class='ocrx_word' id='word_1_102' title='bbox 400 1430 749 1510; x_wconf 76' lang='grc' dir='ltr'><em>μεγαλήτορι</em></span> <span class='ocrx_word' id='word_1_103' title='bbox 804 1425 1197 1511; x_wconf 74' lang='grc' dir='ltr'><strong><em>χαλκεοφώνῳ</em></strong></span> <span class='ocrx_word' id='word_1_104' title='bbox 1261 1435 1569 1508; x_wconf 82' lang='lat' dir='ltr'>propter</span> <span class='ocrx_word' id='word_1_105' title='bbox 1636 1434 1816 1491; x_wconf 88' lang='lat' dir='ltr'>hanc</span> <span class='ocrx_word' id='word_1_106' title='bbox 1882 1433 2117 1507; x_wconf 83' lang='lat' dir='ltr'>ipsam</span> <span class='ocrx_word' id='word_1_107' title='bbox 2176 1451 2500 1506; x_wconf 86' lang='lat' dir='ltr'>causam,</span> <span class='ocrx_word' id='word_1_108' title='bbox 2572 1431 2733 1507; x_wconf 85' lang='lat' dir='ltr'>quod</span> 
     </span>
     <span class='ocr_line' id='line_1_14' title="bbox 397 1517 2734 1594; baseline -0.001 -17"><span class='ocrx_word' id='word_1_109' title='bbox 397 1518 542 1577; x_wconf 87' lang='lat' dir='ltr'>alibi</span> <span class='ocrx_word' id='word_1_110' title='bbox 601 1517 673 1576; x_wconf 90' lang='lat' dir='ltr'>de</span> <span class='ocrx_word' id='word_1_111' title='bbox 729 1518 833 1576; x_wconf 90' lang='lat' dir='ltr'>illo</span> <span class='ocrx_word' id='word_1_112' title='bbox 892 1519 1134 1593; x_wconf 90' lang='lat' dir='ltr'>eiusque</span> <span class='ocrx_word' id='word_1_113' title='bbox 1191 1536 1333 1576; x_wconf 85' lang='lat' dir='ltr'>voce</span> <span class='ocrx_word' id='word_1_114' title='bbox 1392 1518 1969 1594; x_wconf 85' lang='lat' dir='ltr'>quinquagenarium</span> <span class='ocrx_word' id='word_1_115' title='bbox 2025 1520 2375 1587; x_wconf 79' lang='lat' dir='ltr'>concentum</span> <span class='ocrx_word' id='word_1_116' title='bbox 2420 1518 2734 1592; x_wconf 85' lang='lat' dir='ltr'>superante</span> 
     </span>
     <span class='ocr_line' id='line_1_15' title="bbox 398 1601 2733 1679; baseline -0.002 -16"><span class='ocrx_word' id='word_1_117' title='bbox 398 1602 548 1663; x_wconf 89' lang='lat' dir='ltr'>nihil</span> <span class='ocrx_word' id='word_1_118' title='bbox 605 1603 843 1679; x_wconf 85' lang='lat' dir='ltr'>legitur.</span> <span class='ocrx_word' id='word_1_119' title='bbox 933 1601 1103 1661; x_wconf 83' lang='lat' dir='ltr'>Talia</span> <span class='ocrx_word' id='word_1_120' title='bbox 1156 1603 1312 1659; x_wconf 88' lang='lat' dir='ltr'>enim</span> <span class='ocrx_word' id='word_1_121' title='bbox 1373 1603 1507 1678; x_wconf 88' lang='lat' dir='ltr'>quis</span> <span class='ocrx_word' id='word_1_122' title='bbox 1553 1603 1797 1662; x_wconf 85' lang='lat' dir='ltr'>tandem</span> <span class='ocrx_word' id='word_1_123' title='bbox 1841 1606 2063 1661; x_wconf 85' lang='lat' dir='ltr'>temere</span> <span class='ocrx_word' id='word_1_124' title='bbox 2108 1601 2558 1677; x_wconf 81' lang='lat' dir='ltr'>interposuerit,</span> <span class='ocrx_word' id='word_1_125' title='bbox 2617 1602 2733 1658; x_wconf 89' lang='lat' dir='ltr'>nisi</span> 
     </span>
     <span class='ocr_line' id='line_1_16' title="bbox 398 1686 2735 1762; baseline -0.002 -15"><span class='ocrx_word' id='word_1_126' title='bbox 398 1688 474 1747; x_wconf 88' lang='lat' dir='ltr'>ab</span> <span class='ocrx_word' id='word_1_127' title='bbox 521 1687 694 1745; x_wconf 88' lang='lat' dir='ltr'>initio</span> <span class='ocrx_word' id='word_1_128' title='bbox 739 1686 1106 1746; x_wconf 80' lang='lat' dir='ltr'>adsuerunt?</span> <span class='ocrx_word' id='word_1_129' title='bbox 1180 1686 1345 1745; x_wconf 89' lang='lat' dir='ltr'>Haec</span> <span class='ocrx_word' id='word_1_130' title='bbox 1376 1706 1515 1746; x_wconf 85' lang='lat' dir='ltr'>vero</span> <span class='ocrx_word' id='word_1_131' title='bbox 1547 1689 1788 1746; x_wconf 83' lang='lat' dir='ltr'>sirecte</span> <span class='ocrx_word' id='word_1_132' title='bbox 1832 1687 2140 1762; x_wconf 85' lang='lat' dir='ltr'>disputata</span> <span class='ocrx_word' id='word_1_133' title='bbox 2185 1690 2343 1760; x_wconf 85' lang='lat' dir='ltr'>sunt,</span> <span class='ocrx_word' id='word_1_134' title='bbox 2390 1686 2515 1744; x_wconf 88' lang='lat' dir='ltr'>sola</span> <span class='ocrx_word' id='word_1_135' title='bbox 2558 1703 2735 1744; x_wconf 86' lang='lat' dir='ltr'>causa</span> 
     </span>
     <span class='ocr_line' id='line_1_17' title="bbox 403 1771 2736 1847; baseline -0.002 -15"><span class='ocrx_word' id='word_1_136' title='bbox 403 1772 690 1846; x_wconf 83' lang='lat' dir='ltr'>concidit,</span> <span class='ocrx_word' id='word_1_137' title='bbox 753 1771 828 1831; x_wconf 92' lang='lat' dir='ltr'>ob</span> <span class='ocrx_word' id='word_1_138' title='bbox 898 1791 1076 1847; x_wconf 87' lang='lat' dir='ltr'>quam</span> <span class='ocrx_word' id='word_1_139' title='bbox 1133 1771 1431 1847; x_wconf 86' lang='lat' dir='ltr'>Hauptius</span> <span class='ocrx_word' id='word_1_140' title='bbox 1486 1774 1821 1831; x_wconf 87' lang='lat'>907-909</span> <span class='ocrx_word' id='word_1_141' title='bbox 1879 1776 1940 1829; x_wconf 91' lang='lat' dir='ltr'>et</span> <span class='ocrx_word' id='word_1_142' title='bbox 1997 1773 2045 1828; x_wconf 92' lang='lat' dir='ltr'>Z</span> <span class='ocrx_word' id='word_1_143' title='bbox 2089 1775 2150 1846; x_wconf 88' lang='lat'>1,</span> <span class='ocrx_word' id='word_1_144' title='bbox 2220 1772 2433 1847; x_wconf 87' lang='lat' dir='ltr'>quibus</span> <span class='ocrx_word' id='word_1_145' title='bbox 2499 1789 2736 1828; x_wconf 88' lang='lat' dir='ltr'>carmen</span> 
     </span>
     <span class='ocr_line' id='line_1_18' title="bbox 401 1856 2217 1932; baseline 0 -16"><span class='ocrx_word' id='word_1_146' title='bbox 401 1859 670 1916; x_wconf 85' lang='lat' dir='ltr'>nostrum</span> <span class='ocrx_word' id='word_1_147' title='bbox 716 1857 941 1932; x_wconf 86' lang='lat' dir='ltr'>optime</span> <span class='ocrx_word' id='word_1_148' title='bbox 986 1856 1260 1915; x_wconf 88' lang='lat' dir='ltr'>concludi</span> <span class='ocrx_word' id='word_1_149' title='bbox 1305 1861 1492 1932; x_wconf 77' lang='lat' dir='ltr'>patet,</span> <span class='ocrx_word' id='word_1_150' title='bbox 1541 1857 1910 1916; x_wconf 82' lang='lat' dir='ltr'>damnandos</span> <span class='ocrx_word' id='word_1_151' title='bbox 1955 1858 2217 1931; x_wconf 87' lang='lat' dir='ltr'>putavit.</span> 
     </span>
    </p>

    <p class='ocr_par' dir='ltr' id='par_1_3' title="bbox 401 1939 2739 2102">
     <span class='ocr_line' id='line_1_19' title="bbox 573 1939 2739 2015; baseline 0 -17"><span class='ocrx_word' id='word_1_152' title='bbox 573 1939 690 1998; x_wconf 85' lang='lat' dir='ltr'>Sed</span> <span class='ocrx_word' id='word_1_153' title='bbox 745 1941 888 2000; x_wconf 89' lang='lat' dir='ltr'>haec</span> <span class='ocrx_word' id='word_1_154' title='bbox 943 1943 1085 2000; x_wconf 87' lang='lat' dir='ltr'>satis</span> <span class='ocrx_word' id='word_1_155' title='bbox 1145 1945 1321 2000; x_wconf 86' lang='lat' dir='ltr'>sunto</span> <span class='ocrx_word' id='word_1_156' title='bbox 1381 1941 1441 2000; x_wconf 88' lang='lat' dir='ltr'>in</span> <span class='ocrx_word' id='word_1_157' title='bbox 1497 1961 1563 2000; x_wconf 89' lang='lat' dir='ltr'>re</span> <span class='ocrx_word' id='word_1_158' title='bbox 1625 1961 1746 2001; x_wconf 90' lang='lat' dir='ltr'>non</span> <span class='ocrx_word' id='word_1_159' title='bbox 1787 1942 1965 2000; x_wconf 84' lang='lat' dir='ltr'>nimis</span> <span class='ocrx_word' id='word_1_160' title='bbox 2010 1941 2259 2000; x_wconf 87' lang='lat' dir='ltr'>difficili.</span> <span class='ocrx_word' id='word_1_161' title='bbox 2350 1940 2739 2015; x_wconf 85' lang='lat' dir='ltr'>Impeditiora</span> 
     </span>
     <span class='ocr_line' id='line_1_20' title="bbox 401 2025 1324 2102; baseline 0 -19"><span class='ocrx_word' id='word_1_162' title='bbox 401 2025 667 2100; x_wconf 85' lang='lat' dir='ltr'>proxime</span> <span class='ocrx_word' id='word_1_163' title='bbox 711 2025 1049 2102; x_wconf 84' lang='lat' dir='ltr'>aggressuri</span> <span class='ocrx_word' id='word_1_164' title='bbox 1094 2027 1324 2084; x_wconf 85' lang='lat' dir='ltr'>sumus!</span> 
     </span>
    </p>
   </div>
  </div>
 </body>
</html>
