3132 5129
1418 325 1885 429 -1'92—

486 486 851 561 composuit:
900 483 1216 543 formulam
1266 482 1658 580 posteriorem
1701 487 1763 543 et
1805 483 1923 541 iam
1964 484 2322 542 recentiores
2367 483 2822 559 adsumpserant

485 590 525 643 η
574 572 711 628 167.
757 572 806 625 θ
852 569 972 626 385
1017 563 1110 647 (et
1154 569 1228 627 cf.
1275 582 1311 622 σ
1356 563 1463 646 34)
1508 570 1573 625 et
1617 569 1740 644 ipse
1784 569 2027 643 repetiit
2069 589 2125 629 v.
2174 569 2274 626 24.
2323 601 2402 609 —
2447 567 2520 630 V
2570 571 2647 626 21
2697 590 2816 625 αυ-

486 644 600 722 τὸς
668 649 798 710 ι’ων
856 655 1140 712 consueta
1193 657 1287 712 est
1342 654 1599 711 formula
1656 652 1741 746 (A
1792 655 1907 712 185
1969 650 2168 729 alibi);
2236 673 2360 711 rem
2428 654 2815 729 principalem

485 758 627 798 vero
674 759 740 795 ex
790 760 809 793 ι
856 741 933 796 99
981 726 1124 795 υπὸ
1170 727 1345 813 ζυγὰ
1394 734 1543 811 δῆσα
1588 728 1838 812 ἐρύσσας
1880 738 2102 812 hausit;
2150 739 2436 812 sequente
2478 757 2652 797 versu
2686 757 2822 797 con-

486 824 810 882 cinnatoris
848 825 994 881 satis
1024 823 1211 881 libere
1242 822 1526 899 agitantis
1570 823 1880 920 ingenium
1911 823 2170 881 libenter
2197 823 2577 896 admiramur,
2614 843 2816 898 quam-

486 928 663 984 quam
709 913 763 966 el
815 905 1062 981 βλάπτει
1109 907 1400 966 succurrit
1456 927 1502 978 φ
1548 909 1668 965 294
1729 909 1789 966 in
1837 908 2030 982 prima
2073 909 2211 966 sede
2268 910 2329 966 et
2381 901 2722 983 σπερχοίατ’
2776 909 2829 963 Τ

487 995 608 1051 317
655 994 717 1051 in
763 994 1025 1051 clausula
1070 994 1363 1067 positum:
1409 992 1671 1067 gaudeat
1715 994 1874 1050 certe
1920 992 2120 1051 dativo
2179 987 2436 1066 ἐρετμοῖς
2492 993 2824 1051 insolenter

488 1078 563 1135 ad
610 1078 758 1136 illud
806 1078 1052 1136 verbum
1099 1078 1345 1135 adnexo.
1395 1109 1474 1118 —
1531 1077 1627 1135 Ad
1674 1096 1728 1134 v.
1777 1076 1858 1134 23
1906 1076 2179 1135 adhibuit
2222 1080 2269 1132 θ
2312 1079 2437 1135 418
2493 1081 2555 1135 et
2600 1078 2822 1135 formu-

485 1163 607 1221 lam
640 1161 941 1238 Odysseae
986 1164 1288 1237 propriam
1317 1154 1630 1236 ἀλεγύνετε
1676 1156 1974 1241 δαῖτα(ς),
2023 1163 2086 1219 in
2130 1181 2247 1238 qua
2289 1182 2327 1215 α
2359 1163 2481 1220 374
2513 1188 2594 1210 =
2625 1162 2665 1239 β
2701 1163 2819 1219 139

490 1250 551 1305 et
592 1250 643 1304 θ
687 1248 767 1305 38
815 1248 991 1307 obvia
1036 1246 1354 1306 verborum
1400 1246 1671 1305 ordinem
1717 1248 2005 1321 mutavit,
2055 1250 2123 1305 ut
2165 1267 2223 1306 v.
2268 1248 2347 1304 24
2390 1248 2629 1304 initium
2678 1248 2823 1304 τοῖσι

390 1382 396 1389 .
487 1327 553 1389 δὲ
594 1332 771 1409 βοῦν’
797 1325 1014 1410 ἵέρευσ’
1062 1351 1132 1391 ex
1179 1331 1242 1386 H
1275 1332 1395 1388 314
1442 1335 1505 1389 et
1551 1332 1600 1387 B
1641 1332 1763 1389 402
1811 1331 2153 1407 descripsit,
2202 1332 2357 1389 haud
2406 1333 2718 1390 immemor
2760 1333 2822 1389 in

491 1419 743 1491 utroque
789 1436 967 1476 versu
1009 1416 1287 1492 fingendo
1332 1417 1582 1491 genuini
1627 1416 1904 1474 carminis
1949 1419 1998 1471 θ
2045 1419 2154 1474 56:

740 1531 861 1610 βάν
905 1529 962 1612 ῥ’
1013 1531 1146 1607 ἴμεν
1185 1526 1509 1592 Ἀλκινόοιο
1551 1533 1878 1612 δαΐφρονος
1925 1530 1984 1604 ἐς
2027 1530 2178 1610 μέγα
2223 1533 2423 1611 δῶμα,

489 1624 552 1679 Θ’
598 1622 708 1680 59.
743 1708 929 1762 τοῖσιν
977 1698 1034 1757 δ’
1079 1698 1380 1774 ’Λλκίνοος
1424 1701 1790 1762 δυοκαίδεκα
1833 1698 1977 1780 μῆλ’
2026 1700 2302 1783 ἱέρευσεν.

490 1840 677 1899 Porro
723 1861 780 1899 v.
817 1842 895 1897 25
942 1839 1218 1897 ubertate
1261 1859 1369 1898 sua
1412 1841 1474 1898 in
1518 1838 1611 1898 his
1658 1840 1952 1917 angustiis
1997 1840 2152 1897 male
2197 1841 2580 1915 conspicuum
2624 1842 2822 1899 totum

491 1945 560 1982 ex
606 1926 856 2001 apologo
903 1945 936 1978 c·
958 1925 1078 1982 552
1114 1923 1459 1999 descripsit,
1508 1925 1609 1982 ubi
1657 1928 1795 1999 post
1836 1928 1933 1983 tot
1974 1924 2317 1983 discrimina
2358 1945 2555 1983 rerum
2601 1943 2821 1983 accom-

491 2010 967 2069 modatissimum
1013 2011 1142 2067 erat
1188 2009 1485 2067 cumulare
1517 2008 1680 2068 Iovis
1725 2011 1995 2084 nomina,
2043 2009 2261 2084 quibus
2308 2011 2593 2085 appellari
2622 2003 2823 2087 αὐτῷ

435 2168 440 2173 ι
490 2093 712 2168 φίλον
757 2089 1202 2172 κεκλημένῳ.
1244 2128 1316 2135 —-
1367 2094 1661 2152 Postremi
1707 2113 1912 2153 versus
1956 2095 2169 2152 misere
2214 2096 2616 2171 conglutinati
2649 2099 2822 2154 sunt:

400 3500 459 3548 17

494 2181 566 2237 ad
612 2200 668 2239 v.
718 2181 796 2239 26
843 2179 1083 2237 initium
1129 2179 1536 2238 consuendum
1581 2198 1723 2236 usus
1767 2183 1862 2237 est
1903 2182 2047 2237 noto
2094 2178 2198 2236 illo
2242 2173 2390 2253 μῆρ’
2439 2173 2620 2254 ἐκάη,
2665 2180 2822 2255 quod

494 2266 551 2320 A
596 2266 739 2323 464.
791 2266 839 2321 Β
883 2266 1026 2326 427.
1074 2284 1114 2337 μ
1147 2265 1268 2321 364
1315 2263 1564 2340 legitur,
1612 2264 1931 2321 coniuncto
1975 2283 2110 2325 cum
2156 2284 2177 2319 ι
2210 2265 2330 2321 231
2380 2270 2504 2341 πῦρ
2549 2258 2819 2339 κήαντες,

491 2350 817 2408 clausulam
865 2349 1162 2423 integram
1206 2367 1274 2405 ex
1321 2348 1386 2404 ,Ω
1415 2349 1559 2407 802.
1607 2366 1643 2422 γ
1690 2351 1788 2407 66.
1835 2367 1870 2403 υ
1902 2349 2027 2407 280
2071 2348 2473 2423 deprompsit3
2520 2352 2825 2424 postremo

492 2455 548 2492 v.
600 2436 676 2492 27
724 2454 793 2492 ex
840 2434 899 2488 Σ
939 2434 1058 2491 604
1108 2432 1453 2507 descripsit,
1513 2432 1673 2507 quod
1731 2434 1910 2490 etiam
1956 2433 2142 2508 inepti
2190 2434 2563 2492 emblematis
2620 2438 2826 2492 auctor

494 2519 636 2578 fecit
681 2513 717 2573 δ
763 2520 857 2592 17,
904 2518 996 2576 cui
1048 2513 1398 2593 Δημόδοκον
1446 2518 1634 2575 λαοῖσι
1680 2512 1976 2591 τετιμένον
2021 2537 2091 2575 ex
2136 2520 2183 2573 θ
2228 2518 2352 2575 472
2398 2518 2654 2577 addidit.

662 2602 949 2663 Consulto
995 2603 1358 2676 accuratius,
1416 2621 1596 2677 quam
1650 2603 1846 2661 obiter
1892 2603 2148 2661 intuenti
2204 2621 2312 2677 per
2366 2623 2428 2661 se
2486 2623 2634 2678 opus
2700 2623 2826 2662 esse

492 2688 835 2762 videbatur,
886 2686 1310 2746 insulsissimos
1356 2688 1463 2745 hos
1509 2706 1715 2746 versus
1761 2688 2038 2761 tractavi,
2100 2706 2249 2762 quos
2304 2688 2633 2747 reiciendos
2696 2707 2823 2747 esse

493 2774 543 2832 si
591 2773 726 2846 iam,
771 2773 862 2830 uti
909 2790 1048 2829 sane
1094 2789 1429 2845 speramus,
1485 2773 1665 2830 etiam
1724 2771 2026 2831 incredulo
2081 2772 2292 2846 cuique
2347 2772 2820 2847 probaverimus,

494 2861 758 2932 apertam
804 2856 979 2914 simul
1025 2855 1414 2914 vindicandae
1459 2856 1651 2914 nostri
1710 2857 1987 2915 carminis
2033 2856 2367 2932 integritati
2413 2858 2570 2915 viam
2628 2859 2820 2915 muni-

496 2944 708 3000 vimus.
795 2940 873 2998 Hi
932 2941 1086 2998 enim
1147 2959 1352 2999 versus
1410 2941 1630 2999 sublati
1683 2960 1848 3000 suam
1917 2941 1978 2998 in
2033 2941 2267 2999 ruinam
2326 2961 2522 3000 secum
2582 2942 2829 3000 trahunt

495 3046 595 3085 eos
639 3044 901 3100 quoque,
951 3025 1052 3100 qui
1098 3028 1494 3100 antecessere,
1541 3046 1598 3087 v.
1649 3026 1926 3084 10—15:

748 3140 957 3217 ειματα
999 3137 1108 3218 μὲν
1153 3134 1228 3218 δὴ
1273 3141 1442 3220 ξείνῳ
1489 3138 1729 3221 ἕυξὲστῃ
1774 3138 1862 3200 ἐνὶ
1907 3145 2069 3220 χηλῷ
2766 3153 2829 3200 10

750 3230 990 3328 κεῖται,
1007 3225 1106 3283 καὶ
1156 3225 1369 3323 χρυσὸς
1415 3226 1880 3296 πολυδαίδαλος
1926 3224 2078 3284 ἅλλα
2125 3246 2184 3284 τε
2228 3225 2421 3285 πάντα

747 3307 893 3386 δῶρ’
900 3353 919 3386 ,
965 3307 1077 3367 ὅσα
1121 3303 1416 3385 Φαιήκων
1458 3309 1826 3389 βουληφόροι
1870 3304 2083 3369 ἐνθάδ’
2134 3308 2394 3370 ἔνεικαν·

749 3391 877 3454 ἀλλ’
926 3394 1034 3472 ἄγε
1079 3395 1146 3453 of
1181 3393 1379 3471 δῶμεν
1423 3395 1670 3500 τρίποδα
1714 3393 1897 3473 μέγαν
1942 3390 2052 3471 ἠδὲ
2100 3393 2311 3491 λέβητα

746 3473 1069 3559 ανδρακας
1141 3475 1312 3557 ἡμεῖς
1356 3478 1415 3540 δ’
1464 3472 1607 3539 αὖτε
1650 3475 2019 3576 αγειρόμενοι
2065 3502 2212 3539 κατα
2257 3481 2455 3557 δῆμον

751 3560 1054 3640 τισόμεθ’·
1099 3560 1388 3644 ἀργαλέον
1430 3588 1540 3643 γαρ
1587 3588 1691 3624 ενα
1737 3556 1987 3642 προικὸς
2030 3564 2411 3645 χαρίσασθαι.
2769 3576 2825 3623 15

498 3702 576 3760 Hi
600 3702 715 3778 ipsi
739 3720 880 3762 vero
900 3720 1105 3760 versus
1135 3702 1351 3776 quibus
1371 3703 1725 3778 quantisque
1756 3702 2032 3761 laborent
2063 3703 2507 3777 offensionibuS,
2541 3703 2715 3763 facile
2739 3708 2828 3763 est

498 3788 922 3845 demonstrare.
968 3785 1057 3844 Ac
1082 3788 1335 3861 primam
1363 3788 1599 3863 quidem
1627 3807 1828 3845 earum
1854 3788 1967 3845 iam
1992 3788 2054 3844 in
2088 3789 2389 3863 superiore
2412 3749 2829 3848 dissertatione

498 3892 554 3947 p.
582 3873 656 3929 31
689 3869 896 3946 [supra
917 3891 973 3945 p.
1006 3866 1154 3948 176]
1186 3873 1671 3946 commemoravi,
1719 3872 1877 3947 quod
1916 3874 2150 3945 praeter
2182 3877 2375 3931 vestes
2404 3876 2586 3948 atque
2619 3893 2825 3933 aurum

497 3956 648 4013 nihil
715 3956 1030 4031 quicquam
1091 3974 1126 4011 a
1182 3955 1545 4015 Phaeacibus
1615 3957 1776 4015 Ulixi
1844 3957 2000 4014 dono
2068 3957 2268 4014 datum
2338 3958 2609 4033 legimus.
2701 3958 2825 4016 Hoc

498 4041 693 4114 ipsum
739 4043 937 4098 autem
983 4059 1192 4097 aurum
1240 4043 1500 4114 pondere
1544 4043 1745 4117 potius
1790 4041 2115 4117 pretiosum
2175 4060 2352 4116 quam
2410 4046 2538 4100 arte
2593 4043 2822 4117 conspi-

498 4142 674 4182 cuum
736 4159 808 4167 —
870 4125 1096 4182 scilicet
1148 4128 1392 4199 χρυσοῖο
1447 4123 1739 4183 τάλαντον
1796 4117 2098 4202 τιμήεντος
2143 4128 2192 4180 θ
2237 4127 2359 4184 393
2403 4160 2485 4170 —-
2540 4130 2641 4186 vix
2696 4131 2828 4203 apte

499 4205 1061 4266 πολυδαίδαλον
1116 4209 1173 4266 11.
1220 4210 1260 4267 l.
1308 4210 1426 4269 dici
1479 4212 1621 4269 nolo
1666 4228 1965 4286 premere,
2024 4211 2158 4286 sed,
2215 4230 2395 4286 quam
2450 4212 2652 4288 inepte
2708 4211 2828 4269 illis

498 4293 845 4350 muneribus
889 4295 1279 4370 enumeratiS,
1335 4297 1505 4371 quasi
1549 4297 1667 4355 iam
1725 4296 1826 4355 alii
1872 4295 1995 4355 suis
2050 4296 2221 4354 donis
2278 4297 2578 4355 cumulare
2634 4296 2829 4372 hospi-

499 4379 621 4435 tem
669 4378 1013 4452 iubeantur,
1071 4379 1282 4438 deinde
1327 4381 1614 4438 inseratur
1667 4368 1822 4434 ἀλλ’
1893 4399 2022 4456 aye
2089 4377 2165 4436 οῖ
2225 4376 2463 4454 δῶμεν
2520 4380 2827 4455 inferatur,
