3132 5129
1511 1149 1644 1238 IV.

838 1341 931 1411 De
969 1340 1210 1412 Iliadis
1249 1341 1663 1417 carminibus
1701 1342 2094 1414 dissertatio
2129 1339 2300 1434 1v¹).

580 1493 1085 1571 Transgredimur
1115 1496 1185 1553 ad
1234 1496 1455 1559 librum
1490 1497 1555 1555 Γ.
1619 1496 1709 1554 Ex
1753 1515 1822 1554 eo
1868 1515 2051 1555 unum
2097 1515 2332 1555 carmen
2379 1498 2526 1556 satis
2571 1498 2803 1559 breve3

408 1581 831 1640 Lachmannus
876 1580 1169 1639 exsecuit:
1222 1580 1532 1641 16—102.
1599 1583 1952 1639 111—115.
2011 1583 2368 1640 314—382.
2409 1582 2735 1641 449—461

409 1665 655 1724 remotis
702 1664 996 1736 omnibus,
1043 1684 1194 1740 quae
1240 1665 1314 1723 ad
1358 1665 1649 1724 Helenam
1695 1671 1872 1740 atque
1918 1666 2219 1724 Priamum
2264 1668 2581 1741 pertinent.
2656 1668 2747 1726 Ac

405 1750 478 1809 de
521 1749 1054 1824 teichoscopia
1096 1749 1339 1825 quidem
1389 1747 1784 1828 (121—244)
1829 1768 1937 1808 nec
1969 1752 2282 1826 quisquam
2314 1751 2488 1810 facile
2521 1752 2744 1811 dissen-

404 1837 516 1894 tiet
571 1840 636 1895 et
681 1852 955 1893 assensus
1002 1838 1094 1893 est
1137 1835 1357 1893 diserte
1404 1834 1718 1894 Carolus
1764 1834 2270 1893 Hoffmannus
2314 1836 2377 1894 in
2433 1837 2535 1903 iis.
2593 1855 2742 1911 quae

403 1920 474 1978 de
516 1918 884 1978 Lachmanni
944 1919 1518 1978 considerationibus
1564 1919 1803 1994 scripsit
1846 1920 1910 1978 in
1957 1920 2389 1979 Schneidewini
2432 1921 2738 1997 philologo

403 1998 754 2084 111(1848)
799 2027 857 2081 p.
893 2005 1034 2063 206.
1132 2004 1250 2063 Sed
1293 2004 1357 2062 in
1402 2005 1610 2064 ceteris
1659 2023 2015 2081 magnopere
2061 2024 2267 2064 vereor
2312 2025 2385 2064 ne
2428 2006 2606 2064 nimis
2652 2025 2739 2064 se-

404 2108 580 2148 verus
625 2090 811 2149 fuerit
855 2107 1121 2147 summus
1167 2090 1471 2165 magister.
1529 2089 1618 2148 Ae
1664 2090 1922 2164 primum
1967 2090 2208 2164 quidem
2253 2090 2411 2164 quod
2458 2091 2560 2149 ille
2603 2110 2737 2149 nar-

404 2175 655 2232 rationis
702 2173 964 2251 aequalis
1010 2175 1457 2250 congruentiam
1502 2193 1743 2250 prorsus
1788 2175 2017 2233 turbari
2060 2170 2165 2251 (—-
2201 2176 2390 2242 „wird
2425 2192 2585 2249 qauz
2627 2177 2736 2235 das

397 2260 599 2334 yefilhl
648 2260 751 2317 der
790 2261 1117 2335 symnwtrie
1144 2261 1389 2327 verlctzt,
1418 2265 1629 2317 werm“
1659 2290 1728 2300 —
1759 2278 1819 2334 p.
1839 2253 1947 2338 15)
1979 2259 2064 2316 ait
2091 2259 2183 2331 iis,
2218 2277 2365 2333 quae
2399 2261 2733 2318 383—448

400 2344 472 2402 de
520 2343 735 2402 Paride
765 2344 1074 2414 addantur,
1122 2343 1184 2401 id
1230 2363 1304 2402 ne
1348 2346 1474 2401 tum
1505 2343 1767 2419 quidem,
1814 2344 1864 2401 si
1910 2362 2042 2401 cum
2086 2342 2468 2401 Lachmanno
2514 2336 2735 2418 ὁρκίων

403 2423 691 2504 σύγχυσις
737 2448 772 2487 a
814 2430 1023 2488 nostro
1070 2428 1328 2486 carmine
1373 2431 1696 2503 separetur,
1744 2426 2060 2485 concedere
2104 2427 2227 2484 ullo
2258 2427 2434 2486 modo
2465 2446 2729 2503 possum.

400 2513 725 2573 verissime
770 2515 928 2574 enim
974 2515 1244 2573 nostrum
1290 2531 1524 2572 carmen
1573 2512 1732 2588 apud
1778 2512 2055 2587 antiquos
2086 2503 2351 2588 Πάριδος
2394 2507 2495 2568 καὶ
2531 2513 2728 2570 Μενε-

400 2595 546 2656 λάου
597 2596 930 2675 μονομαχία
984 2598 1152 2655 audit
1204 2599 1529 2673 praemisso
1577 2617 1697 2656 non
1745 2597 1997 2656 Menelai
2041 2598 2280 2655 nomine
2327 2596 2429 2654 sed
2475 2598 2728 2674 Paridis,

400 2684 618 2759 quippe
662 2684 767 2757 qui
812 2682 1054 2743 omnino
1100 2682 1410 2757 primarias
1455 2685 1653 2757 partes
1699 2685 1840 2758 agat
1883 2700 2004 2740 non
2050 2682 2241 2739 solum
2286 2681 2349 2738 in
2381 2682 2730 2741 luculentis-

401 2769 549 2826 simo
609 2769 943 2843 prooemio,
999 2785 1117 2842 quo
1178 2767 1412 2826 subitus
1458 2767 1585 2826 eius
1631 2786 1667 2824 a
1709 2766 1969 2842 glorioso
2015 2767 2287 2842 ingressu
2332 2766 2406 2824 ad
2450 2767 2727 2825 timidam

399 2852 598 2928 fugam
647 2856 709 2910 et
751 2871 958 2912 rursus
987 2851 1062 2909 ad
1092 2851 1311 2911 fortem
1342 2852 1667 2912 adversarii
1699 2851 2182 2926 provocationem
2213 2850 2502 2910 transitus
2533 2851 2733 2910 vivide

400 2936 776 3009 describitur,
821 2938 923 2996 sed
977 2937 1158 2994 etiam
1202 2937 1263 2994 in
1308 2936 1634 2994 certamine
1677 2938 1808 3011 ipso
1853 2939 1914 2992 et
1942 2934 2212 3011 parando
2245 2929 2640 3013 (328-338)
2673 2939 2736 2993 et

398 3021 658 3080 ineundo
705 3022 877 3098 (325.
925 3022 1045 3079 347
1075 3016 1256 3098 sqq.).
1346 3020 1463 3079 Sed
1510 3021 1583 3078 de
1627 3040 1697 3079 ea
1740 3039 1803 3078 re
1848 3021 1912 3078 in
1954 3020 2273 3079 vernacula
2317 3019 2555 3077 demum
2600 3037 2731 3076 car-

399 3108 577 3165 minis
634 3106 1008 3166 enarratione
1054 3106 1199 3164 satis
1244 3109 1513 3164 accurate
1559 3107 1658 3182 agi
1688 3104 1928 3180 poterit,
1974 3123 2334 3179 quamquam
2365 3105 2602 3163 interim
2634 3103 2731 3161 ad-

399 3191 655 3250 scribere
698 3191 921 3266 placet,
982 3209 1133 3265 quae
1176 3189 1682 3266 Naegelsbachius
1727 3189 1789 3248 in
1833 3189 2319 3248 adnotationibus
2363 3188 2436 3246 ad
2482 3188 2731 3247 Iliadem

399 3275 637 3350 scriptis
669 3295 726 3350 p.
762 3276 885 3335 273
917 3276 1064 3334 scite
1093 3274 1435 3333 admonuit:
1484 3275 1731 3343 „Durch
1766 3271 2139 3347 Aphrodite’s
2175 3272 2555 3349 Vermittluny
2584 3275 2734 3332 wird

398 3360 625 3419 Helena
681 3378 795 3419 von
851 3379 1056 3420 nouem
1098 3361 1190 3419 dic
1235 3357 1444 3418 Gattin
1488 3360 1587 3417 des
1629 3359 1811 3419 Paris
1851 3376 1928 3418 zu
1971 3359 2266 3417 dev-selben
2308 3358 2465 3427 Zeit,
2522 3377 2607 3417 wo
2649 3361 2732 3416 sie

396 3449 880 3520 veriraysyema’ss
935 3446 1144 3503 wieder
1200 3445 1557 3519 Eiyenthum
1611 3446 1708 3503 des
1750 3444 2050 3503 Menelaos
2100 3444 2404 3518 yeworden
2459 3462 2602 3502 war.
2650 3475 2731 3485 -—-

399 3529 627 3605 Besoeyt
672 3532 755 3588 im
784 3529 1156 3602 Zweikampf
1186 3531 1261 3588 ist
1304 3548 1366 3587 er
1392 3530 1592 3606 Sieyer
1633 3531 1716 3586 im
1744 3528 1922 3587 Reich
1950 3525 2405 3601 Aphroditemf‘
2471 3526 2727 3586 Gravius

396 3632 504 3689 pro
561 3633 660 3685 ea,
722 3633 897 3689 quam
956 3614 1017 3672 in
1075 3613 1170 3672 his
1228 3613 1747 3673 dissertationibus
1792 3614 2125 3688 sequimur,
2182 3613 2416 3670 ratione
2460 3612 2571 3670 hoc
2616 3614 2725 3682 est,

400 3698 559 3774 quod
604 3698 768 3757 locus
814 3698 914 3758 ille
959 3700 1196 3756 tantum
1222 3698 1391 3757 abest
1419 3701 1487 3756 ut
1517 3698 1830 3757 cohaereat
1859 3716 1992 3757 cum
2025 3696 2426 3771 teichoscopia
2456 3698 2523 3753 ut
2551 3696 2726 3770 plane

396 3783 573 3841 aliam
634 3783 862 3842 indicet
918 3782 1180 3841 Helenae
1235 3783 1575 3841 stationem.
1665 3783 1754 3841 Ea
1806 3783 1964 3841 enim
2022 3800 2153 3841 cum
2212 3781 2316 3840 illo
2361 3780 2422 3838 in
2468 3779 2727 3837 carmine

395 3867 623 3927 duabus
681 3868 824 3926 solis
882 3868 1165 3926 comitata
1221 3866 1555 3926 famulabus
1603 3867 1921 3926 Scaearum
1965 3869 2274 3943 portarum
2319 3868 2544 3922 turrem
2590 3865 2724 3922 eon-

395 3951 645 4011 seendat
687 3971 725 4009 a
766 3951 1008 4010 senibus
1055 3951 1326 4010 Troianis
1371 3957 1718 4026 occupatam
1767 3949 2115 4028 (143sqq.),
2161 3951 2224 4009 in
2269 3953 2477 4008 nostro
2523 3953 2727 4007 contra

393 4055 428 4094 a
458 4036 693 4096 Venere
736 4035 1074 4112 appellatur
1115 4036 1177 4094 in
1221 4037 1344 4094 alta
1386 4040 1551 4095 turre
1581 4068 1663 4078 -
1695 4055 1842 4111 quae
1885 4037 2077 4111 qualis
2105 4036 2308 4106 fuerit,
2353 4053 2476 4093 non
2504 4034 2726 4093 indica-

390 4126 490 4180 tur
533 4154 615 4165 —
665 4120 881 4180 sedens
925 4122 1082 4180 inter
1126 4120 1516 4180 Troianarum
1562 4119 1877 4178 mulierum
1921 4123 2152 4179 coetum
2198 4117 2351 4198 (383
2379 4116 2530 4196 sq.),
2577 4138 2724 4194 quas

560 4287 613 4353 1)
684 4283 857 4338 Index
882 4283 1035 4338 lectt.
1062 4283 1120 4338 in
1144 4283 1252 4337 litt.
1279 4283 1428 4337 univ.
1456 4283 1641 4337 Turio.
1667 4283 1799 4337 inde
1824 4299 1860 4336 a
1882 4282 1936 4335 d.
1958 4282 2077 4336 XII.
2099 4304 2164 4336 m.
2185 4283 2305 4338 Oct.
2325 4281 2722 4339 MDOOCLVII

388 4370 564 4424 usque
716 4351 772 4405 d.
806 4345 953 4408 XIII.
994 4369 1064 4410 m.
1102 4351 1291 4407 Martii
1326 4350 1705 4407 MDCCCVIII
1741 4350 2170 4420 habendarum]
