3132 5129
1268 436 1351 445 -
1435 398 1564 481 4οι,
1653 436 1731 444 -

241 547 251 554 ’
332 560 607 619 ciderunt
660 558 818 617 enim
872 556 1082 631 verba,
1139 557 1354 631 quibus
1407 561 1592 615 nauta
1645 556 2041 615 coniecturam
2096 555 2286 629 primo
2343 552 2471 612 loco
2527 571 2660 612 con-

331 646 562 718 ceptam
607 643 680 701 de
725 642 896 701 Luna
940 642 1264 718 redarguit.

501 726 573 783 V.
628 730 764 788 106.
824 727 1005 803 βυθῶ
1052 727 1142 801 Μ,
1191 726 1347 785 unde
1390 725 1617 801 βυθων
1660 745 1768 801 pro
1812 726 2021 819 βυθοῦ
2065 722 2463 787 scribendum.

500 812 572 871 V.
628 814 765 870 124.
828 804 1145 889 κελάρυζεν
1187 800 1405 881 ἱππεύς
1451 812 1542 870 ed.
1588 831 1712 887 pr.,
1769 799 2049 889 κελάρυζ’
2098 804 2338 877 ἕνιπεύς
2384 808 2447 865 Μ
2491 807 2666 883 paulo

333 898 563 956 melius,

500 984 571 1042 V.
626 983 762 1042 158.

637 1079 955 1159 Συμφυέες
999 1078 1066 1141 δὲ
1112 1080 1427 1160 δράκοντες
1473 1074 1837 1161 ἕπερρωοντο
1879 1078 2194 1179 προσώπῳ

637 1167 976 1243 πορδαλίων
1023 1201 1103 1210 -

336 1288 638 1347 Pluralem
683 1301 1060 1365 προσωποις
1105 1288 1510 1363 reponendum
1555 1307 1683 1348 esse
1728 1308 1862 1347 cum
1908 1283 2243 1362 πορδαλίων
2287 1286 2489 1359 docet),
2537 1289 2667 1343 tum

337 1373 537 1431 omnia
581 1392 731 1448 quae
776 1392 959 1448 usque
1004 1372 1079 1430 ad
1125 1394 1179 1431 v.
1232 1375 1350 1432 162
1398 1377 1739 1448 sequuntur.

505 1457 580 1515 V.
637 1460 769 1515 171.
832 1455 1068 1534 εἴρυσεν
1112 1459 1286 1515 eiiam
1334 1459 1414 1515 Μ.
1489 1458 1769 1517 Fortasse
1814 1454 2013 1531 εἴρυσε
2060 1447 2140 1512 δ’.
2217 1455 2408 1529 Supra
2453 1474 2509 1512 v.
2548 1456 2666 1512 169

283 1570 289 1577 ·
337 1542 642 1601 sollemnis
698 1543 887 1601 forma
931 1532 1083 1600 εἷλκε
1128 1542 1524 1612 restituenda,
1583 1548 1653 1600 ut
1696 1563 1750 1602 v.
1807 1540 1924 1599 177
1972 1540 2053 1611 εἰς
2103 1560 2213 1615 pro
2260 1536 2336 1608 ἐς.
2428 1538 2670 1597 Ceteros

336 1626 539 1685 Nonni
583 1627 774 1701 locos,
831 1628 895 1685 in
938 1627 1155 1702 quibus
1200 1626 1359 1686 idem
1403 1627 1772 1698 faciendum,
1834 1627 2037 1685 notavi
2080 1627 2148 1684 in
2191 1625 2668 1700 prolegomm.

335 1711 412 1770 ad
457 1713 745 1783 Quintum
790 1731 851 1787 p.
897 1711 1075 1771 LXX.

510 1795 587 1855 V.
637 1798 712 1855 18
724 1800 750 1854 l
762 1841 774 1855 .

648 1887 835 1974 Κριὸν
880 1884 1298 1973 ἆνεστυφέλιξε
1313 1940 1332 1974 ,
1377 1894 1763 1975 μεσόμφαλον
1804 1895 1846 1955 ὅ
1857 1912 1893 1953 o*
1905 1918 1936 1954 τ
1949 1919 1983 1974 ρ
1997 1918 2028 1955 ο
2042 1919 2077 1955 ν
2114 1888 2432 1974 Ὀλύμπου.
2452 1866 2459 1875 ⁰

344 2018 551 2076 Scribe
595 2010 843 2075 άστόν.

512 2101 585 2159 V.
640 2103 777 2160 188.
839 2091 1041 2178 ὄρθιος
1086 2103 1264 2161 etiam
1315 2103 1394 2162 M.

513 2186 588 2245 V.
640 2188 779 2245 191.

646 2278 983 2365 Ἀστραίαις
1027 2281 1361 2369 παλάμῃσ
1375 2310 1395 2345 ι
1416 2310 1451 2346 ν
1495 2282 1733 2365 ἰσόζυγα
1776 2280 1998 2345 κύκλον
2041 2283 2252 2359 ἑλίξας.

354 2400 582 2483 ,,Ἀστρ.
631 2403 850 2482 παλάμ.
898 2424 1034 2466 casu
1079 2407 1290 2481 dandi,
1351 2406 1422 2465 de
1467 2406 1887 2465 Andromedae
1944 2405 2275 2468 manibu8.“
2342 2405 2682 2464 Gmmmus.

355 2491 473 2549 Sed
531 2511 601 2549 ea
655 2492 969 2569 explicatio
1026 2511 1233 2570 parum
1289 2494 1571 2550 convenit,
1613 2491 1811 2550 Nonni
1867 2488 2156 2562 acumini,
2211 2492 2314 2567 qui
2367 2490 2684 2548 draconem

353 2576 772 2651 Typhaonium
830 2596 948 2636 non
1009 2597 1140 2635 eum
1202 2578 1545 2635 manibus
1591 2577 2035 2650 Andromedae,
2095 2577 2196 2634 sed
2244 2596 2376 2635 eum
2421 2576 2681 2634 vinou-

350 2661 480 2735 lie,
542 2661 756 2736 quibus
811 2661 947 2721 illae
1004 2664 1181 2720 etiam
1239 2663 1300 2720 in
1347 2663 1508 2721 caelo
1554 2665 1836 2720 tenentur
1881 2694 1960 2704 --
2007 2663 2175 2719 Arat.
2224 2661 2345 2720 203
2394 2648 2576 2734 δεσμά
2624 2653 2687 2714 δέ

354 2743 421 2802 οἵ
458 2748 642 2803 κεῖται
691 2765 792 2801 και
841 2741 906 2803 ἐν
951 2740 1186 2828 οὐρανῷ
1231 2779 1335 2821 —‚
1380 2747 1777 2806 aemulantem
1825 2746 1985 2820 facit,
2032 2750 2100 2804 ut
2144 2766 2212 2804 ex
2242 2767 2299 2805 v.
2340 2747 2457 2806 102
2490 2747 2685 2820 patet:

657 2859 898 2940 δέσμιον
933 2852 1331 2943 Ἀνδρομέδην
1376 2860 1549 2947 ἑτέρῳ
1596 2861 2205 2947 σφηκώσατοδεσμῷ.

353 2977 1048 3126 Ηίηοὲτεέὸπιαλάμῃσιν
1093 2984 1393 3043 emendari
1438 2984 1616 3044 debet
1658 2980 2058 3043 ἑλίκεσσιν.
2124 2979 2254 3050 {Cfi
2300 3003 2357 3043 v.
2408 2977 2586 3058 161.}

662 3166 780 3227 Καὶ
824 3165 1098 3249 στεφάνῳ
1143 3166 1354 3245 στέφος
1398 3166 1540 3228 ἄλλο
1583 3167 1931 3246 περιπλέξας
1972 3164 2286 3247 Ἀριάδνης
2316 3203 2417 3227 ---.

359 3288 496 3347 Non
558 3287 708 3346 idem
769 3292 862 3347 est
916 3287 1118 3363 draco,
1182 3289 1284 3363 qui
1339 3289 1777 3348 hie-Ariadnae
1834 3309 2109 3350 coronam
2171 3289 2348 3364 spiris
2404 3289 2525 3346 suis
2569 3288 2687 3345 ein·

358 3391 499 3448 gere
561 3373 809 3447 dicitur,
868 3391 1001 3430 cum
1060 3392 1160 3447 eo,
1218 3375 1318 3448 qui
1365 3393 1421 3432 v.
1460 3375 1578 3432 199
1605 3393 1690 3449 sq.
1736 3376 2025 3450 impetum
2072 3374 2263 3433 faeere
2307 3376 2585 3431 narratur
2630 3372 2690 3430 in

364 3456 661 3531 Ophiuchi
708 3461 1061 3533 serpentem.
1122 3457 1331 3532 Itaque
1377 3458 1530 3516 haud
1578 3460 1698 3518 scio
1742 3479 1818 3518 an
1863 3460 1994 3534 quis
2038 3455 2252 3527 ἄλλος
2298 3451 2692 3527 ἕπιπλὲξας

360 3541 738 3617 praelaturus
784 3544 882 3600 sit.
971 3542 1108 3601 Non
1151 3561 1293 3619 ego,
1340 3545 1443 3618 qui
1487 3545 1689 3617 potius
1735 3548 1871 3602 ante
1914 3544 2073 3603 huno
2115 3562 2349 3603 versum
2397 3542 2691 3599 defectum

360 3645 487 3684 esse
551 3626 840 3700 arbitror,
904 3645 1036 3685 cum
1094 3631 1155 3684 et
1206 3619 1347 3684 ἄλλο
1401 3624 1616 3701 στέφος
1674 3633 1736 3686 et
1790 3630 2149 3704 praepositio
2203 3625 2341 3701 περί
2388 3625 2694 3684 Nonnieae

368 3711 616 3769 dictioni
647 3713 817 3769 unice
847 3713 1179 3771 conveniat.
1238 3713 1320 3769 Et
1349 3711 1449 3769 ille
1481 3712 1819 3771 lacunosior
1849 3720 1958 3788 est,
2004 3733 2179 3789 quam
2213 3713 2394 3787 vulgo
2424 3711 2693 3769 habetur.

536 3794 608 3853 V.
638 3795 778 3854 230.
836 3789 1236 3871 ἀπεπλάγχθη
1281 3799 1341 3854 et
1382 3789 1498 3871 ἠχῆ
1541 3792 1713 3875 (810¹)
1745 3799 1922 3856 etiam
1957 3798 2035 3872 M,
2081 3801 2150 3855 ut
2180 3818 2234 3855 v.
2260 3797 2385 3854 260
2416 3790 2525 3868 ἑνί,
2572 3795 2693 3853 266

355 3871 764 3955 άλιγδούπων,
811 3882 933 3941 302
964 3873 1245 3957 άσταγέος
1275 3882 1560 3955 νιφετοῖς,
1606 3882 1764 3956 quod
1797 3886 1954 3941 certe
1983 3883 2377 3957 propinquius
2408 3882 2502 3938 est
2530 3898 2687 3951 ver0,

358 3967 478 4024 342
526 3963 719 4035 ζώειν,
766 3968 886 4025 358
934 3960 1234 4042 ἕπικάριος
1269 3962 1461 4042 (sici),
1510 3966 1633 4024 429
1678 3958 2119 4043 άστεροπαῐσιν,
2166 3967 2287 4024 487
2325 3983 2459 4022 οτεν
2492 3960 2689 4042 (εἰσί).

534 4066 609 4126 V.
653 4067 690 4124 3
702 4069 797 4126 16.

666 4169 900 4246 Προσθι
912 4165 1075 4238 διὀυς
1121 4166 1457 4245 προβλῆτας
1503 4165 1788 4242 ἐκούφισε
1802 4211 1821 4243 ‚
1865 4164 2126 4247 γούνατα
2172 4189 2207 4225 κ
2225 4163 2259 4224 ό
2273 4188 2317 4225 π
2331 4188 2360 4223 τ
2375 4188 2420 4224 ω
2437 4189 2489 4226 ν.

362 4286 748 4378 Participium
779 4307 899 4347 non
931 4287 1209 4363 quadrat3
1257 4290 1459 4363 potius
1487 4284 1779 4345 πάλλων
1809 4287 2186 4347 scribendum
2221 4287 2475 4347 videtur.
2561 4282 2691 4352 {CR

360 4373 432 4447 X,
467 4374 566 4434 56.
590 4367 608 4437 }
696 4372 873 4431 Patet
920 4372 989 4428 de
1045 4373 1260 4446 pedum
1317 4373 1582 4448 priorum
1628 4372 1901 4449 genubus
1942 4391 2270 4431 sermonem
2321 4391 2479 4446 esse,
2537 4372 2694 4447 quod

360 4475 603 4528 moneo,
651 4475 726 4514 ne
773 4459 906 4533 quis
954 4453 1311 4531 κάμπτων
1354 4457 1811 4533 praeferendum
1856 4462 2047 4532 putet

462 4565 580 4604 1100
592 4563 706 4612 hly.
736 4563 792 4603 ac
797 4563 851 4602 ιιι
854 4562 969 4602 ioust
1035 4565 1071 4603 1.
1690 4594 1697 4602 .
2223 4559 2287 4605 26
