3132 5129
1358 338 1734 400 ..2-

383 495 587 555 manui
631 496 1145 571 vituperationem.
1234 496 1472 555 Etenim
1522 497 1572 555 si
1629 497 1904 571 ponimus
1949 516 2130 554 unum
2182 515 2434 572 eumque
2489 497 2714 556 bonum

384 586 621 656 poetam
667 581 822 639 hunc
866 582 1083 640 librum
1127 583 1460 640 arctissimo
1504 582 1742 639 vinculo
1788 580 1860 638 ad
1905 582 2166 656 primum
2213 581 2563 641 adnexuisse
2608 583 2711 655 ita,

383 671 452 724 ut
496 685 588 725 res
633 666 863 724 duobus
908 667 1201 725 continuis
1249 666 1457 725 diebus
1511 671 1714 742 gestae
1768 667 1843 724 iis
1900 666 2072 725 libris
2129 667 2605 738 continerentur,
2664 669 2714 726 is

381 752 649 826 profecto
689 770 807 810 non
842 750 1072 810 duobus
1116 754 1349 809 tantum
1396 751 1540 808 locis
1588 784 1666 793 —
1711 769 1964 825 quorum
2007 769 2162 809 unus
2209 752 2334 810 sine
2377 753 2715 827 argumenti

382 836 690 910 dispendio
734 836 868 894 tolli
898 840 1099 911 potest
1139 868 1205 877 —
1243 836 1437 895 obiter
1476 836 1545 892 ad
1580 836 1833 894 Achillis
1875 836 2150 894 iniuriam
2196 837 2569 911 respexisset,
2612 837 2715 895 sed

382 921 692 995 utriusque
737 919 851 979 diei
896 941 989 979 res
1034 922 1097 978 in
1142 921 1318 979 unius
1365 922 1615 979 actionis
1647 921 1960 979 decursum
1993 922 2157 979 varie
2187 921 2715 996 multipliciterque

321 1015 353 1060 4
384 1005 804 1063 coniunxisset.
877 1005 973 1063 Ita
1003 1011 1225 1079 pestem
1261 1006 1723 1081 Agamemnonis
1769 1005 1945 1080 culpa
1974 1011 2035 1063 et
2077 1007 2537 1080 intemperantia
2578 1024 2713 1081 pro·

382 1094 656 1147 vocatam
703 1091 1070 1164 aptissimam
1134 1090 1318 1149 fuisse
1363 1090 1673 1148 Thersitae
1732 1091 2000 1149 convicio
2045 1090 2170 1165 ipse
2213 1090 2716 1165 Naegelsbachius

380 1194 438 1249 p.
477 1175 597 1233 170
642 1174 908 1250 Hauptio
954 1176 1241 1246 concedit,
1287 1194 1644 1250 quamquam
1692 1193 1823 1233 cum
1877 1176 2042 1249 optio
2089 1180 2297 1249 poetae
2345 1176 2485 1233 data
2535 1175 2716 1233 fuerit

379 1260 536 1317 inter
579 1260 843 1331 iniurias,
891 1279 1140 1334 quarum
1187 1260 1372 1318 altera
1416 1257 1696 1335 Chrysae,
1744 1260 1932 1317 altera
1970 1260 2189 1317 Achilli
2231 1260 2399 1317 illata
2442 1261 2537 1329 sit,
2583 1279 2716 1335 gra-

378 1345 510 1401 vius
561 1344 711 1402 hanc
754 1364 927 1419 quam
981 1345 1142 1402 illam
1188 1345 1634 1403 commemorari
1685 1345 1940 1419 putavit.
2000 1342 2180 1412 Quasi
2233 1364 2355 1402 non
2402 1350 2713 1419 utramque

382 1446 841 1487 commemorare
883 1429 1160 1487 Thersita
1205 1429 1626 1505 dignissimum
1669 1430 1908 1500 fuisset,
1979 1430 2082 1503 qui
2127 1433 2354 1499 tamen,
2425 1430 2473 1487 si
2535 1449 2713 1487 unam

380 1514 601 1589 eligere
647 1514 845 1584 vellet,
889 1514 1271 1588 praetulisset
1298 1517 1543 1589 propter
1576 1514 1864 1572 orationis
1898 1532 2036 1572 suae
2082 1518 2519 1589 argumentum,
2566 1533 2715 1588 quae

379 1683 662 1740 exercitui
708 1684 1031 1743 funestum.
1109 1681 1333 1741 Verum
1378 1684 1534 1742 enim
1580 1702 1721 1741 vero
1750 1701 1871 1741 non
1903 1683 2094 1741 solum
2138 1684 2200 1740 iu
2232 1683 2538 1742 Thersitae
2583 1701 2715 1741 ora-

377 1767 561 1839 tione,
609 1766 713 1825 sed
743 1767 868 1825 fere
898 1768 1118 1843 ubique
1151 1768 1224 1825 ad
1257 1768 1703 1826 antecedentem
1737 1768 1894 1826 diem
1925 1767 2221 1841 respicere
2253 1767 2507 1829 debebat
2538 1772 2715 1843 poeta

377 1870 577 1911 veram
630 1871 824 1910 rerum
882 1854 1304 1911 connexionem
1364 1872 1681 1927 quaerens,
1741 1857 1811 1909 ut
1852 1853 2108 1927 exempli
2168 1853 2358 1927 gratia
2404 1854 2712 1929 Agamem·

374 1955 588 1995 nonem
624 1936 842 1996 faceret
873 1936 945 1995 de
976 1939 1265 1996 exercitus
1296 1942 1464 2012 peste
1496 1938 1672 1996 modo
1704 1938 1901 1995 vexati
1930 1938 2129 1996 animo
2159 1942 2338 2012 atque
2371 1937 2443 1995 de
2464 1938 2714 1996 Achillis

379 2021 467 2079 ira
500 2021 821 2080 sollicitum
853 2022 1131 2096 primum,
1179 2026 1307 2080 tum
1337 2042 1443 2097 per
1474 2022 1769 2081 somnium
1802 2022 2091 2080 divinitus
2126 2022 2455 2081 immissum
2488 2022 2713 2081 diserta

378 2106 784 2165 consolatione
817 2111 1177 2182 recreatum;
1224 2110 1294 2164 ut
1327 2107 1398 2165 de
1431 2107 1522 2166 his
1566 2107 1745 2165 rebus
1791 2106 2015 2164 faceret
2059 2125 2193 2165 cum
2238 2126 2373 2164 eum
2420 2118 2711 2182 exponen-

377 2196 498 2248 tem
542 2194 601 2248 et
644 2192 705 2248 in
753 2191 1092 2267 principum
1136 2192 1384 2250 consilio
1428 2196 1492 2250 et
1537 2192 1598 2249 in
1644 2191 1938 2263 contione,
1987 2195 2116 2249 tum
2148 2195 2393 2264 ceteroS,
2438 2192 2541 2267 qui
2587 2210 2711 2249 sur-

376 2277 607 2352 gerent,
654 2279 918 2334 oratores
949 2277 1012 2334 in
1043 2280 1355 2351 utramque
1399 2279 1629 2351 partem
1675 2276 2067 2350 disputantes,
2118 2282 2186 2333 ut
2230 2281 2422 2334 metus
2467 2279 2714 2350 propter

378 2361 693 2419 fortissimi
724 2361 916 2420 herois
948 2360 1259 2419 dissidium
1290 2363 1501 2420 merito
1532 2363 1850 2436 conceptus
1883 2379 1986 2436 spe
2018 2359 2177 2418 Iovis
2210 2361 2441 2419 somnio
2473 2364 2715 2420 ostensa

379 2445 744 2517 disiceretur,
819 2449 879 2504 et
933 2465 1083 2521 quae
1138 2448 1463 2522 excogitari
1506 2450 1762 2521 possunt
1805 2449 2069 2504 sescenta
2112 2445 2247 2503 alia.
2339 2443 2524 2513 Quale
2571 2464 2711 2504 vero

373 2529 470 2589 hic
516 2529 802 2590 habemus
847 2530 1181 2605 vinculum,
1241 2535 1516 2590 constans
1561 2531 1711 2589 illud
1757 2531 2026 2590 versibus
2069 2530 2425 2606 quibusdam
2471 2530 2711 2590 aliunde

376 2615 769 2690 depromptiS,
829 2615 890 2673 id
947 2634 1115 2688 vero,
1175 2617 1224 2675 si
1283 2620 1469 2674 artem
1516 2617 1807 2691 poeticam
1853 2619 2111 2691 spectas,
2174 2622 2280 2674 aut
2322 2616 2556 2674 nullum
2601 2620 2709 2688 est,

375 2704 480 2757 aut
522 2700 1035 2759 consarcinatoris.
1127 2700 1273 2759 Eius
1330 2702 1488 2758 enim
1533 2719 1655 2759 non
1701 2700 1795 2758 hic
1839 2703 2091 2772 tantum,
2141 2700 2244 2759 sed
2288 2700 2431 2758 alibi
2476 2718 2713 2775 quoque

374 2803 586 2843 manus
631 2803 699 2843 eo
745 2789 835 2844 est
879 2785 1216 2860 conspicua,
1260 2785 1418 2860 quod
1451 2789 1752 2844 caementa
1797 2804 1904 2844 sua
1934 2786 2066 2842 aliis
2103 2804 2173 2842 ex
2203 2785 2349 2844 locis
2382 2785 2712 2844 subducere

375 2870 543 2932 solet.
630 2868 725 2927 Ita
767 2870 864 2928 hic
906 2889 962 2927 v.
997 2871 1033 2927 3
1078 2873 1139 2928 et
1182 2871 1218 2926 4
1265 2864 1346 2939 ὥς
1380 2903 1459 2910 -
1485 2865 1742 2945 Ἀχαιῶν
1786 2890 1856 2928 ex
1901 2869 1960 2927 A
2005 2870 2127 2927 558
2161 2889 2250 2945 sq.
2300 2873 2538 2943 sumpta
2582 2889 2712 2928 esse

375 2954 500 3029 ipse
559 2953 1062 3029 Naegelsbachius
1118 2954 1428 3014 adnotavit
1488 2953 1575 3030 [p.
1629 2952 1804 3030 143]‚
1866 2954 2024 3011 unde
2083 2954 2256 3011 illum
2302 2954 2710 3013 coniunctivos

375 3057 612 3113 quoque
657 3035 905 3118 τιμήσῃ,
952 3031 1122 3118 ὀλέσῃ
1167 3040 1560 3109 transtulisse,
1608 3039 1797 3097 multo
1844 3043 1933 3097 est
1977 3037 2337 3110 credibilius,
2383 3058 2560 3114 quam
2605 3043 2714 3096 aut

375 3123 620 3181 mutatis
665 3122 859 3183 modis
904 3116 1210 3201 (τιμήσει’,
1256 3117 1452 3204 ὀλέσῃ)
1499 3142 1745 3182 acumen
1790 3124 1862 3181 ab
1907 3141 1979 3180 eo
2024 3124 2380 3198 quaesitum,
2429 3129 2533 3182 aut
2575 3142 2710 3181 cum

375 3207 647 3266 Bekkero
694 3208 869 3265 etiam
928 3201 1124 3265 ὀλέσαι
1169 3209 1547 3267 scribendum
1595 3227 1742 3266 esse.
1830 3207 2078 3266 Initium
2124 3212 2323 3267 autem
2369 3229 2424 3268 v.
2472 3210 2509 3266 3
2557 3227 2626 3266 ex
2671 3228 2711 3264 υ

384 3293 459 3350 10
489 3287 669 3349 πολλὰ
719 3287 784 3348 δὲ
826 3290 1135 3370 μερμήριζε
1179 3289 1328 3350 κατὰ
1374 3289 1588 3370 φρένα,
1634 3295 1702 3350 ut
1729 3293 1876 3351 alios
1907 3292 2066 3351 locos
2097 3296 2340 3365 taceam,
2390 3293 2707 3368 subripuit.

375 3376 457 3434 Et
511 3377 776 3436 eiusdem
831 3377 952 3436 fere
1009 3378 1234 3436 farinae
1293 3398 1350 3436 v.
1400 3378 1732 3437 239—242
1780 3396 1936 3448 esse,
1998 3378 2218 3453 quippe
2262 3398 2317 3436 v.
2369 3378 2493 3437 240
2536 3397 2607 3435 ex
2649 3376 2711 3435 A

377 3463 517 3523 356.
550 3462 692 3535 507,
726 3481 779 3519 v.
814 3463 934 3518 242
968 3482 1037 3520 ex
1069 3460 1128 3518 A
1160 3463 1280 3520 232
1333 3464 1651 3538 repetitum
1698 3462 1819 3519 iam
1850 3461 2266 3528 Lachmannus
2313 3467 2375 3520 et
2404 3462 2709 3536 Hauptius

374 3548 757 3605 notaverunt.
863 3546 1147 3605 Defendit
1202 3547 1439 3622 quidem
1497 3545 1996 3623 Naegelsbachius
2048 3566 2108 3621 p.
2163 3548 2279 3606 169
2327 3566 2413 3622 sq.
2462 3548 2577 3623 ita,
2639 3549 2711 3603 ut

375 3630 721 3690 calliditatis
778 3650 1031 3707 magnae
1075 3632 1185 3691 hoc
1228 3651 1355 3691 esse
1400 3635 1665 3703 moneat,
1724 3632 1884 3705 quod
1932 3630 2234 3690 Thersites
2279 3631 2533 3691 Achillis
2577 3650 2708 3706 par-

374 3716 536 3775 tibus
595 3716 886 3791 susceptis
944 3717 1135 3775 malae
1191 3735 1395 3776 causae
1438 3716 1672 3773 firmum
1719 3715 1975 3774 subiciat
2018 3714 2492 3774 fundamentum.
2580 3715 2710 3774 Hoc

373 3801 566 3874 ipsum
614 3820 753 3860 vero
800 3806 1022 3876 quanto
1069 3801 1296 3860 firmius
1344 3802 1584 3872 fuisset,
1644 3802 1692 3859 si
1739 3800 2024 3859 orationis
2070 3801 2243 3857 initio
2289 3803 2710 3859 convenienter

372 3889 692 3960 utrumque
736 3886 1204 3962 Agamemnonis
1250 3887 1312 3943 in
1359 3885 1745 3961 Chryseidem
1795 3888 1857 3943 et
1897 3884 2224 3943 Briseidem
2272 3885 2503 3944 facinus
2547 3903 2707 3942 exer-

374 3970 519 4028 citui
578 3971 755 4029 fatale
808 3971 1081 4046 pluribus
1138 3970 1388 4045 aliisque
1445 3970 1641 4029 verbis
1700 3971 2062 4041 enarrasset,
2129 3988 2307 4043 quam
2372 3989 2523 4045 quae
2587 3970 2705 4026 iam

374 4054 738 4115 audivimus!
830 4054 1002 4124 Quod
1048 4059 1245 4113 autem
1292 4055 1502 4113 deinde
1548 4055 1697 4113 dicit
1740 4054 2008 4112 consulto
2052 4059 2287 4128 poetam
2334 4057 2524 4112 minas
2567 4073 2702 4130 gra·

375 4139 612 4197 vissime
657 4139 730 4196 ab
775 4139 1011 4200 Achille
1054 4140 1468 4216 pronuntiatas
1511 4157 1670 4198 nunc
1704 4138 2014 4198 Thersitae
2061 4138 2308 4212 dedisse,
2354 4158 2472 4215 quo
2516 4139 2706 4214 magis

374 4226 976 4298 personacontraria
1032 4225 1217 4284 risum
1278 4228 1572 4294 moveret,
1628 4224 1689 4282 id
1746 4224 1889 4282 satis
1944 4223 2312 4282 reconditum
2372 4243 2577 4284 vereor
2629 4242 2706 4281 ne

375 4327 620 4383 prorsus
666 4308 984 4368 abhorreat
1028 4310 1101 4367 ab
1147 4310 1255 4368 hoc
1299 4315 1490 4385 poeta,
1537 4309 1640 4384 qui
1688 4327 2071 4383 quaecunque
2118 4307 2271 4367 libro
2316 4309 2508 4384 primo
2540 4327 2705 4384 prae-

374 4397 538 4451 terea
581 4393 879 4470 leguntur,
927 4398 1269 4454 constanter
1312 4399 1415 4454 aut
1458 4394 1761 4472 ignoravit
1789 4397 1894 4451 aut
1922 4394 2205 4469 neglexit.
2283 4391 2540 4452 Omnino
2572 4413 2705 4452 cum
