3132 5129
1259 419 1550 482 -417
1645 456 1722 465 -—

312 577 474 634 renti
519 595 624 652 per
667 594 731 635 se
776 576 1085 651 appareat,
1132 576 1291 634 haud
1334 576 1439 635 abs
1484 597 1547 635 re
1594 580 1792 635 tamen
1836 578 2169 652 putaverim
2214 597 2452 654 pugnae
2484 597 2656 636 suum

319 662 380 719 in
426 662 690 719 ordinem
734 658 1110 738 restitutae¹)
1157 665 1574 736 argumentum
1621 662 1884 720 breviter
1929 682 2222 720 enarrare.

490 745 760 804 Navibus
806 748 1106 821 utrimque
1150 747 1373 820 paratis
1421 748 1905 823 orationibusque
1952 767 1987 805 a
2029 747 2281 805 Deriade
2326 750 2387 806 et
2430 747 2659 806 Baccho

318 829 539 888 habitis
567 831 851 905 „classica
879 830 1092 905 pulsa“
1126 831 1266 889 dum
1297 832 1596 906 utrimque
1627 852 1865 907 pugnae
1898 832 2136 907 signum
2170 832 2315 890 dant
2346 828 2430 909 (v.
2455 834 2653 891 123—

324 911 496 993 130),
547 934 615 973 ex
660 915 774 973 diis
817 915 1064 974 marinis
1110 915 1336 974 Baccho
1383 917 1588 975 amicis
1636 915 1740 995 (cf.
1775 936 1826 974 v.
1853 912 2173 995 954110)
2203 916 2436 975 Nereus
2482 937 2658 976 cavae

319 1001 599 1057 buccinae
647 1000 923 1076 inspirat,
973 1000 1177 1059 Thetis
1209 1001 1493 1059 fluctuum
1536 1003 1798 1076 strepitu
1827 1001 2122 1060 Bacchum
2168 997 2476 1076 salutat2),
2527 1003 2658 1060 Eris

320 1084 598 1144 Deriadis
615 1080 686 1163 ³),
722 1085 988 1144 Victoria
1017 1085 1230 1143 Bacchi
1278 1086 1523 1145 classem
1569 1087 1630 1144 in
1674 1086 1964 1161 proelium
1996 1086 2160 1145 ducit
2191 1083 2274 1165 (v.
2302 1087 2656 1146 387—390.

490 1254 614 1312 Iam
640 1257 1264 1315 consentaneum·erat
1285 1258 1674 1331 utrarumque
1706 1257 2009 1331 copiarum
2040 1257 2276 1314 aciem
2310 1257 2655 1315 memorari:

320 1339 685 1415 quadruplex
726 1358 797 1398 ea
842 1341 957 1398 fuit
998 1340 1075 1398 ad
1105 1343 1391 1415 quattuor
1423 1345 1740 1400 ventorum
1774 1343 2109 1417 principum
2140 1342 2347 1417 plagas
2379 1360 2659 1399 conversa

320 1425 408 1500 (v.
440 1425 821 1499 348—351).
896 1425 1055 1483 Dum
1084 1426 1263 1483 etiam
1307 1427 1822 1501 appropinquant,
1870 1426 2178 1484 Morrheus
2196 1422 2246 1499 ⁴)
2293 1429 2354 1484 et
2399 1426 2660 1501 ingentis

320 1511 586 1567 staturae
647 1504 751 1589 (cf.
798 1509 1066 1585 XXXIV,
1118 1511 1475 1586 180—183)
1535 1515 1595 1569 et
1647 1511 2053 1571 velocissimae
2110 1510 2400 1586 agilitatis
2457 1506 2659 1585 (ταχύ-

258 1607 268 1617 ·
318 1590 573 1672 γουνος)
606 1594 679 1652 ab
722 1594 841 1652 alia
880 1595 1020 1653 navi
1063 1595 1133 1653 ad
1175 1596 1352 1653 aliam
1398 1595 1646 1654 alternis
1691 1597 1943 1654 saltibus
1986 1595 2431 1672 transgrediens
2447 1591 2498 1672 ⁵)
2545 1614 2662 1652 ma-

319 1698 508 1755 gnum
551 1679 766 1739 Bacchi
812 1680 997 1753 copiis
1042 1681 1260 1738 incutit
1305 1684 1608 1755 terrorem,
1656 1681 1844 1740 donec
1888 1680 1988 1738 ille
2034 1680 2241 1754 thyrso
2287 1682 2660 1738 vulneratum

319 1764 584 1822 tumultu
643 1765 801 1823 exire
858 1770 1037 1840 atque
1098 1765 1337 1823 domum
1396 1766 1588 1823 redire
1658 1766 1819 1841 cogit
1878 1765 1960 1840 (v.
2008 1761 2393 1843 351—356).
2501 1764 2662 1823 Haec

321 1849 509 1924 igitur
565 1850 977 1908 communis
1035 1850 1307 1909 Martis
1360 1851 1527 1925 quasi
1585 1851 1873 1925 prolusio:
1940 1850 2081 1907 dum
2121 1848 2295 1908 ‘enim
2355 1849 2662 1909 Morrheus

321 1933 676 1992 Brachmani
723 1934 1024 1992 cuiusdam
1070 1935 1345 1993 manibus
1391 1938 1660 2008 curatur,
1708 1955 1926 2011 magna
1973 1936 2272 2010 utrimque
2305 1936 2365 1992 vi
2397 1934 2659 2010 confligi-

324 2022 455 2093 tur,
502 2022 571 2077 ut
615 2019 766 2077 haud
813 2020 987 2094 pauci
1032 2020 1331 2094 utrimque
1376 2021 1687 2078 confestim
1718 2020 2151 2079 interficiantur
2181 2015 2268 2098 (v.
2306 2019 2658 2080 357—360.

494 2189 749 2263 Tamen,
796 2207 931 2247 cum
976 2189 1285 2247 etiamtum
1329 2194 1399 2247 ut
1443 2191 1505 2248 in
1550 2192 1744 2266 primo
1790 2209 2112 2265 congressu
2156 2188 2394 2263 sagittis
2425 2191 2661 2246 tantum

323 2273 624 2348 hastisque
669 2274 958 2333 eminus
1005 2277 1344 2348 uterentur,
1410 2274 1712 2350 singulare
1759 2275 1820 2332 in
1865 2274 1972 2332 hac
2020 2274 2261 2349 quidem
2306 2291 2508 2348 pugna
2552 2272 2662 2330 hoc

326 2358 574 2432 accidit,
622 2359 780 2434 quod
826 2378 1044 2435 magna
1088 2359 1439 2417 emissorum
1486 2360 1741 2417 telorum
1785 2377 1921 2433 pars
1969 2378 2002 2417 a
2043 2375 2221 2432 scopo
2254 2357 2530 2415 aberrans
2563 2361 2666 2415 aut

325 2444 389 2500 in
436 2445 614 2502 variis
659 2444 901 2503 navium
947 2444 1219 2519 partibus
1265 2443 1454 2502 defixa
1499 2448 1618 2515 est,
1665 2445 1831 2502 cuius
1879 2444 1963 2501 rei
2010 2441 2344 2518 exemplum
2377 2441 2663 2516 Phlogius

324 2527 508 2587 Indus
556 2529 912 2605 proponitur
958 2529 1223 2588 tabulata
1267 2529 1436 2588 navis
1479 2548 1588 2604 pro
1634 2529 1761 2604 ipso
1807 2528 2040 2587 Baccho
2084 2528 2302 2586 feriens
2345 2519 2430 2606 (v.
2455 2527 2660 2585 311—

325 2613 497 2687 323),
543 2618 649 2672 aut
692 2615 752 2673 in
801 2634 961 2673 mare
1006 2614 1247 2688 delapsa
1292 2614 1600 2672 beluarum
1647 2615 2008 2672 marinarum
2053 2611 2401 2688 corporibus
2435 2612 2662 2685 incidit,

326 2699 494 2757 cuius
537 2700 622 2757 rei
667 2701 857 2774 magis
905 2701 1086 2757 etiam
1130 2699 1393 2757 curiosae
1438 2699 1554 2757 duo
1603 2700 1932 2757 afferuntur
1976 2697 2264 2773 exempla,
2312 2694 2664 2771 Corymbasi

470 2869 519 2926 1)
561 2861 664 2932 [cf.
715 2863 958 2916 auctoris
1004 2864 1181 2916 verba
1223 2863 1280 2915 in
1326 2861 1461 2915 edit.
1502 2861 1690 2915 Nonni
1726 2861 1849 2919 Vol.
1886 2862 1910 2914 I
1948 2862 2119 2930 (Lips.
2162 2861 2313 2927 1857)
2348 2877 2402 2928 p.
2440 2860 2662 2915 CLVII:

323 2932 632 2998 „Ordinem
670 2933 802 2984 ante
840 2931 940 2985 hos
977 2931 1115 2984 duos
1152 2946 1328 2984 annos
1364 2946 1398 2982 a
1432 2948 1523 2983 me
1561 2932 1883 2984 revocatum
1931 2929 2135 2984 retinui
2177 2930 2282 2983 hoc
2329 2944 2438 2981 uuo
2475 2928 2665 2981 discri-

326 3001 509 3061 mine,
547 2999 699 3065 quod
736 3017 787 3053 v.
815 3004 1081 3053 391-407
1121 2994 1506 3067 (Εὐρυμέδων
1542 3034 1606 3041 -
1645 2995 1983 3062 Διονύσου),
2031 3014 2171 3065 quos
2215 2997 2347 3050 olim
2383 2997 2531 3051 inter
2567 3003 2666 3050 294

329 3098 385 3107 —-
433 3069 795 3137 Πολυφήμου
832 3068 892 3119 et
926 3073 1025 3120 372
1065 3066 1324 3133 εἰναλίης
1362 3097 1425 3105 -
1464 3083 1592 3120 meo
1629 3065 1876 3144 quodam
1911 3066 2032 3120 iure
2058 3065 2482 3128 collocaveram,
2519 3081 2666 3117 nunc

324 3135 881 3257 propterssessuenfi?
916 3133 1052 3253 'librEi3
1085 3133 1338 3212 initium,
1377 3151 1489 3202 quo
1527 3133 1783 3187 Demadis
1821 3148 2025 3187 nomen
2063 3134 2259 3211 aperte
2296 3131 2665 3252 deside{a1t)ur,

327 3201 2402 3347 sfffssvffiiittffssdsskoeh{effiefficffi‘sstampssssffisseffiffinvdssffia
2417 3216 2667 3335 :aas

2699 1435 2757 1481 17

328 3340 501 3393 etiam
538 3339 905 3392 daemonibus
942 3338 1172 3390 marinis
1207 3336 1519 3390 mirandam
1558 3339 1872 3403 (372-376.
1912 3342 2198 3391 228-256.
2236 3338 2529 3398 295-299)
2555 3348 2665 3385 non
2768 3352 2776 3358 ·

326 3409 483 3476 prius
520 3409 742 3462 tamen,
792 3422 961 3483 quam
999 3404 1233 3459 Cabirus
1266 3404 1482 3457 insidiis
1519 3422 1651 3458 usus
1727 3404 1917 3482 ropria
1951 3403 2179 3458 incensa
2212 3402 2345 3456 navi
2381 3401 2667 3454 flammam

331 3475 596 3529 fluctibus
632 3473 869 3537 addidit,
907 3490 1031 3525 cum
1059 3472 1260 3525 ceteris
1286 3471 1438 3524 Indis
1464 3473 1637 3526 etiam
1666 3422 1937 3526 Seriades
1961 3472 2021 3524 in
2045 3470 2430 3548 continentem
2458 3468 2670 3535 refugit

327 3546 675 3610 (391-407),
723 3541 821 3594 ubi
864 3541 1103 3594 tandem
1133 3539 1423 3593 Minervae
1470 3539 1743 3593 machinis
1790 3540 2197 3593 circumventus
2244 3540 2420 3590 iustas
2456 3551 2668 3604 poenas

328 3609 490 3663 dedit
525 3609 641 3676 (XL
679 3627 730 3663 v.
756 3616 775 3661 1
803 3609 1026 3677 sqq.).“]

464 3683 515 3744 2)
558 3677 675 3732 Hoc
712 3676 943 3743 quidem
979 3675 1051 3729 ad
1087 3674 1462 3728 imitationem
1499 3674 1729 3729 Homeri
1766 3681 1813 3729 Α
1838 3680 1904 3728 45
1921 3691 2000 3742 sq‚

735 3814 798 3822 -
835 3773 927 3833 ἐπὶ
968 3773 1028 3830 δ’
1068 3771 1433 3846 ἐγδούπησαν
1464 3769 1745 3847 Ἀθηναίη
1781 3794 1842 3830 τε
1879 3776 1977 3829 καὶ
1998 3765 2192 3842 'Hom

732 3847 976 3915 τιμῶσαι
1015 3845 1264 3912 βασιλῆα
1299 3843 1687 3913 πολυχρύσοιο
1724 3841 2031 3913 Μυκήνης.

463 3951 518 4016 3)
559 3948 640 4001 De
676 3947 842 4001 Eride
884 3946 953 4003 cf.
990 3946 1152 4003 Hom.
1181 3950 1231 3997 Δ
1254 3951 1370 3999 440.
1408 3950 1456 3998 Α
1481 3953 1511 4000 3
1537 3960 1661 4011 sqq.
1703 3951 1766 3999 73
1787 3960 1910 4013 sqq.

466 4022 520 4079 4)
558 4015 642 4067 De
679 4014 938 4069 Morrheo
977 4013 1103 4067 vide
1140 4013 1214 4067 sis
1258 4011 1712 4067 Reinholdum
1757 4011 2170 4066 Koehlerum
2207 4009 2264 4062 in
2299 4009 2446 4064 libro
2483 4010 2666 4064 bonae

330 4085 508 4205 graffiis
555 4083 907 4151 plenissime,
963 4082 1061 4149 qui
1106 4081 1429 4135 inscribitur
1483 4079 1711 4147 „Ueber
1756 4081 1847 4134 die
1895 4078 2230 4146 Dionysiaca
2274 4077 2373 4132 des
2419 4077 2665 4132 Nonnus.

603 4160 632 4203 5
670 4154 705 4180 “
805 4191 816 4206 .
916 4156 1060 4204 -55.

465 4157 666 4283 gligiig
713 4157 947 4297 ’qtliidfgin
1002 4217 1118 4271 sine
1174 4217 1345 4271 dubio
1400 4218 1471 4269 ob
1528 4214 1719 4269 oculos
1773 4215 1970 4268 habuit
2021 4214 2252 4268 Aiacem
2306 4212 2668 4267 Homericum

331 4290 698 4351 0676—688,
737 4285 1010 4356 1mprimis
1044 4285 1146 4340 illa
1169 4304 1221 4340 v,
1248 4287 1347 4339 676
1385 4286 1585 4354 „vmssv
1622 4278 1758 4350 ἴκρι’
1800 4277 1919 4354 ἐπᾳί
1960 4301 2052 4336 ato
2088 4277 2280 4349 μακροὶ
2319 4278 2664 4362 βιροὶσθων“

330 4358 391 4409 et
423 4356 565 4408 haec
601 4373 654 4410 v.
679 4360 779 4408 683
798 4372 879 4431 sq.
918 4348 1048 4417 „gul
1086 4350 1708 4433 nolldofionimvss'nptoe
1753 4303 1954 4428 ⁹²15*
1984 4352 2402 4429 φοίραμακρᾳ
2447 4347 2667 4419 βιβάς.“

332 4422 476 4476 Hinc
502 4423 654 4476 certo
692 4423 897 4475 certius
925 4437 970 4473 ν.
998 4427 1097 4475 354
1131 4425 1336 4487 negot,-
1373 4418 1784 4473 emendandum
1821 4419 1954 4471 fuit:
1992 4434 2102 4487 ipsi
2128 4415 2392 4485 Gigantei
2416 4416 2668 4485 praesul-

330 4491 468 4543 toris
504 4490 713 4557 gradus
737 4486 1022 4542 Bacchicis
1057 4489 1272 4544 horrori
1307 4489 1548 4542 fuerunt.

432 4584 676 4634 Kochly,
706 4583 953 4625 Schriften.
997 4584 1035 4624 1.
1700 4616 1707 4624 .
2201 4576 2265 4623 27
