3132 5129
1361 303 1818 367 -440-

421 484 753 525 sermonem
803 464 1081 538 19—-28,
1141 461 1289 520 nihil
1345 461 1611 537 profecto
1667 463 1728 520 in
1787 461 2083 535 breviore,
2144 460 2319 536 quale
2363 460 2616 519 Nonnus
2662 479 2762 518 ex·

421 551 616 625 hibet,
666 549 1096 624 discipulorum
1142 565 1427 623 responso
1474 546 1964 606 desiderabimus.

593 634 785 711 XVII,
824 636 938 691 1-
948 636 984 692 3
1030 633 1142 691 hoc
1186 631 1361 690 modo
1408 631 1659 691 Nonnus
1707 631 2035 690 illustravit
2081 650 2136 689 v.
2187 632 2223 687 3
2258 648 2392 705 sqq.

679 743 864 848 ,,υἷα
873 749 1055 809 πάλιν
1097 746 1344 809 κύδαινε
1388 743 1557 825 τεόν,
1603 746 1823 824 πάτερ,
1870 743 1953 818 ὥς
1997 742 2178 825 πόρες
2222 742 2395 827 αὐτῳ

680 826 904 909 σαρκός
947 828 1086 911 όλης
1131 830 1374 934 βροτέης
1418 828 1801 912 πρυμνήσιον
1815 823 2210 927 qvivtoxsaeiew·

678 919 963 998 βούλομαι
1008 920 1097 979 εἰν
1140 916 1230 979 ἑνὶ
1273 912 1533 995 πάντας,
1578 915 1756 989 οσους
1785 908 1977 996 (οσοις
2012 918 2222 977 vitiose
2254 917 2533 1017 Passov.)
2577 912 2764 995 πάρος

1949 998 2200 1072 ωπασας
2243 994 2463 1078 αυτός,

679 1083 841 1167 ζωὴν
888 1088 1218 1165 θεσπεσίην
1261 1086 1514 1148 αἰώνιον
1555 1083 1986 1164 άμφιπολευειν
2010 1129 2028 1161 ,

676 1173 838 1253 ὄφρα
885 1190 948 1232 σε
994 1167 1327 1252 γινώσκωσι
1370 1164 1522 1233 θεὸν
1563 1171 1754 1249 μόνον
1799 1168 2004 1230 ἐλπίδα
2048 1168 2274 1248 κόσμου

679 1282 778 1320 και
823 1257 992 1335 τεόν,
1037 1255 1111 1317 ὃν
1153 1255 1446 1337 προέηκας
1492 1254 1589 1317 ἐπὶ
1637 1256 1868 1335 χθόνα,
1915 1251 2173 1335 Χριστὸν
2212 1251 2513 1333 Ἰησοῦν.“

424 1383 601 1441 Patet
643 1400 777 1442 eum
821 1380 978 1443 hunc
1022 1378 1318 1455 evangelii
1373 1380 1604 1437 textum
1649 1377 1845 1437 tribus
1892 1376 2317 1436 additamentis
2361 1376 2614 1436 liberum
2662 1377 2764 1436 hs-

428 1469 659 1526 buisse:
714 1461 953 1538 Πάτερ,
1012 1457 1269 1533 δόξασόν
1313 1478 1422 1519 σου
1468 1458 1572 1520 τὸν
1615 1455 1781 1537 υἱόν,
1838 1457 2048 1530 καθώς
2108 1456 2334 1530 ἔδωκας
2389 1455 2555 1542 αὐτῷ
2609 1458 2770 1535 ἕξου-

432 1550 570 1608 σίαν
612 1543 806 1625 πάσης
849 1545 1102 1625 σαρκός,
1159 1569 1260 1606 ινα
1304 1554 1458 1623 πᾶν,
1510 1542 1548 1606 ὃ
1591 1543 1854 1617 δέδωκας
1883 1540 2073 1646 αυτῷ,
2120 1541 2248 1626 ἔχῃ
2302 1539 2464 1646 (cum
2508 1548 2635 1609 cod.
2685 1547 2769 1648 D)

432 1633 588 1711 ζωὴν
630 1632 913 1708 αἰώνιον,
959 1630 1062 1692 ινα
1106 1626 1479 1709 γινωσκωσιν
1530 1626 1596 1689 σὲ
1639 1621 1744 1690 τόν
1783 1624 1967 1707 μόνον
2007 1604 2307 1706 ἀληθινὸν
2349 1624 2506 1690 θεὸν
2548 1628 2648 1690 καὶ
2692 1626 2772 1692 ὃν

431 1715 773 1788 ἀπέστειλας
823 1710 1060 1793 Ἰησοῦν
1116 1715 1393 1819 Χριστόν.
1478 1717 1725 1775 Erraret
1777 1737 1949 1794 vero,
2010 1717 2113 1794 qui
2170 1719 2273 1775 aut
2326 1734 2398 1774 ex
2455 1719 2770 1818 evangelio

432 1807 494 1864 in
552 1805 834 1863 Nonnum
890 1823 944 1862 v.
1008 1804 1045 1861 5
1104 1795 1264 1885 αὐτῷ
1318 1804 1421 1860 aut
1482 1821 1553 1861 ex
1610 1803 1826 1862 Nonno
1885 1802 1948 1861 in
2007 1801 2381 1878 evangelium
2438 1795 2621 1871 αὐτός
2677 1806 2768 1863 in-

438 1891 592 1949 ferre
638 1889 841 1949 vellet.

604 1973 792 2033 Ibid.
847 1975 917 2030 11
954 1991 1045 2048 sq.
1091 1973 1234 2031 haec
1264 1974 1497 2030 tantum
1527 1972 1769 2031 habuit:
1815 1968 2001 2074 πάτερ
2044 1992 2197 2049 αγιε,
2244 1970 2506 2050 τήρησον
2548 1964 2773 2043 αυτοὺς

436 2053 509 2116 ἐκ
554 2065 682 2116 τοῦ
723 2064 1091 2159 πονηροῦ,
1147 2053 1250 2113 ἴνα
1294 2046 1446 2113 ὦσιν
1493 2055 1568 2114 ’ἓν
1610 2044 1819 2126 καθως
1865 2049 2054 2133 ἡμεῖς.
2126 2051 2222 2116 ’ὅτε
2263 2055 2426 2136 ἤμην
2476 2051 2604 2135 μετ’
2663 2080 2774 2117 αυ-

435 2142 590 2219 ταῖν,
638 2138 749 2220 ἐγώ
795 2132 1016 2211 αὐτοὺς
1063 2133 1357 2218 ἐφύλαξα,
1415 2138 1517 2198 καὶ
1574 2133 1773 2211 οὐδεὶς
1831 2137 1890 2213 ἐξ
1943 2135 2144 2200 αὐτῶν
2196 2136 2479 2203 ἀπώλετο.
2555 2142 2773 2219 Verba,

441 2230 504 2288 in
550 2228 766 2304 quibus
811 2247 918 2304 per
960 2246 1024 2286 se
1068 2227 1349 2302 spectatis
1395 2226 1545 2284 nihil
1576 2226 1748 2286 video
1792 2227 1951 2302 quod
1997 2226 2393 2305 desideretur,
2442 2229 2767 2303 interpola·

445 2316 640 2372 torum
687 2333 897 2373 manus
941 2314 1187 2387 experta
1231 2330 1357 2370 esse
1402 2312 1529 2387 ipse
1584 2311 1826 2370 testium
1875 2311 2173 2372 dissensus
2231 2315 2452 2389 prodit.
2545 2315 2776 2373 Nonni-

444 2417 645 2458 corum
693 2417 970 2458 versuum
1015 2398 1240 2472 priores
1289 2393 1399 2475 [33
1431 2392 1601 2472 sqq.]
1652 2396 1957 2455 emendate
2002 2397 2308 2458 adscribe.

841 2531 923 2541 —
1096 2530 1179 2540 -—
1352 2530 1431 2538 —
1609 2529 1683 2538 —
1801 2486 1949 2555 ἄλλα
1990 2498 2266 2577 μαθητὰς

691 2579 1011 2660 ἡμετέρους
1056 2579 1133 2641 σὺ
1191 2576 1461 2657 φύλαξον
1504 2576 1849 2659 ὁμόφρονας
1894 2579 2143 2643 ἔκτοθεν
2183 2582 2228 2643 ὅ
2240 2605 2399 2662 της,

695 2667 974 2772 δαίμονος
1028 2661 1375 2726 ἆντιπάλοιο
1421 2667 1936 2765 προασπιστῆρας
1983 2666 2309 2746 ἱμάσθλης,

692 2749 838 2831 ἆγνὲ
882 2748 1097 2829 πάτερ,
1144 2747 1220 2809 σύ
1268 2745 1541 2826 φύλαξον
1585 2746 1925 2831 ὁμόφρονας
1968 2749 2219 2814 ἔκτοθεν
2260 2751 2443 2832 όῖτης

442 2869 655 2952 (vulgo
700 2873 792 2931 bis
837 2865 1068 2947 αὐτῆς
1126 2868 1199 2927 ab
1257 2869 1598 2930 Hermanno
1645 2867 1908 2950 [Annall.
1965 2875 2153 2950 antiq.
2201 2870 2485 2950 I(1834)
2529 2895 2584 2949 p.
2621 2874 2775 2951 999]

442 2958 821 3017 emendatum
866 2959 928 3015 et
971 2967 1344 3028 προασπιστη
1364 2973 1484 3030 ρος
1541 2954 1817 3036 legitur),
1872 2960 1943 3015 ut
1985 2977 2101 3032 quo
2147 2960 2275 3018 iure
2321 2954 2385 3016 ἐκ
2431 2958 2535 3016 τοῦ
2592 2979 2778 3032 πονη-

443 3043 549 3119 ροῦ
590 3041 862 3101 Nonnico
907 3039 1216 3115 evangelio
1273 3039 1700 3099 vindicaverim
1743 3042 2086 3117 intellegas:
2131 3045 2246 3102 iam
2292 3046 2450 3102 enim
2508 3045 2781 3103 conferas

443 3127 600 3186 infra
636 3127 711 3184 15
743 3126 1067 3185 Ioanneum
1097 3116 1227 3181 ἀλλ’
1278 3119 1380 3179 ἴνα
1420 3121 1676 3205 τηρήσῃς
1706 3119 1927 3196 αυτοὺς
1973 3122 2048 3183 ἐκ
2092 3127 2221 3186 τοῦ
2263 3136 2606 3205 πονηροῦ
2645 3148 2781 3188 cum

444 3211 644 3270 Nonni
690 3210 962 3270 versibus
1009 3209 1089 3267 54
1120 3228 1210 3284 sq.

694 3299 822 3369 ἇλλ
874 3331 976 3369 ινα
1020 3330 1127 3384 μιν
1169 3300 1558 3404 βλεφάροισιν
1600 3303 1972 3388 ἆκοιμήτοισι
2015 3309 2282 3394 φυλάξῃς

660 3393 978 3473 δαίμονος
1022 3386 1378 3472 αρχεκάκοιο
1419 3390 1839 3473 δυσαντήτων
1848 3389 1970 3455 άπὸ
2013 3396 2285 3474 δεσμῶν.

446 3516 625 3574 Recte
670 3516 828 3572 enim
878 3510 1131 3589 δεσμῶν
1190 3511 1515 3573 Nansius
1562 3515 1815 3575 coniecit
1872 3536 1978 3592 pro
2025 3518 2271 3593 vulgato
2313 3519 2609 3592 θεσμῶν.

619 3599 735 3658 Sed
780 3600 842 3657 in
890 3617 1068 3675 quem
1123 3599 1241 3656 iam
1287 3596 1518 3658 delatus
1577 3619 1708 3659 sum
1753 3601 1979 3677 locum,
2037 3602 2110 3660 de
2154 3621 2222 3661 eo
2268 3603 2526 3678 amplius
2584 3602 2779 3661 dicen-

352 3696 420 3744 20
451 3685 611 3743 dum.
688 3683 939 3742 Nonnus
983 3684 1141 3742 enim
1186 3700 1294 3740 nec
1348 3701 1583 3742 versum
1637 3688 1711 3744 16
1757 3685 1968 3745 habuit
2014 3718 2091 3727 -
2140 3681 2206 3743 ἐκ
2250 3693 2356 3745 τοῦ
2400 3684 2629 3762 κόσμου
2673 3678 2784 3744 οὐκ

452 3768 636 3843 εἰσίν,
681 3757 889 3839 καθώς
936 3762 1052 3844 ἐγω
1100 3758 1208 3824 οὐκ
1254 3763 1371 3841 εἰμὶ
1415 3762 1479 3825 ἐκ
1522 3775 1630 3827 τοῦ
1673 3762 1897 3847 κόσμου
1929 3803 2005 3812 -
2040 3771 2112 3829 ad
2161 3772 2406 3830 verbum
2451 3792 2523 3830 ex
2571 3773 2649 3829 14
2693 3791 2782 3830 re·

451 3856 736 3930 petitum,
791 3871 899 3911 nec
947 3855 1023 3912 18
1084 3885 1160 3893 ——
1219 3846 1430 3923 καθώς
1486 3848 1586 3930 ἐμὲ
1639 3848 1981 3925 ἀπέστειλας
2041 3854 2123 3926 εἰς
2183 3844 2287 3914 τὸν
2342 3854 2568 3932 κόσμον
2621 3850 2783 3933 κᾶγώ

449 3933 762 3998 ἀπέστειλα
806 3927 1026 4006 αὐτοὺς
1070 3933 1150 4006 εἰς
1195 3932 1302 3995 τὸν
1345 3934 1575 4014 κόσμον
1602 3972 1718 4015 --,
1764 3961 1882 4017 quo
1927 3942 2268 4016 importune
2299 3941 2784 4001 sanctificationis

452 4023 786 4083 doctrinam
830 4021 1182 4097 interrumpi
1214 4041 1494 4082 versuum
1537 4024 1656 4082 iam
1687 4027 1909 4101 optime
1941 4027 2387 4086 cohaerentium
2432 4029 2783 4101 conspectus

452 4108 657 4166 docet:
703 4101 1028 4202 ἁγίασον
1069 4096 1289 4177 αὐτους
1336 4103 1401 4165 ἐν
1443 4115 1516 4209 τῇ
1572 4103 1860 4190 ἀληθεία·
1919 4103 1950 4168 6
2009 4102 2179 4188 λόγος
2225 4102 2257 4168 6
2315 4107 2418 4180 σὸς
2459 4105 2785 4188 άληθειά

452 4188 642 4250 ἐστιν·
688 4212 787 4248 και
832 4182 983 4270 ὑπὲρ
1026 4187 1229 4251 αὐτων
1285 4182 1398 4269 ἐγώ
1442 4185 1714 4268 ἁγιάζω
1760 4169 2049 4273 ἐμαυτόν,
2109 4193 2211 4254 ἵνα
2257 4185 2408 4255 ὦσιν
2462 4193 2564 4255 καὶ
2616 4189 2787 4253 αὐτοὶ

451 4271 920 4354 ἡγιασμένοι
965 4273 1045 4336 ἐν
1085 4271 1425 4357 αληθεία.

624 4361 940 4422 1bid.25
973 4382 1061 4440 sq.
1107 4365 1343 4423 tantum
1387 4362 1598 4423 habuit
1641 4359 1751 4442 ἔγω
1800 4362 1863 4423 δέ
1908 4380 1973 4424 σε
2020 4361 2212 4443 ἔγνων
2253 4386 2354 4423 και
2400 4355 2564 4424 οὗτοι
2608 4360 2786 4442 ἔγνω-
