3132 5129
1320 414 1396 423 -·
1490 376 1617 440 349
1703 415 1786 425 —

379 524 744 610 ἆπειρέσιαι,
799 534 871 590 ut
926 552 986 591 v.
1032 533 1154 591 372
1213 519 1519 613 άπειρεσίῃ
1577 528 1673 589 ἐπὶ
1729 531 1906 613 γαίῃ,
1960 537 2024 592 et
2068 534 2127 608 Ι,
2188 534 2310 591 323
2365 527 2515 611 πρὸς
2560 525 2714 614 ᾐόνα

379 614 615 695 μακρήν
674 617 898 676 dictum
943 621 1064 691 est,
1120 620 1318 676 tamen
1362 617 1420 675 h.
1465 618 1506 678 l.
1554 621 1618 676 et
1660 618 2012 677 insolentior
2056 619 2307 694 epitheti
2351 619 2513 678 illius
2557 621 2715 695 posi·
2750 629 2843 679 711

379 707 545 777 tura,
591 706 655 761 et
697 704 848 777 quia
878 703 940 761 in
985 701 1096 761 hac
1140 702 1583 778 comparatione
1628 702 1959 761 efferendus
2005 709 2129 762 erat
2171 705 2379 779 fragor
2421 704 2715 762 undarum

374 788 652 847 litoribus
698 786 1022 862 allisarum,
1069 787 1443 846 scribendum
1476 790 1657 863 puto.
1705 777 2139 864 ἀπειρέσιον
2180 784 2419 866 βοόωσι.
2465 787 2553 849 Cf.
2577 788 2713 865 VII,

380 874 520 948 258,
567 873 669 931 ubi
713 872 1040 950 praecessit
1080 870 1230 947 βοῦς
1274 904 1357 914 -
1399 864 1745 948 ἀπειρέσιον
1786 876 2118 949 μεμακυῖαι·

780 1022 864 1032 -
905 1023 990 1034 -
1035 1024 1115 1033 —
1159 982 1312 1067 άμφὶ
1357 985 1425 1048 δὲ
1465 980 1709 1067 μακρά

780 1071 987 1152 οὔρεος
1029 1072 1323 1134 αἰπεινοῖο
1365 1070 1826 1155 περιβρομέουσι
1868 1076 2145 1135 κολῶναι.

374 1193 628 1270 Oppian.
678 1193 904 1271 Cyneg.
948 1194 1038 1268 II,
1092 1195 1210 1253 146
1270 1226 1353 1236 -
1402 1228 1475 1237 —-
1535 1190 1796 1271 πελώρια
1857 1186 1911 1250 δ’
1977 1192 2154 1271 ἴαχον
2209 1184 2402 1254 άκταί.
2495 1196 2718 1256 Contra

373 1284 530 1338 recte
578 1280 802 1338 dictum
848 1282 940 1339 est
981 1279 1061 1354 II,
1109 1280 1227 1338 351

685 1448 760 1457 -—-
809 1447 889 1456 —
935 1408 1090 1487 άμφὶ
1136 1409 1199 1472 δὲ
1243 1413 1465 1489 μακραὶ

674 1495 1031 1637 σμερὸαλέον
1072 1493 1287 1577 βοόωσι
1333 1496 1470 1557 κατ’
1518 1495 1700 1578 οὔρεα
1743 1494 1942 1560 πάντα
1987 1495 2308 1581 χαράδραι,

375 1639 437 1694 et
478 1635 588 1710 ΙΙΙ,
622 1631 808 1695 668
777 1670 857 1678 -—
887 1632 1373 1712 περιστενάχοντο
1417 1631 1484 1694 δὲ
1527 1634 1809 1713 μακραὶ
1847 1635 1857 1714 Ι
1895 1631 2148 1713 ἠιόνες
2191 1632 2453 1714 πόντοιο,
2498 1634 2715 1717 μέγας

374 1708 434 1777 δ’
495 1713 821 1797 ὀλοφύρετο
869 1718 1188 1798 Νηρεύς.
1281 1722 1547 1797 Utroque
1591 1724 1748 1782 enim
1791 1722 1921 1782 loco
1965 1724 2270 1783 commode
2313 1724 2576 1800 positum
2622 1733 2714 1783 est

379 1806 703 1881 epitheton,
749 1825 857 1866 nec
903 1808 1136 1865 sonitus
1181 1807 1346 1866 notio
1391 1826 1750 1884 magnopere
1794 1809 2138 1883 premenda.

547 1907 621 1970 V·
671 1910 864 2034 628-
912 2024 991 2034 -
1039 1987 1140 2050 καὶ
1187 1985 1418 2051 ὁππόσα
1462 1985 1690 2069 πρόσθ’
1738 1988 1999 2071 ἐμόγησα

776 2069 934 2154 άμφ’
981 2068 1154 2158 αὗτω
1196 2075 1295 2136 καὶ
1343 2073 1556 2136 παισὶν
1600 2072 1805 2138 άεικέα
1848 2076 2251 2158 τειρομένοισι.

376 2196 541 2267 Quae
597 2196 754 2256 facta
807 2198 1204 2273 respiciantur
1257 2218 1293 2255 a
1353 2196 1634 2274 Thetide,
1690 2197 1781 2275 II,
1841 2198 1963 2257 437
2008 2219 2140 2275 sqq.
2200 2200 2531 2275 expositum
2587 2205 2708 2258 est:

373 2283 633 2341 Bacchus
688 2284 750 2340 et
794 2282 1095 2342 Volcanus
1150 2282 1223 2341 ab
1280 2302 1351 2341 ea
1407 2244 1663 2358 recepti,
1723 2290 1785 2343 et
1828 2282 2098 2359 Iuppiter
2156 2284 2283 2360 ipse
2326 2285 2453 2343 eius
2497 2284 2634 2343 dolo
2680 2304 2715 2342 a

371 2371 703 2425 ceterorum
763 2367 1027 2427 Deorum
1081 2367 1315 2426 insidiis
1380 2366 1669 2427 liberatus
1730 2370 1830 2441 (cf.
1876 2368 2056 2427 Hom.
2104 2371 2164 2426 A
2205 2371 2326 2428 397
2359 2363 2540 2448 sqq.).
2628 2369 2713 2427 At

376 2472 509 2511 cum
554 2452 646 2512 his
691 2452 992 2512 beneficiis
1036 2452 1189 2511 nihil
1233 2453 1449 2511 laboris
1491 2456 1597 2510 aut
1640 2454 1931 2515 molestiae
1976 2454 2135 2529 insit,
2182 2474 2303 2513 non
2347 2458 2485 2530 apte
2530 2454 2603 2512 de
2649 2473 2712 2512 se

372 2537 612 2597 videtur
655 2538 855 2598 locuta
897 2557 1027 2598 esse
1072 2538 1197 2597 Dea
1241 2531 1523 2614 ἐμόγησα.
1613 2539 1850 2615 Itaque,
1911 2557 2043 2598 cum
2091 2539 2154 2599 in
2199 2540 2428 2599 Monac.
2477 2540 2714 2616 legatur

371 2616 679 2698 έμόησα,
727 2624 931 2699 quod
917 2643 1033 2682 iam
1066 2623 1287 2681 dudum
1319 2642 1687 2683 correxeram
1733 2621 2001 2698 ἐνόησα
2044 2625 2448 2701 reponendum
2481 2643 2712 2685 cense0.

373 2708 662 2766 Similiter
708 2709 843 2767 1.ο.
894 2708 1101 2767 Thetis
1147 2708 1222 2767 ob
1268 2728 1335 2767 ea
1379 2709 1508 2784 ipsa
1553 2710 1774 2768 dicitur
1819 2699 2003 2767 κλυτα
2048 2703 2443 2786 μητιόωσα.

541 2794 854 2852 Postremo
901 2814 958 2852 v.
996 2796 1120 2853 670
1162 2794 1319 2869 quod
1366 2794 1617 2870 legitur:
1678 2786 1790 2852 σύν
1839 2792 1903 2853 δέ
1944 2793 2011 2852 οἱ
2043 2789 2218 2855 ἄλλοι
2256 2792 2267 2874 Ι
2306 2788 2554 2855 εἰνάλιοι
2595 2788 2705 2870 μύ·

370 2897 543 2951 ροντο
598 2875 762 2948 θεοί,
824 2878 919 2936 hic
985 2897 1217 2953 quoque
1283 2879 1663 2938 scribendum
1729 2900 1970 2940 censeo:
2039 2870 2152 2938 σύν
2218 2878 2281 2939 δὲ
2336 2875 2462 2939 καὶ
2520 2875 2706 2939 ἄλλοι.

373 2962 584 3022 Solent
638 2964 825 3036 enim,
884 2962 1312 3023 adverbialiter
1366 2965 1561 3040 posita
1619 2968 2055 3059 praepositione
2110 2958 2262 3034 σύν,
2320 2987 2456 3026 cum
2509 2967 2710 3041 aliquo

370 3049 516 3107 alios
562 3049 718 3106 idem
764 3008 970 3107 f6cisse
1012 3048 1295 3108 indicare.

539 3133 675 3191 Non
731 3133 920 3192 multa.
976 3137 1147 3230 sunt,
1206 3153 1356 3209 quae
1411 3154 1570 3195 nunc
1626 3156 1657 3194 e
1709 3143 1917 3210 quarto
1973 3137 2127 3196 libro
2172 3137 2316 3195 mibi
2363 3140 2711 3196 succurrant

372 3217 689 3277 afferenda.
779 3218 860 3276 Et
902 3219 1181 3294 primum,
1229 3219 1387 3294 quod
1433 3221 1508 3279 de
1551 3222 1989 3297 pugilatoribus
2031 3223 2254 3298 legitur
2298 3243 2353 3282 v.
2388 3223 2511 3282 343
2533 3241 2625 3298 sq.

675 3324 1102 3432 αμφω·χεῖρας
1149 3348 1251 3424 έᾶς
1294 3347 1672 3431 πειρώμενοι,
1718 3354 1884 3460 εἴπερ
1929 3354 2093 3416 ἔασιν

674 3435 764 3507 ὥς
808 3433 965 3496 ποτ’
1016 3434 1378 3516 ἐυτρόχαλοι,
1422 3434 1572 3515 μηδ’
1623 3437 1685 3498 έκ
1731 3439 1991 3519 πολέμου
2034 3431 2390 3519 βαρύθοιεν,

371 3577 451 3635 ibi
511 3576 789 3651 displicet
843 3576 987 3635 mihi
1044 3578 1335 3652 particula
1389 3577 1698 3637 indefinita
1753 3576 1912 3639 ποτέ.
1999 3579 2068 3639 Ιιι
2116 3580 2246 3639 cod.
2295 3579 2443 3638 Ven.
2489 3579 2712 3655 legitur

372 3657 649 3732 ωσπερ,
710 3659 778 3729 Q.
827 3665 1023 3720 autem
1074 3653 1164 3730 ὠς
1209 3681 1387 3739 πριν
1431 3659 1617 3739 έυτρ.
1667 3665 1921 3740 scripsit,
1970 3669 2037 3722 ut
2080 3666 2148 3738 ia,
2195 3684 2372 3739 quem
2416 3664 2708 3723 imitando

368 3747 657 3821 expressit
713 3743 854 3821 (nisi
910 3751 1158 3822 uterque
1215 3747 1467 3806 eundem
1521 3748 1923 3823 antiquiorem
1979 3753 2217 3825 poetam
2275 3749 2459 3809 secuti
2516 3746 2705 3822 sunt),

369 3830 729 3906 Apollonius
771 3830 850 3905 Π,
895 3831 978 3889 45
1009 3850 1142 3907 sqq.

671 3983 757 3994 -—
799 3982 882 3990 —
927 3951 1078 4028 πῆλε
1124 3944 1192 4008 δὲ
1236 3951 1436 4027 χεῖρας

671 4028 990 4136 πειράζων,
1038 4026 1166 4093 εἴθ’
1213 4030 1307 4104 ὥς
1349 4030 1528 4109 πριν
1575 4030 1915 4115 ἐυτρόχαλοι
1960 4035 2300 4112 φορέονται,

670 4111 816 4196 μηδ’
859 4115 1086 4196 αμυδις
1129 4112 1372 4201 καμάτῳ
1417 4139 1475 4177 τε
1519 4118 1621 4180 και
1664 4121 1884 4204 εἰρεσίῃ
1926 4117 2276 4201 βαρύθοιεν.

479 4238 692 4384 4(¹³1¹7um
749 4260 816 4299 eo
871 4242 1028 4316 loco,
1089 4261 1208 4316 quo
1264 4240 1585 4317 sagittandi
1644 4243 1900 4317 pretium
1946 4245 2230 4320 proponit
2271 4244 2703 4320 Agamemnon,

375 4345 433 4384 v.
636 4345 768 4402 sqq.

675 4451 793 4502 τῶν
841 4436 896 4499 δ’
946 4440 1064 4523 ἄρα
1110 4440 1308 4521 τηλόσε
1353 4445 1553 4520 θῆκεν
1599 4444 1912 4524 ἐυμμελίης
1951 4441 2333 4526 Ἀγαμέμνων
