3132 5129
1358 320 1821 385 -310—

423 480 519 541 ἰθ.
566 481 792 557 legitur
835 481 898 538 in
942 479 1135 554 lunt„
1197 477 1363 554 Ald„
1408 477 1606 537 Palat.
1658 480 1719 552 1,
1777 476 1964 536 Paris.
2018 478 2083 551 1,
2128 469 2489 553 πέμπουσ’
2547 474 2638 535 te.
2695 475 2760 535 in

424 566 613 628 Palat.
650 568 707 623 2.
783 565 894 624 His
926 562 1279 640 comparatis
1309 567 1589 638 apparet,
1638 561 1975 637 Oppianum
2021 556 2334 635 πομπέες
2376 557 2465 619 ἰθ.
2510 560 2759 621 dedisse.

424 684 507 693 -
539 650 747 712 Obiter
781 668 1022 724 moneo,
1069 668 1127 708 v.
1161 648 1282 706 347
1316 647 1471 707 male
1514 667 1550 705 a
1576 648 1919 707 Sclmct'dero
1950 646 2213 706 omnium
2256 646 2549 705 librorum
2579 647 2759 720 scrip·

427 739 623 796 turam
667 729 866 814 ἀνέμῳ
910 728 979 791 δὲ
1033 736 1324 793 mutatam
1370 751 1526 807 esse,
1590 752 1769 807 quam
1822 732 2175 806 particulam
2233 732 2411 789 etiam
2466 731 2609 789 alibi
2665 724 2762 809 (ut

427 841 481 881 v.
514 823 614 882 76.
664 822 806 881 116.
858 821 997 879 118.
1046 820 1188 878 353.
1234 817 1323 892 ΙΙ,
1359 815 1507 892 266)
1539 818 1758 875 iniuria
1789 817 2047 892 expulit,
2094 817 2394 876 Brunch-io
2426 816 2759 875 obsecutae.

597 937 673 997 V.
722 938 865 1000 359.
958 968 1032 979 —
1081 923 1152 993 τὰ
1196 928 1257 992 δ’
1307 924 1522 993 ὄπισθε
1566 930 1963 1013 χαλινωτήρια
2008 941 2224 1008 νηῶν.

427 1057 594 1116 Haec
636 1056 850 1115 vitiata
891 1073 1051 1130 esse,
1100 1052 1295 1130 quivis
1341 1053 1524 1113 videt.
1598 1054 1754 1112 Nam
1809 1055 1871 1111 et
1926 1054 2308 1129 participium
2356 1054 2549 1130 deest,
2604 1055 2763 1130 quod

428 1142 723 1200 referatur
765 1140 840 1199 ad
886 1132 1308 1215 χαλινωτήρια,
1353 1156 1462 1197 nec
1505 1139 1648 1197 ferri
1694 1140 1898 1213 potest
1941 1138 2187 1214 pluralis
2233 1145 2463 1214 νηῶν,
2507 1157 2643 1198 cum
2689 1140 2764 1199 de

429 1246 547 1284 una
590 1245 773 1323 eaque
817 1225 1013 1323 prima
1054 1224 1194 1283 navi
1238 1241 1433 1282 sermo
1491 1224 1590 1282 sit.
1664 1222 1790 1282 Nec
1835 1223 2022 1298 probo
2068 1225 2303 1283 Pauwii
2346 1225 2759 1298 coniecturam,

429 1330 608 1387 quam
652 1311 716 1368 in
760 1311 957 1385 priore
1014 1309 1277 1368 editione
1331 1307 1716 1368 Schneiderus
1770 1309 2026 1383 recepit:
2088 1306 2319 1383 νωμῶν.
2366 1342 2449 1350 —
2493 1309 2648 1368 Nam
2703 1313 2765 1367 et

430 1396 625 1454 forma
666 1394 742 1454 ab
788 1395 955 1471 epico
1000 1396 1180 1470 poeta
1223 1392 1416 1451 aliena
1456 1393 1722 1468 videtur,
1769 1411 1875 1451 nec
1921 1397 2125 1468 aptum
2172 1397 2265 1453 est
2307 1393 2555 1453 verbum
2585 1412 2759 1469 prop-

429 1485 620 1555 terea,
678 1478 839 1555 quod
886 1498 1007 1538 non
1060 1479 1135 1537 de
1178 1468 1463 1553 reama,
1518 1476 1624 1537 sed
1681 1438 1752 1536 d’e
1809 1477 2162 1550 fabricanda
2215 1496 2367 1538 nave
2421 1478 2759 1553 exponitur.

432 1566 643 1641 Itaque
689 1564 869 1623 etiam
914 1564 1010 1622 hic
1054 1582 1238 1621 unum
1281 1562 1556 1638 pluresve
1590 1581 1796 1622 versus
1826 1562 2200 1623 intercidisse
2233 1563 2523 1638 arbitror,
2570 1570 2767 1634 νηῶν

432 1653 634 1708 autem
677 1649 777 1707 vix
825 1648 1031 1708 dubito
1076 1647 1220 1723 quin
1264 1647 1620 1706 mutandum
1677 1649 1758 1706 sit
1801 1648 1863 1705 in
1917 1637 2116 1723 νηός.
2190 1648 2449 1707 Pluralis
2507 1648 2764 1708 fortasse

337 1743 399 1792 15
429 1734 567 1794 inde
611 1737 809 1808 ortus,
858 1733 1016 1809 quod
1060 1733 1125 1791 in
1169 1732 1477 1809 sequentis
1531 1751 1737 1791 versus
1783 1732 2046 1792 clausula
2099 1733 2485 1809 participium
2529 1733 2765 1810 legeba-

431 1822 532 1878 tur
574 1819 638 1878 in
681 1837 851 1875 -ων
899 1818 1193 1877 desinens.

602 1901 673 1959 V.
722 1903 846 1962 394
875 1921 964 1978 sq.

719 2015 893 2078 ’Ἐστι
938 2010 995 2077 δ’
1043 2010 1399 2094 ἆμειλίκτοις
1445 2013 1535 2077 ἐνὶ
1581 2010 1856 2096 κήτεσιν,
1902 2014 2083 2079 ὅσσα
2127 2018 2230 2080 και
2272 2014 2467 2098 αλμης

741 2097 906 2176 ἐκτὸς
951 2100 1046 2164 ἐπὶ
1092 2111 1391 2185 τραφερῆς
1436 2101 1720 2181 φυσίζοον
1766 2101 1992 2182 ἔρχεται
2038 2095 2250 2176 ουδας.

435 2225 715 2300 Ineptum
760 2223 869 2283 hoc
916 2229 1037 2284 est:
1086 2228 1269 2301 „sunt
1308 2227 1506 2284 autem
1563 2225 1724 2284 inter
1767 2228 1924 2300 cete,
1982 2231 2116 2299 quot
2175 2226 2352 2284 etiam
2398 2228 2564 2285 extra
2609 2246 2767 2287 mare

434 2311 497 2368 in
554 2309 958 2369 continentem
1013 2309 1319 2369 veniantf‘
1399 2308 1705 2386 Oppianus
1772 2304 1967 2368 ασσα
2021 2311 2288 2388 scripsit,
2347 2330 2538 2387 neque
2595 2312 2768 2370 aliter

441 2386 799 2454 Theocritus
845 2393 1039 2471 XXV,
1090 2397 1168 2455 89
1202 2414 1288 2471 sq.
1337 2395 1410 2454 de
1454 2394 1682 2454 bubus,

740 2506 1044 2616 ἐρχόμεναι
1090 2508 1384 2610 φαίνονθ’
1436 2506 1576 2572 ὡσεὶ
1620 2508 1775 2589 νέφη
1818 2507 2144 2574 ὖὸατόεντα

739 2612 929 2655 ασσα
974 2590 1035 2657 τ’
1082 2596 1147 2658 έν
1192 2588 1427 2680 οὐρανῷ
1472 2590 1621 2657 εἶσιν
1666 2631 1750 2641 —

436 2717 590 2776 Nam
636 2716 719 2775 ibi
764 2736 1002 2793 quoque
1045 2719 1400 2794 importune
1436 2713 1587 2775 ὅσσα
1629 2718 1873 2794 legitur.

611 2800 682 2860 V.
728 2803 851 2859 412
885 2822 1016 2878 sqq.

744 2917 864 3001 Οἴη
906 2913 1017 2978 σὺν
1046 2919 1336 3025 φιλότητι
1381 2919 1691 2993 διακρίνας
1735 2916 2051 2995 ἕκέδασσας

745 3002 961 3083 αἰθέρα
1004 3000 1061 3063 τ’
1108 2998 1421 3083 αἰγλήεντα
1467 3004 1568 3065 καὶ
1612 3000 1760 3106 ἠέρα
1804 3005 1904 3067 καὶ
1946 2997 2129 3085 χυτὸν
2174 3001 2335 3086 ὕδωρ

744 3085 845 3147 καὶ
889 3087 1084 3167 χθόνα
1129 3085 1572 3169 παμμήτειραν,
1617 3082 1725 3149 ἀπ’
1772 3087 2044 3170 ἀλλήλων
2087 3090 2153 3153 δὲ
2200 3091 2434 3154 εκαστα.

439 3208 602 3267 Haec
645 3208 992 3284 imperfecta
1023 3230 1202 3306 esse,
1263 3211 1381 3272 iam
1437 3212 1626 3272 sensit
1675 3212 2088 3283 Schneidcrus,
2144 3215 2248 3291 qui
2305 3216 2446 3274 haec
2500 3216 2766 3275 notavit:

439 3284 596 3369 „6⁷⁶²
644 3285 917 3370 ἀλλήλων
959 3317 1042 3354 τα
1087 3290 1300 3355 εκαστα
1330 3297 1534 3356 malim
1579 3297 1642 3355 in
1685 3297 1840 3356 libro
1884 3298 2084 3374 aliquo
2115 3305 2441 3375 repertum.
2516 3300 2671 3359 Nam
2702 3296 2770 3359 δέ

439 3397 561 3437 ιιοιι
615 3381 895 3439 convenit
948 3384 1009 3439 et
1061 3400 1301 3442 sensum
1357 3381 1714 3457 pervertitf‘
1810 3382 2007 3441 Aliam
2064 3384 2221 3444 viam
2282 3385 2418 3445 iniit
2469 3386 2769 3455 LehrsiuS,

441 3463 626 3540 quil.
658 3485 707 3524 c.
752 3485 813 3540 p.
847 3467 966 3524 309
999 3470 1124 3525 not.
1171 3467 1548 3526 scribendum
1581 3467 1827 3526 conicit.
1872 3459 1981 3524 ἀπ’
2029 3456 2300 3544 ἀλλήλων
2345 3464 2425 3527 δέ
2466 3462 2520 3528 τ’
2571 3466 2773 3528 ἔνασ-

440 3562 526 3604 σα
542 3570 604 3626 ς,
648 3550 808 3627 quod
855 3569 995 3609 sane
1037 3551 1248 3626 habet,
1294 3571 1411 3627 quo
1453 3552 1920 3611 commendetur.
1999 3553 2115 3613 sed
2160 3555 2305 3613 mihi
2351 3556 2591 3632 quidem
2636 3575 2771 3632 pro-

441 3634 698 3695 habilius
744 3635 1012 3711 videtur,
1060 3655 1204 3695 sana
1247 3655 1377 3696 esse
1406 3636 1589 3696 verba
1621 3631 1683 3694 δὲ
1727 3632 1976 3714 ἕκαστα,
2023 3639 2125 3698 sed
2172 3645 2313 3714 post
2343 3659 2399 3699 v.
2433 3640 2554 3700 415
2588 3641 2770 3699 alium

444 3739 684 3781 versum
729 3720 1120 3781 intercidisse.

609 3805 681 3864 In
726 3805 931 3865 eadem
976 3805 1050 3866 ad
1093 3805 1297 3866 Iovem
1343 3807 1610 3866 oratione
1655 3828 1711 3867 v.
1758 3809 1880 3867 416
1927 3809 2245 3885 legendum
2290 3828 2532 3870 censeo:

845 3958 927 3968 —-
1014 3958 1098 3967 —
1182 3914 1552 4020 ἀναγκαίης
1580 3919 1637 3981 δ’
1687 3921 1985 4023 έπέρεισας

745 4001 1019 4088 αστεμφῆ
1061 4007 1399 4088 πάγκοινον
1442 3998 1561 4070 ὑπὸ
1607 4004 1802 4090 ζυγόν.

444 4129 703 4206 „Omnia
746 4130 855 4188 sub
902 4149 1210 4191 commune
1240 4131 1653 4191 necessitatis
1638 4150 1843 4206 iugum
1873 4130 2148 4225 Iuppiter
2177 4131 2530 4207 depressit.“
2604 4133 2772 4191 Com·

443 4215 758 4273 mandatur
787 4214 898 4274 hoc
927 4217 1104 4276 etiam
1134 4216 1649 4276 antecedentibus:
1695 4206 2112 4291 ὁμοφροσύνης
2155 4210 2276 4274 ὑπὸ
2320 4215 2540 4297 δεσμῷ.
2617 4217 2771 4276 Τιιιιι

444 4318 501 4359 v.
545 4300 669 4358 419
715 4300 867 4359 mire
912 4301 1134 4361 dictum
1176 4306 1295 4362 est.
1340 4296 1407 4359 έν
1449 4293 1726 4376 ἀλλήλοις
1770 4296 1849 4358 δὲ
1893 4295 2251 4375 φύονται,
2296 4302 2357 4362 id
2401 4302 2561 4379 quod
2590 4302 2772 4361 etiam

444 4383 828 4445 Schneiderus
883 4388 1098 4461 sensit,
1167 4388 1260 4446 cui
1315 4384 1708 4464 μίσγονται
1765 4386 1963 4462 aptius
2019 4387 2352 4446 videbatur.
2423 4387 2585 4447 Non
2615 4387 2775 4447 enim
