3132 5129
1326 371 1746 436 ..85-

368 529 482 584 tur
560 526 622 585 Is
668 527 826 586 enim
874 532 1187 603 postquam
1232 527 1522 586 iniurioso
1569 529 1712 586 deae
1757 530 2106 588 simulanter
2151 531 2406 588 iniustae
2452 533 2708 590 sermoni

368 611 633 671 modeste
693 613 781 670 ita
833 613 1174 687 respondit,
1233 617 1303 670 ut
1359 632 1421 671 se
1476 614 1604 672 eius
1652 617 1886 672 tantum
1935 615 2182 689 imperia
2224 619 2565 673 exsecutum
2611 616 2705 676 de-

366 700 661 755 monstret
709 688 863 775 (dn’
917 693 995 753 ἔτι
1042 693 1193 755 σέωι
1221 694 1523 774 μέμνημαι
1554 693 1878 772 ἐφετμέων,
1923 692 1997 767 ἃς
2031 694 2324 769 ἐπέτειλας
2357 699 2527 775 818),
2577 705 2706 759 ιιιιιι

364 780 465 838 illa
509 800 573 838 se
622 780 770 840 duce
816 800 878 840 se
923 783 1161 857 auspice
1196 782 1321 840 viro
1367 783 1480 841 sibi
1528 782 1917 842 dilectissimo
1948 801 2056 841 nec
2089 784 2336 842 Martem
2371 803 2479 843 nec
2522 786 2704 843 alium

364 867 708 941 quempiam
757 866 929 924 deum
976 867 1414 926 formidandum
1416 862 1602 963 (ἕμῶ
1631 862 2009 943 κεχαρισμένε
2042 870 2242 948 θυμῷ,
2283 871 2292 941 Ι
2330 867 2471 943 μήτε
2518 867 2596 926 σύ
2639 862 2700 947 y'
2742 872 2802 917 21

350 942 535 1026 Ἀρηα
582 945 648 1007 τό
692 971 753 1027 γε
802 948 1020 1008 δείδιθι
1049 944 1192 1026 μήτε
1237 945 1356 1008 τιν’
1403 942 1582 1009 αλλον
1620 952 1629 1026 Ι
1667 944 2030 1026 ἀθανάτων,
2077 951 2202 1028 τοίη
2249 973 2335 1010 τοι
2383 949 2534 1030 ε’γών
2578 950 2702 1011 ἐπι-

363 1030 660 1112 τάρροθός
692 1034 809 1111 εἰμι
840 1037 1041 1095 826—
1054 1034 1203 1112 828)
1248 1038 1603 1111 pronuntiat
1632 1037 1916 1112 iubetque
1963 1039 2080 1095 iam
2127 1038 2252 1096 eius
2298 1039 2382 1097 rei
2429 1057 2491 1098 se
2537 1058 2705 1113 prae-

361 1124 527 1179 sente
573 1122 905 1196 periculum
954 1121 1168 1180 facere.
1259 1122 1383 1180 Nec
1427 1141 1622 1181 mora.
1688 1123 1790 1180 ille
1837 1122 2075 1197 quidem
2122 1125 2287 1181 muta
2330 1123 2706 1182 oboedientia

360 1205 616 1264 eundem
675 1224 807 1264 cum
868 1225 973 1264 sua
1019 1210 1309 1282 „patrona
1351 1206 1626 1283 virgine“
1674 1226 1912 1266 currum
1958 1207 2330 1278 conscendit,
2389 1210 2519 1283 ipsa
2563 1228 2702 1268 vero

360 1309 591 1349 caecam
639 1290 916 1350 Plutonis
960 1292 1190 1367 galeam
1237 1292 1447 1349 induta
1489 1296 1551 1349 et
1595 1293 1836 1368 aurigae
1869 1291 2022 1350 vices
2068 1291 2230 1349 heroi
2279 1292 2386 1350 dea
2430 1296 2702 1366 praestat

358 1378 419 1431 et
475 1395 586 1433 sua
640 1394 819 1434 manu
876 1395 996 1434 non
1056 1376 1247 1434 solum
1294 1375 1387 1434 dei
1433 1376 1665 1435 hastam
1712 1376 1975 1435 declinat
2018 1376 2120 1435 sed
2166 1377 2348 1435 etiam
2392 1377 2701 1436 Diomedis

357 1460 638 1529 intendit,
689 1466 759 1518 ut
806 1462 1075 1536 graviter
1119 1461 1466 1519 vulneratus
1510 1461 1865 1519 immortalis
1911 1460 2172 1520 bellator
2215 1479 2249 1519 a
2293 1463 2536 1521 mortali
2568 1479 2699 1520 cum

355 1544 585 1620 ingenti
648 1546 891 1603 fremitu
948 1564 1146 1604 coram
1205 1545 1447 1604 victoris
1501 1545 1686 1605 oculis
1744 1546 1948 1603 divina
2003 1546 2125 1605 acie
2182 1545 2493 1605 instructis
2550 1542 2699 1623 (vid.

356 1629 694 1688 864—867
740 1630 973 1688 collatis
1026 1627 1382 1708 127--132)
1430 1631 1492 1689 in
1538 1631 1765 1689 caelum
1811 1629 2102 1707 aufugiat,
2147 1648 2267 1688 non
2313 1631 2595 1689 solacium
2642 1634 2704 1689 et

356 1714 648 1772 ultionem
708 1715 809 1773 sed
867 1715 1317 1791 castigationem
1376 1718 1440 1773 et
1480 1716 1782 1790 repulsam
1825 1715 2081 1789 querelis
2128 1715 2249 1774 suis
2294 1716 2449 1789 apud
2497 1716 2697 1774 Iovem

357 1799 733 1858 inventurus.
826 1799 952 1857 Iam
998 1800 1187 1875 igitur
1231 1799 1374 1858 deae
1420 1800 1677 1859 redeunt

770 1912 1072 1975 παύσασαι
1115 1914 1493 1995 βροτολοιγὸν
1526 1915 1716 1994 ’Ἀρην
1758 1911 2278 1992 ἀνδροκτασιάων·

773 1999 993 2076 Τρώων
1035 1996 1094 2058 δ’
1143 2000 1338 2077 οἰώθη
1383 1998 1484 2059 καὶ
1524 1997 1781 2077 Ἀχαιῶν
1825 1999 2082 2076 φύλοπις
2128 1999 2292 2076 αἰνή.
2702 2013 2750 2068 Ζ
2776 2022 2798 2067 1

357 2137 478 2195 Nec
524 2138 795 2213 profecto
840 2138 1127 2209 „verbum
1162 2139 1253 2197 vel
1302 2132 1559 2214 amplius
1593 2139 1816 2196 unum“
1850 2138 2187 2197 addendum
2231 2140 2359 2195 erat
2388 2138 2696 2197 Diomedis

356 2222 623 2294 aristiae,
687 2223 906 2298 quippe
963 2224 1063 2297 qui
1120 2242 1238 2282 non
1296 2225 1486 2300 magis
1530 2242 1712 2299 quam
1760 2221 2210 2299 Olympionicae
2256 2222 2418 2280 illius
2461 2224 2698 2298 genitor

358 2307 492 2365 toni
537 2309 748 2381 posset
790 2308 851 2365 in
900 2307 1087 2379 „caeli
1134 2310 1369 2367 caerula
1413 2309 1714 2384 templa“!

526 2391 737 2450 Brevis
806 2392 951 2450 haec
1008 2393 1284 2452 carminis
1342 2413 1377 2452 a
1432 2394 1605 2452 nobis
1659 2391 1925 2451 restituti
1978 2392 2273 2450 enarratio
2330 2410 2694 2466 quamquam

359 2477 505 2534 satis
553 2477 670 2534 iam
718 2495 781 2534 se
826 2476 959 2551 ipsa
1005 2477 1322 2536 defendere
1369 2479 1623 2550 videtur,
1668 2495 1856 2553 pauca
1885 2480 2082 2535 tamen
2115 2476 2186 2534 de
2219 2475 2364 2534 locis
2395 2477 2695 2535 versibus-

360 2580 474 2638 que
531 2561 737 2621 eiectis
794 2561 1023 2620 adicere
1081 2563 1293 2638 placet.
1381 2562 1452 2621 In
1507 2563 1600 2621 his
1660 2562 1947 2620 habemus
2005 2562 2262 2637 primum
2320 2579 2439 2619 non
2495 2560 2696 2620 minus

358 2646 615 2721 quinque
664 2645 1002 2722 fragmenta
1043 2651 1106 2706 et
1148 2650 1293 2708 satis
1338 2649 1517 2724 longa
1559 2665 1670 2706 nec
1715 2666 1821 2722 per
1867 2665 1930 2705 se
1973 2646 2176 2721 inepta
2219 2647 2423 2721 itaque
2453 2665 2487 2703 a
2517 2646 2695 2705 solito

356 2731 458 2789 illo
502 2731 988 2790 centonariorum
1033 2732 1235 2792 labore
1279 2733 1663 2805 alienissima,
1707 2752 1777 2790 ex
1825 2732 2039 2806 quibus
2086 2731 2202 2789 tria
2252 2734 2303 2786 A
2333 2731 2690 2790 457—538.

357 2816 412 2871 Ε
454 2816 811 2875 sss—589.
884 2818 1219 2876 608—698
1279 2818 1352 2875 ad
1408 2818 1465 2875 id
1525 2837 1716 2893 genus
1774 2817 2103 2892 pertinent,
2158 2815 2322 2891 quod
2367 2815 2432 2873 in
2476 2815 2691 2874 scholis

356 2902 502 2958 meis
551 2900 1097 2970 „trucidationum“
1137 2935 1205 2943 —-
1243 2903 1774 2977 Mordycschichten
1809 2933 1882 2942 -—
1920 2900 2161 2959 nomine
2192 2899 2480 2974 insignire
2512 2900 2691 2970 sole0,

357 2987 520 3044 cuius
566 2987 806 3060 generis
851 2987 1033 3044 etiam
1077 2987 1220 3045 alibi
1278 2987 1394 3045 alia
1439 2987 1829 3046 inveniuntur
1873 2986 2162 3060 exempla.
2258 2984 2414 3043 Sunt
2458 3003 2526 3042 ea
2569 2984 2692 3043 fere

352 3071 437 3128 ita
480 3073 849 3145 comparata,
909 3076 977 3129 ut
1020 3072 1200 3130 variis
1247 3071 1392 3131 locis
1437 3072 1594 3129 haud
1640 3090 1882 3147 prorsus
1928 3071 2129 3144 inepte
2176 3067 2407 3128 intrudi
2449 3073 2689 3142 queant,

354 3173 459 3214 nec
505 3153 767 3212 dubitari
814 3159 1029 3230 potest,
1077 3157 1221 3231 quin
1268 3157 1425 3214 bona
1469 3159 1812 3215 mutuarum
1843 3155 2054 3213 harum
2088 3154 2355 3214 caedium
2388 3171 2521 3228 pars
2552 3157 2691 3212 ante

356 3239 843 3298 Pisistrateorum
886 3258 1122 3314 operam
1168 3244 1396 3300 certum
1441 3241 1638 3299 locum
1683 3260 1802 3299 non
1847 3239 2153 3311 habuerit,
2205 3238 2306 3297 sed
2353 3237 2554 3312 prouti
2598 3257 2692 3298 res

356 3323 585 3381 serebat
639 3323 817 3382 modo
872 3324 1010 3383 huic
1064 3325 1239 3384 modo
1295 3325 1387 3384 illi
1444 3326 1693 3384 carmini
1737 3344 1772 3383 a
1814 3324 2123 3401 rhapsodis
2185 3324 2409 3382 inserta
2453 3324 2564 3395 sit,
2624 3328 2692 3381 ut

352 3408 473 3467 sere
518 3408 738 3485 vulgus
782 3410 1046 3469 cruentis
1090 3409 1381 3469 eiusmodi
1425 3410 1887 3469 narratiunculis
1922 3411 2174 3469 maxime
2205 3408 2486 3467 delectari
2518 3408 2688 3467 solet.

356 3492 512 3550 Hinc
556 3511 665 3552 nec
712 3493 947 3566 mirum,
994 3495 1152 3569 quod
1199 3513 1300 3553 eae
1342 3496 1715 3554 narrationes
1760 3495 1936 3570 pretii
1979 3513 2221 3568 prorsus
2265 3492 2485 3551 diversi
2530 3497 2686 3564 sunt,

358 3577 507 3636 aliae
552 3576 793 3653 quidem
839 3579 1023 3637 variis
1056 3579 1290 3638 vividae
1335 3579 1779 3656 imaginationis
1824 3579 2117 3637 coloribus
2163 3578 2493 3648 distinctae,
2541 3576 2691 3635 aliae

353 3680 495 3721 vero
552 3662 822 3721 versibus
888 3664 1321 3739 phrasibusque
1390 3663 1630 3722 aliunde
1689 3664 2056 3761 depromptis
2114 3664 2325 3721 misere
2389 3666 2689 3720 consutae.

354 3746 435 3804 Et
475 3747 539 3805 in
585 3750 793 3806 nostro
838 3749 1096 3807 carmine
1142 3767 1526 3824 quaecunque
1556 3748 1731 3807 huius
1759 3750 1995 3818 generis
2024 3747 2310 3824 leguntur
2340 3750 2401 3804 et
2429 3746 2503 3803 ad
2533 3746 2688 3820 prio·

355 3850 477 3890 rem
546 3832 795 3890 classem
861 3834 1164 3908 pertinent
1231 3836 1292 3891 et
1359 3834 1557 3908 primo
1626 3833 1830 3892 statim
1885 3832 2189 3908 adspectui
2246 3849 2375 3890 eam
2429 3829 2688 3888 indolem

352 3916 638 3996 offerunt,
688 3919 756 3975 ut
798 3917 1113 3994 adsumpto
1158 3919 1336 3976 simul
1383 3918 1745 3993 Sarpedonis
1791 3918 2210 3992 obiurgatione
2257 3917 2311 3972 E
2355 3915 2688 3974 471—496

352 4002 658 4060 commode
714 4021 842 4061 sese
899 4003 1170 4078 excipere
1225 4006 1405 4078 atque
1463 4005 1897 4079 congruentem
1942 4002 2090 4059 alius
2137 3999 2413 4059 carminis
2459 4004 2687 4074 partem

352 4086 584 4162 explere
632 4086 969 4146 videantur.
1058 4087 1212 4146 Nam
1258 4088 1307 4147 si
1353 4106 1471 4145 uno
1520 4091 1728 4146 tenore
1761 4090 1816 4143 A
1846 4086 2200 4144 457—538.
2247 4085 2304 4141 Ε
2332 4085 2688 4146 471-496.

354 4171 712 4230 528-589.
762 4173 1095 4231 608—698
1140 4172 1480 4248 perlegeris,
1504 4190 1651 4230 ,non
1696 4172 1890 4230 solum
1921 4172 2133 4229 miram
2162 4170 2429 4230 invenies
2462 4201 2538 4210 —
2573 4169 2691 4227 alia

354 4258 420 4311 ut
461 4260 688 4315 taceam
742 4288 812 4297 —
861 4256 1013 4315 hanc
1057 4257 1537 4327 similitudinem,
1585 4256 1742 4332 quod
1789 4255 1912 4314 fere
1957 4255 2176 4330 ubique
2222 4258 2283 4314 et
2328 4255 2688 4313 alternantes

351 4341 555 4400 caedes
601 4345 664 4399 et
708 4339 783 4398 de
829 4346 1202 4400 mortuorum
1249 4343 1427 4401 armis
1479 4340 1948 4416 corporibusque
1993 4341 2319 4398 certamina
2350 4340 2690 4398 describun-
2721 4346 2786 4394 22

354 4427 449 4482 tur
490 4425 577 4503 (A
619 4426 743 4485 463
776 4444 911 4501 sqq.
958 4427 1079 4485 489
1113 4446 1241 4503 sqq.
1287 4428 1408 4484 494
1442 4445 1575 4502 sqq.
1619 4427 1738 4485 506
1783 4443 1910 4501 sqq.
1957 4425 2077 4484 527
2111 4444 2241 4501 sqq.
2288 4425 2345 4481 E
2385 4424 2507 4481 534
2547 4423 2682 4482 coll.
