3132 5129
1721 1080 1762 1101 ρ

1352 1211 1729 1297 XXVIII.

410 1400 974 1473 Emendationnm
1010 1402 1086 1472 in
1122 1402 1471 1493 Euripidis
1507 1400 1929 1492 Iphigeniam
1965 1402 2314 1475 Tauricam
2349 1422 2510 1495 pars
2547 1402 2676 1502 Ψ).

542 1572 903 1634 Perventum
948 1572 1069 1631 iam
1112 1576 1206 1631 est
1250 1572 1325 1631 ad
1368 1572 1648 1633 ultimum
1695 1576 2114 1651 Stasimum,
2161 1575 2426 1635 omnium
2455 1576 2707 1651 pessime
2738 1590 2769 1635 3

371 1658 660 1719 habitum.
740 1656 911 1727 Quod
956 1658 1239 1733 quoniam
1283 1676 1404 1717 non
1448 1657 1642 1718 solum
1686 1659 1969 1736 gravibus
2014 1660 2312 1736 variisque
2357 1663 2708 1738 corruptelis

371 1744 473 1803 sed
520 1744 709 1803 etiam
752 1741 1318 1817 interpolationibus
1360 1746 1539 1818 atque
1585 1744 1812 1805 lacunis
1841 1743 2090 1821 laborat,
2134 1754 2457 1822 numquam
2489 1746 2577 1806 ita
2605 1766 2704 1823 po-

370 1830 515 1888 terit
563 1827 821 1904 restitui,
869 1830 937 1885 ut
977 1826 1145 1886 nulla
1188 1826 1504 1886 dubitandi
1548 1829 1920 1905 relinquatur
1964 1830 2231 1890 materia.
2300 1830 2461 1890 Bene
2505 1836 2704 1890 tamen

367 1916 571 1974 actum
616 1914 727 1988 est,
779 1910 941 1987 quod
987 1930 1058 1970 ea
1099 1912 1333 1985 menda,
1381 1912 1598 1988 quibus
1643 1914 1807 1989 ipsae
1851 1914 2282 1975 sententiae
2311 1916 2704 1975 obscuraban-

369 2001 498 2070 tur,
567 1998 689 2057 fere
733 1996 967 2056 sublata
1011 2000 1181 2073 sunt,
1240 1996 1327 2057 ita
1370 2000 1438 2057 ut
1479 1998 1552 2057 de
1597 2000 1936 2075 argumenti
1980 2018 2121 2059 sane
2163 2000 2579 2061 reconditioris
2623 2004 2707 2061 te·

368 2102 512 2144 nore
583 2082 782 2141 omnia
847 2081 1159 2157 perspicua
1211 2099 1337 2141 esse
1392 2080 1732 2142 videantur.
1820 2083 1912 2142 Ita
1967 2102 2077 2160 ego
2131 2102 2366 2160 quoque
2423 2086 2567 2145 satis
2613 2105 2705 2145 me

370 2168 579 2228 fecisse
624 2165 947 2225 arbitratus
992 2183 1153 2238 sum,
1214 2167 1264 2226 si
1308 2168 1372 2225 in
1415 2165 1680 2226 editione
1724 2168 2066 2228 commodae
2111 2168 2542 2243 discipulorum
2583 2170 2704 2229 lec-

365 2253 520 2312 tioni
572 2251 869 2311 destinata
924 2250 1161 2327 singula
1215 2251 1397 2310 verba
1452 2250 1538 2310 ita
1583 2252 2051 2328 constituissem,
2108 2256 2180 2311 ut
2223 2258 2284 2311 et
2327 2256 2529 2329 aptam
2574 2272 2702 2313 sen-

366 2338 615 2397 tentiam
670 2335 1045 2395 continerent
1086 2353 1195 2394 nec
1238 2354 1273 2393 a
1314 2334 1537 2395 tradita
1582 2336 1876 2412 scriptura
1918 2338 2077 2397 iusto
2120 2338 2299 2397 nimis
2343 2337 2701 2415 recederent,

367 2421 699 2483 accuratius
758 2423 957 2479 autem
1013 2420 1202 2497 ipsam
1265 2420 1480 2480 cantici
1523 2420 1790 2480 fabulam
1835 2440 1869 2479 a
1906 2420 2141 2481 nemine
2184 2424 2422 2498 praeter
2463 2422 2702 2497 Euripi-

366 2508 503 2567 dem
556 2506 839 2566 traditam
896 2505 1349 2566 enarravissem.
1440 2505 1531 2564 De
1585 2505 1708 2566 illis
1764 2525 1905 2567 vero
1963 2506 2215 2584 singulis
2270 2506 2524 2568 verbis
2585 2527 2703 2584 quo

367 2593 582 2653 melius
637 2592 963 2666 iudicetur,
1020 2592 1217 2650 totum
1272 2609 1536 2668 carmen,
1595 2590 1771 2667 quale
1826 2593 1891 2650 in
1933 2591 2104 2652 libris
2160 2592 2411 2669 legitur,
2470 2596 2704 2653 retenta

370 2679 546 2737 etiam
598 2695 876 2736 versuum
923 2675 1346 2735 distributione
1389 2677 1892 2751 praemittendum
1939 2676 2079 2736 duxi
2124 2679 2239 2749 ita,
2292 2680 2357 2736 ut
2399 2678 2705 2753 strophica

366 2767 431 2822 et
475 2760 926 2837 antistropbica,
971 2779 1222 2837 quorum
1265 2761 1558 2820 rationem
1605 2761 1777 2821 libris
1821 2761 2155 2840 ignoratam
2201 2763 2433 2838 primus
2463 2762 2702 2862 demon-

368 2849 584 2948 stravit
624 2845 1028 2924 TyrwbittuS,
1075 2866 1108 2906 e
1153 2847 1395 2923 regione
1440 2864 1876 2930 componerem.

543 3011 776 3086 Εὐ’παις
818 3007 849 3072 ὅ
877 3018 1120 3086 Λατοῦς
1151 3006 1359 3093 γόνος,
1405 3036 1483 3075 ον
1589 3024 1718 3074 1259
1759 3011 1944 3092 Θέμιν
1987 3008 2046 3072 δ’
2098 3010 2193 3073 ἐπὶ
2235 3020 2348 3092 γᾶς
2390 3003 2497 3074 {aiv
2527 3013 2700 3073 παῖδ’

768 3117 909 3158 ποτε
1990 3092 2333 3159 ἄπενᾶσατο
2348 3140 2367 3175 ,

370 3193 500 3244 1235
534 3182 743 3262 δηλίας
767 3179 815 3263 (-
796 3183 882 3242 -ία
904 3184 1194 3246 Brubach.
1198 3182 1227 3265 )
1256 3181 1323 3244 ἐν
1343 3205 1480 3264 καρ·

769 3265 1063 3345 ποφόροις

535 3343 777 3433 γυαλοις
822 3351 1199 3432 χρυσοκόμαν
1751 3349 1872 3412 ἀπὸ
1922 3349 2164 3425 ζαθέων
2200 3353 2573 3432 χρηστηρίων
2605 3346 2700 3412 νύ·

2029 3457 2093 3494 ια

448 3529 461 3544 ”
532 3525 763 3602 Φοῖβον
822 3518 887 3584 ἐν
930 3517 1157 3620 κνθαρα
1204 3519 1482 3606 (ἐκιθαρα
1993 3459 2026 3514 χ

772 3606 860 3714 Β)
908 3623 1132 3687 σοφον,

535 3718 573 3754 α
618 3687 669 3753 τ’
720 3689 817 3752 ἔστι
865 3691 1056 3768 τόξων

537 3770 813 3861 εὐστοχίᾳ
856 3776 1149 3860 γάνυνται
1755 3767 1926 3853 χθὼν
1998 3771 2357 3835 ἐτεκνώσατο
2433 3769 2696 3853 φάσματ’

1988 3851 2237 3962 ὀνείρων
2249 3859 2366 3938 (sio
2386 3854 2699 3935 Οφᾶσματ’

1989 3939 2030 4003 ἆ
2057 3946 2119 4005 Β
2150 3958 2430 4042 φασματα
2455 3946 2596 4007 Ald.
2604 3943 2630 4026 )

1755 4030 1820 4090 οἳ
1861 4025 2106 4089 πολέσιν
2149 4022 2426 4107 μερόπων

1756 4115 1828 4177 τά
1876 4135 1935 4175 τε
1977 4123 2216 4194 πρῶτα,
2260 4108 2330 4174 τά
2370 4109 2426 4173 τ’
2475 4111 2674 4176 ἔπειθ’
2681 4157 2700 4190 ,

480 4349 789 4479 ᾱιὶὲνὶἰῐοκ
838 4349 994 4404 lectt.
1028 4351 1085 4404 in
1120 4349 1229 4407 litt.
1266 4349 1419 4403 univ.
1456 4349 1643 4403 Turio.
1695 4349 1826 4404 inde
1871 4364 1908 4403 a
1941 4349 1994 4404 d.
2030 4347 2176 4405 XIV.
2226 4365 2297 4402 m.
2335 4347 2470 4419 Apr.
2523 4365 2700 4420 usquo

786 4435 858 4474 m.
896 4419 1039 4490 Aug.
1078 4415 1475 4473 MDCCCLXII
1510 4415 1938 4488 habendarum]
