3132 5129
1300 405 1717 468 —51—

338 569 494 639 puta.
572 565 814 625 Etenim
860 566 923 622 in
966 564 1143 624 rebus
1189 564 1464 622 humanis
1496 565 1789 637 omnibuS,
1836 584 1984 639 quas
2016 567 2332 626 contrariis
2364 571 2424 625 et
2453 568 2675 626 tradita

340 649 725 709 conservandi
756 652 820 709 et
849 668 1005 709 nova
1049 649 1341 708 inferendi
1384 649 1600 708 studiis
1644 650 1706 711 in
1751 650 1936 708 vicem
1983 651 2201 727 agitari
2246 655 2498 725 constat,
2542 673 2672 728 per-

338 740 514 810 petua
571 735 719 794 haec
777 739 957 810 atque
1013 737 1292 794 constans
1346 753 1602 809 regnare
1656 735 1749 792 lex
1808 735 1986 806 solet,
2051 740 2117 793 ut
2170 754 2325 793 nova
2367 738 2672 799 conversio

338 838 471 879 vere
515 820 735 879 victrix
780 820 1033 878 evadere
1079 820 1270 894 possit
1310 838 1431 877 non
1475 819 1660 892 prius,
1707 838 1885 893 quam
1930 820 2177 895 antiqua
2208 821 2476 880 condicio
2506 822 2676 896 quasi

339 904 616 963 omnibus
673 905 901 964 viribus
954 904 1151 962 'denuo
1209 904 1473 962 collectis
1529 904 1603 961 ad
1661 905 1901 978 pristini
1958 905 2183 980 vigoris
2226 906 2675 982 splendorisque

339 991 598 1064 speciem
653 992 1025 1064 postremum
1073 990 1426 1060 surrexerit,
1471 992 1539 1046 ut
1585 992 1646 1046 et
1688 988 2056 1048 occidentem
2103 989 2287 1048 solem
2332 991 2672 1050 ardentissi-

340 1075 450 1131 mis
495 1075 680 1133 radiis
727 1074 848 1132 fere
894 1075 1105 1132 rubere
1151 1072 1417 1132 videmus
1462 1077 1525 1130 et
1570 1075 1632 1130 in
1678 1073 2033 1132 moribundo
2076 1092 2319 1149 corpore
2353 1076 2441 1134 vis
2472 1076 2674 1135 vitalis

341 1158 497 1217 haud
543 1178 678 1217 raro
724 1160 786 1218 in
831 1178 1128 1217 summum
1159 1162 1407 1217 naturae
1438 1158 1744 1233 fastigium
1777 1158 2159 1217 effervescere
2191 1159 2426 1219 dicitur.
2501 1160 2672 1231 Hinc,

340 1263 472 1301 cum
505 1244 681 1319 primi
714 1243 1019 1318 surgentis
1049 1244 1263 1301 aetatis
1294 1261 1614 1317 praecones
1647 1243 2084 1301 illacrimabiles
2116 1243 2466 1319 plerumque
2496 1249 2675 1322 atque

340 1329 621 1388 conviciis
666 1329 869 1386 obruti
915 1329 1235 1399 intereunt,
1283 1328 1565 1385 exsistere
1615 1330 1739 1385 tum
1785 1328 1982 1385 solent
2025 1328 2139 1386 viri
2184 1329 2426 1404 ingenio
2473 1331 2672 1405 magni

341 1414 538 1472 animo
583 1412 834 1489 egregii,
880 1414 980 1487 qui
1027 1431 1133 1487 pro
1180 1416 1462 1488 vergente
1508 1413 1743 1470 saeculo
1791 1413 2218 1487 aliquantisper
2260 1417 2501 1472 strenue
2546 1415 2674 1472 feli-

340 1498 602 1573 citerque
646 1500 1044 1573 propugnent,
1094 1497 1196 1555 sed
1241 1516 1346 1555 sua
1389 1501 1689 1571 postremo
1732 1498 1904 1555 ruina
1947 1498 2149 1555 omnia
2193 1516 2393 1557 secum
2436 1499 2678 1556 trahant

345 1586 527 1658 atque
584 1582 1002 1658 praecipitent.
1091 1581 1185 1639 Ita
1227 1581 1617 1640 Demostheni
1663 1579 1921 1640 Graecae
1965 1582 2258 1641 libertatis
2306 1581 2518 1641 Catoni
2562 1584 2675 1641 Ro-

342 1686 549 1725 manae
595 1667 679 1725 rei
724 1666 993 1742 publicae
1039 1666 1259 1725 vindici
1306 1684 1540 1724 causam
1599 1685 1764 1725 suam
1821 1686 1940 1725 non
2001 1668 2194 1725 solum
2247 1668 2510 1742 ipsorum
2553 1668 2680 1727 vita

337 1753 686 1827 viribusque
731 1750 1097 1826 aliquamdiu
1142 1752 1446 1809 victricem
1492 1750 1597 1809 sed
1640 1751 1864 1809 victam
1895 1752 2072 1809 etiam
2105 1752 2177 1809 ad
2209 1756 2460 1811 mortem
2492 1772 2678 1827 usque

340 1837 632 1912 placuisse
679 1837 915 1907 scimus,
963 1835 1324 1912 omninoque
1369 1835 1659 1894 latissime
1704 1837 1871 1911 patet
1915 1837 2019 1894 illa
2064 1837 2299 1908 „ultimi
2346 1837 2677 1897 Mohicano·

336 1924 509 1979 rum“
578 1921 887 1997 tragoedia
950 1940 1026 1978 ne
1084 1920 1158 1978 ab
1212 1920 1535 1979 incruentis
1593 1920 1836 1995 quidem
1903 1921 2183 1979 scientiae
2228 1922 2679 1998 litterarumque

339 2007 764 2064 certaminibus
808 2006 1412 2080 conversionibusque
1458 2004 1670 2062 aliena.
1738 2005 1808 2062 Id
1841 2006 2035 2080 ipsum
2066 2007 2250 2064 etiam
2281 2007 2344 2064 in
2373 2007 2677 2066 Nitzschio

339 2091 558 2149 accidit
601 2090 863 2166 poeticae
911 2091 1338 2164 epopoeiarum
1384 2090 1834 2150 Homericarum
1893 2091 2139 2150 unitatis
2196 2090 2503 2150 defensore
2557 2096 2677 2150 tam

342 2175 484 2234 sorti
544 2179 721 2250 atque
777 2175 1088 2250 religioso,
1152 2179 1221 2232 ut
1273 2194 1410 2234 vere
1467 2174 1578 2233 hoc
1624 2174 1742 2232 dici
1785 2176 1977 2249 possit
2017 2195 2126 2234 nec
2170 2180 2309 2250 post
2351 2177 2677 2235 Homerum

340 2259 587 2318 Iliadem
643 2278 753 2318 nec
806 2264 943 2335 post
987 2259 1356 2319 Nitzschium
1402 2258 1606 2317 Iliadis
1668 2263 1738 2317 ut
1782 2259 2067 2335 simplicis
2113 2261 2391 2319 carminis
2438 2280 2677 2319 enarra-

339 2345 567 2403 tionem
613 2345 794 2403 scribi
837 2362 1029 2419 posse.

506 2429 636 2487 Iam
695 2447 834 2489 vero
890 2430 1032 2487 haec
1090 2431 1222 2504 ipsa
1277 2430 1574 2487 enarratio
1631 2430 2172 2488 commodissimum
2231 2433 2322 2488 est
2377 2435 2437 2489 et
2480 2430 2676 2488 effica-

339 2514 644 2573 cissimum
689 2515 1173 2587 instrumentum,
1221 2533 1337 2589 quo
1382 2515 1483 2590 qui
1529 2517 1688 2573 recte
1735 2517 1940 2573 utatur
1985 2534 2091 2574 sua
2135 2516 2260 2590 ipse
2304 2515 2524 2574 mentis
2554 2516 2676 2574 acie

337 2599 664 2658 clarissime
718 2601 1059 2674 perspicere
1114 2601 1339 2673 poterit
1381 2600 1671 2658 unitatem
1717 2599 1881 2658 illam
1927 2619 2047 2658 non
2093 2601 2156 2658 in
2201 2600 2455 2659 Homero
2502 2604 2678 2676 poeta

339 2689 442 2741 aut
484 2685 708 2742 inesse
753 2691 858 2742 aut
901 2684 1177 2743 subesse
1222 2684 1325 2742 sed
1356 2687 1592 2742 tantum
1626 2685 1686 2741 in
1718 2683 2024 2742 Nitzschio
2053 2686 2384 2759 interprete
2426 2685 2673 2744 adesse.

340 2769 510 2838 Quod
554 2787 631 2827 ne
678 2774 896 2827 temere
942 2770 1160 2827 dixisse
1206 2769 1436 2841 videar,
1497 2770 1611 2828 iam
1671 2769 1807 2826 libri
1854 2769 2221 2828 Nitzschiani
2266 2773 2424 2828 recte
2468 2770 2676 2829 utendi

338 2857 656 2929 praecepta
699 2855 917 2928 accipe.

510 2938 820 2996 Sententia
876 2937 1163 2997 Nitzschii
1221 2938 1293 2995 de
1337 2938 1525 2996 Iliade
1580 2938 1720 2996 haec
1779 2941 1896 2996 est:
1956 2938 2223 2997 exhiberi
2278 2940 2383 2997 illa
2428 2939 2676 2998 Achillis

337 3023 678 3098 imaginem,
726 3025 829 3098 qui
873 3024 1231 3082 contumelia
1274 3023 1520 3082 affectus
1566 3024 1695 3080 iure
1743 3042 1848 3081 suo
1895 3024 2047 3081 iram
2093 3024 2387 3099 concipiat
2417 3025 2675 3099 primum

335 3107 579 3181 quidem
635 3106 879 3167 Graecis
937 3108 1209 3179 fatalem,
1267 3127 1403 3166 mox
1460 3126 1628 3180 vero,
1691 3127 1824 3166 cum
1883 3108 1943 3166 in
1999 3108 2127 3167 iure
2183 3127 2289 3166 suo
2346 3109 2675 3167 exercendo

336 3191 580 3250 modum
626 3211 898 3268 egressus
941 3211 1050 3251 nec
1095 3192 1415 3251 adversarii
1462 3192 1853 3251 satisfactioni
1900 3197 2074 3268 atque
2119 3193 2441 3252 amicorum
2484 3194 2675 3269 preci-

337 3276 448 3334 bus
503 3280 751 3335 cesserit
805 3280 867 3335 et
922 3277 1248 3352 desperatis
1306 3276 1661 3336 Graecorum
1717 3278 1896 3336 rebus
1952 3296 2071 3335 non
2128 3280 2255 3352 ipse
2321 3280 2678 3337 succurrerit

337 3361 440 3418 sed
496 3361 754 3419 amicum
811 3365 1043 3420 tantum
1103 3364 1356 3437 anguste
1413 3361 1927 3437 circumscriptum
1995 3363 2214 3420 auxilio
2285 3363 2546 3433 miserit,
2614 3364 2675 3421 in

338 3446 535 3520 ipsum
583 3446 878 3505 Achillem
925 3450 1237 3522 vergente,
1285 3447 1385 3522 qui
1430 3446 1547 3504 iam
1596 3445 1848 3521 duplicis
1895 3465 2071 3522 quam
2117 3448 2426 3506 admiserit
2470 3448 2676 3523 culpae

334 3530 722 3605 gravissimas
766 3550 983 3606 poenas
1027 3532 1155 3589 luat
1198 3530 1401 3590 eodem
1447 3532 1553 3589 illo
1613 3531 1799 3590 amico
1845 3532 2216 3590 infestissimi
2261 3533 2450 3591 hostis
2496 3551 2674 3591 manu

335 3616 684 3687 interfectO,
743 3636 862 3691 qua
919 3616 1084 3675 clade
1129 3616 1200 3673 ad
1247 3617 1597 3674 modestiam
1644 3635 1968 3690 repressus>
1998 3617 2239 3674 tandem
2286 3617 2674 3692 popularibus

334 3700 751 3759 reconcilietur
808 3701 985 3759 simul
1052 3700 1348 3760 vindictae
1407 3701 1482 3758 ob
1540 3702 1713 3760 amici
1771 3705 2023 3759 mortem
2083 3701 2403 3761 sumendae
2463 3703 2673 3778 gratia,

335 3804 515 3859 quam
575 3789 775 3844 tamen
834 3785 1158 3844 vindictam
1215 3785 1408 3843 denuo
1462 3804 1642 3860 supra
1698 3786 1941 3843 modum
1997 3787 2196 3861 exigat
2252 3786 2429 3844 occisi
2484 3786 2673 3844 hostis

335 3887 581 3945 corpore
626 3872 780 3932 male
823 3870 1151 3942 tractando,
1198 3869 1383 3928 donec
1414 3870 1520 3928 Dis
1566 3870 1709 3944 ipsis
1756 3870 2258 3929 intercedentibus
2289 3870 2510 3928 Priami
2541 3889 2667 3928 ma-

336 3954 490 4013 xime
538 3954 946 4014 admonitione
991 3957 1054 4014 in
1098 3955 1555 4030 temperantiam
1602 3955 2010 4030 humanaeque
2042 3956 2221 4013 sortis
2252 3955 2675 4014 conscientiam

338 4043 598 4098 vocetur.
675 4039 975 4099 Poeticam
1009 4040 1160 4097 hanc
1190 4058 1317 4098 esse
1361 4057 1618 4114 vereque
1664 4041 1951 4115 tragicam
1996 4039 2465 4114 propositionem
2498 4043 2675 4115 atque

336 4126 674 4193 potuisse
721 4125 796 4183 ad
840 4144 973 4183 eam
1018 4124 1485 4200 propositionem
1533 4142 1732 4182 rerum
1775 4124 1962 4183 Iliade
2007 4127 2413 4183 enai-ratarum
2459 4126 2671 4184 seriem

338 4209 398 4267 in
442 4228 681 4269 carmen
728 4211 1023 4285 „simplex
1067 4213 1129 4267 et
1172 4212 1400 4267 unum“
1446 4211 1719 4284 componi
1777 4210 1909 4285 quis
1956 4213 2046 4268 est
2091 4210 2196 4284 qui
2242 4209 2465 4287 neget?
2557 4209 2672 4269 Sed

337 4313 398 4351 re
456 4313 598 4353 vera
655 4294 841 4368 hanc,
900 4313 1077 4370 quam
1134 4294 1437 4367 habemus,
1483 4293 1728 4352 Iliadem
1774 4294 1847 4352 ab
1894 4313 2010 4353 uno
2056 4298 2232 4369 poeta
2275 4295 2379 4353 illo
2424 4296 2672 4354 consilio

338 4384 685 4455 conceptam
714 4382 893 4455 atque
925 4379 1289 4439 elaboratam
1318 4397 1445 4438 esse
1477 4379 1620 4436 dum
1651 4378 1987 4437 Nitzschius
2018 4379 2424 4438 demonstrare
2453 4380 2671 4450 studet,

332 4464 548 4524 accidit
625 4464 786 4523 idem
859 4465 943 4536 ei,
1018 4463 1178 4539 quod
1249 4467 1313 4522 et
1386 4463 1528 4522 olim
1597 4462 1851 4522 Goethio
1917 4463 1980 4522 in
2047 4464 2403 4523 vindicanda
2467 4469 2677 4523 contra

2192 4559 2265 4614 4*
