3132 5129
1269 387 1561 451 —287
1660 424 1729 432 —

584 538 886 646 βροντήν
889 563 949 602 τε
994 537 1289 621 στεροπήν
1332 564 1392 603 τε
1435 540 1536 602 καὶ
1579 538 1943 602 αἰθαλόεντα
1986 536 2309 643 κεραυνόν,

586 631 809 707 πλῆξεν
849 624 958 688 ἀπ’
1012 622 1362 704 Οὐλύμποιο
1406 623 1768 705 ἐπάλμενος,
1812 621 1967 703 ἀμφὶ
2012 624 2075 686 δὲ
2119 624 2317 699 πάσας
2570 635 2671 685 865

590 712 794 794 ἔπρεσε
837 713 1166 785 θεσπεσίας
1210 708 1477 789 κεφαλας
1522 712 1744 772 δεινοῖο
1785 711 2083 791 πελώρου·
2620 760 2623 761 ⁷

588 795 846 879 σκληρὸν
888 794 950 858 δ’
999 796 1315 879 ἐβρόντησε
1360 796 1461 857 καὶ
1505 788 1845 901 ὄμβριμον,
1871 792 2024 874 ἀμφὶ
2071 795 2137 856 δὲ
2179 799 2322 876 γαΐα
2571 805 2670 853 839

590 879 966 987 σμερδαλέον
991 883 1289 961 κοναβησε
1334 880 1437 942 καὶ
1480 875 1736 962 ουρανὸς
1780 877 1959 960 εὐρὺς
2003 879 2240 960 ὕπερθε

586 967 808 1041 παντός
854 963 909 1027 τ’
952 963 1250 1028 Ὠκεανοῦ
1293 989 1352 1027 τε
1398 966 1530 1046 ῥοαὶ
1575 964 1674 1026 καὶ
1729 964 2000 1045 Τάρταρα
2044 966 2237 1045 γαίης.

503 1089 619 1149 Hic
661 1108 803 1149 vero
847 1090 967 1148 iam
1024 1087 1483 1147 subsistendum.
1558 1087 1776 1147 Statim
1820 1088 1978 1145 enim
2025 1087 2129 1164 qui
2173 1092 2505 1163 sequuntur
2546 1107 2673 1146 ver-

329 1194 432 1233 sus
480 1176 602 1235 842
635 1194 723 1250 sq.
770 1192 890 1233 non
934 1177 1215 1250 poterant
1256 1174 1364 1231 hos
1409 1173 1688 1248 primitus
1732 1173 2016 1247 excipere.
2094 1172 2210 1230 Sed
2256 1173 2419 1231 aliud
2459 1173 2673 1231 lucrati

330 1279 538 1319 sumus
596 1259 669 1317 ad
727 1261 919 1335 ipsam
974 1258 1408 1335 mythologiam
1465 1261 1760 1333 spectans.
1847 1256 2052 1316 Iovem
2104 1257 2363 1316 vidimus
2417 1258 2673 1333 primum

330 1364 465 1402 cum
511 1345 624 1403 diis
656 1343 956 1420 Olympiis
1000 1346 1211 1402 contra
1243 1342 1486 1401 Titanes
1515 1347 1639 1401 tam
1682 1343 1783 1401 diu
1815 1343 2040 1401 frustra
2069 1344 2452 1417 pugnantem,
2488 1343 2677 1401 donec

331 1428 721 1488 Centimanos
744 1448 776 1487 e
799 1446 1031 1488 carcere
1050 1428 1335 1487 liberatos
1365 1428 1655 1503 perducit,
1686 1430 1757 1487 ut
1784 1427 2045 1485 telorum
2077 1428 2134 1485 vi
2160 1431 2222 1485 et
2250 1427 2507 1486 molibus
2536 1428 2674 1486 illos

331 1515 593 1573 obruant
656 1518 838 1590 atque
905 1515 968 1572 in
1032 1513 1348 1572 Tartarum
1414 1512 1690 1573 detrusos
1757 1512 2127 1586 custodiant,
2196 1515 2323 1570 tum
2399 1511 2674 1588 Typhoei

331 1599 531 1658 subito
577 1600 806 1674 impetu
847 1618 1036 1675 paene
1081 1616 1458 1674 oppressum,
1517 1598 1634 1657 nisi
1682 1596 2013 1673 Cyclopum
2070 1597 2276 1655 itidem
2333 1617 2364 1656 e
2422 1597 2675 1656 vinculis
2706 1597 2773 1645 38

333 1685 672 1743 solutorum
728 1685 928 1761 gratia
970 1683 1224 1742 fulmina
1280 1702 1411 1742 cum
1457 1682 1802 1741 tonitrubus
1846 1683 2206 1758 accepisset,
2264 1682 2481 1757 quibus
2536 1683 2674 1741 telis

330 1788 475 1828 usus
531 1770 659 1844 ipse
715 1772 1048 1828 monstrum
1122 1767 1485 1827 horrendum
1539 1768 1791 1826 informe
1848 1768 2062 1842 ingens
2117 1768 2445 1842 prosternit
2496 1769 2673 1843 atque

330 1854 651 1913 comburit.
728 1853 935 1929 Neque
981 1853 1139 1912 enim
1195 1852 1517 1912 secundum
1562 1851 1720 1911 hunc
1762 1852 2002 1928 quidem
2050 1854 2287 1927 poetam
2343 1852 2406 1910 in
2467 1852 2673 1911 Tarta-

331 1958 468 1996 rum
515 1940 731 1998 missus
775 1944 870 1999 est
911 1938 1258 2015 Typhoeus:
1303 1938 1582 1995 ultimum
1629 1955 1865 1996 versum

593 2053 737 2133 ῥῖψε
784 2051 853 2114 δέ
895 2077 1001 2132 μιν
1043 2059 1224 2137 θυμῷ
1269 2049 1574 2131 ἀκαχὼν
1628 2050 1687 2125 ἐς
1739 2053 2043 2133 Τάρταρον
2085 2045 2271 2135 εὐρύν

330 2174 407 2233 ab
453 2174 882 2250 interpolatore
927 2175 1196 2234 additum
1241 2194 1369 2235 esse
1413 2175 1508 2234 vel
1554 2175 1934 2251 participium
1980 2175 2208 2250 prodit,
2258 2174 2419 2251 quod
2452 2175 2673 2234 frustra

327 2264 393 2319 et
436 2260 727 2337 explicare
772 2264 833 2319 et
875 2261 1170 2335 corrigere
1215 2260 1594 2320 studuerunt.
1673 2259 1849 2317 Illum
1883 2260 2071 2336 igitur
2098 2260 2459 2319 narrationis
2504 2263 2670 2319 teno-

327 2364 458 2403 rem
505 2346 678 2404 unius
720 2345 983 2404 auctoris
1028 2364 1155 2404 esse
1210 2364 1383 2404 nemo
1427 2364 1549 2403 non
1593 2345 1785 2419 videt,
1844 2345 1948 2403 sed
2003 2344 2139 2404 inde
2193 2364 2340 2403 num
2396 2344 2671 2404 concludi

330 2430 524 2504 possit
567 2431 743 2489 unius
787 2432 999 2505 poetae
1046 2449 1226 2488 manu
1269 2432 1332 2489 et
1373 2430 1765 2489 recentiorem
1798 2427 2309 2488 Titanomaehiam
2352 2432 2416 2488 et
2458 2429 2665 2488 melio·

330 2533 455 2573 rem
501 2514 887 2591 Typhaoniae
941 2518 1173 2590 partem
1228 2515 1620 2591 compositam
1665 2532 1823 2590 esse,
1868 2532 1977 2573 nec
2019 2513 2340 2573 adfirmare
2393 2532 2502 2573 nec
2559 2533 2666 2573 ne-

329 2619 476 2676 gare
523 2618 679 2659 nunc
723 2601 966 2675 quidem
1014 2619 1192 2659 ausus
1237 2601 1371 2660 sim.
