3132 5129
1292 345 1752 410 -423—

349 500 608 560 scholam
642 500 981 561 Carolinam
1013 523 1048 561 a
1077 522 1138 561 se
1169 503 1551 562 reformatam
1586 504 1780 563 vocati
1810 505 2069 580 primum
2102 504 2131 561 I
2148 524 2181 562 a
2200 504 2332 563 cob
2352 524 2430 563 us
2462 504 2687 580 Cepo-

350 587 559 645 rinus
624 586 858 645 iuvenis
918 592 1298 662 „monstrose
1355 588 1764 648 laboriosus“-
1796 593 1934 664 post
1988 591 2364 648 immaturam
2431 593 2689 648 mortem

349 671 715 730 mollissimis
768 692 801 731 a
851 675 1107 747 patrono
1175 691 1280 731 suo
1345 675 1602 748 querelis
1669 673 2041 748 deploratae,
2109 678 2239 733 tum
2303 674 2689 734 Conradus

348 756 786 815 Pellicanus
853 760 1028 816 exuto
1095 758 1385 817 monacho
1451 759 1786 817 litterarum
1846 758 2272 818 Hebraicarum
2334 777 2455 818 non
2511 760 2686 818 modo

349 842 823 900 studiosissimus
879 842 982 900 sed
1038 844 1219 901 etiam
1278 842 1403 917 „ad
1461 846 1770 919 stuporem
1825 844 2292 917 peritissimus“;
2353 844 2687 902 adstantem

346 925 615 986 videmus
669 925 1024 999 Ioannem
1070 926 1722 1002 Oecolampadium
1781 927 1971 987 eidem
2026 928 2117 986 illi
2174 929 2450 988 ecclesiae
2505 929 2686 987 refor-

349 1012 594 1087 matori,
643 1031 711 1070 ex
759 1029 876 1086 quo
924 1031 954 1070 e
1003 1012 1376 1088 Sickingensi
1422 1014 1725 1087 „iustitiae
1770 1011 2070 1089 hospitio“
2114 1014 2179 1071 in
2223 1013 2501 1072 Vestram
2546 1015 2685 1072 civi-

347 1099 533 1155 tatem
566 1098 810 1155 vocatus
841 1098 968 1154 eius
998 1096 1436 1172 „Christianam
1468 1098 1978 1156 familiaritatem“
2020 1098 2188 1156 suavi
2219 1099 2495 1173 epistolio
2525 1099 2686 1156 ultro

345 1181 657 1257 expetivit,
705 1183 767 1238 in
800 1183 980 1241 sacris
1011 1182 1398 1241 emendandis
1430 1183 1673 1258 socium,
1721 1184 1784 1241 in
1815 1182 2214 1258 disputatione
2244 1182 2500 1241 Badensi
2532 1184 2686 1242 vica-

345 1266 534 1337 rium,
592 1266 653 1324 in
699 1266 994 1341 colloquio
1041 1267 1459 1343 Marburgensi
1506 1266 1862 1343 adiutorem,
1925 1269 1986 1325 in
2033 1268 2191 1325 omni
2239 1268 2365 1326 vita
2409 1269 2686 1326 coniunc-

344 1350 670 1425 tissimum,
728 1351 921 1410 eidem
977 1352 1374 1411 funestissima
1433 1353 1725 1410 exstincto
1782 1371 1901 1411 non
1946 1353 2209 1411 muneris
2254 1353 2520 1412 omnium
2565 1352 2686 1410 suf-

344 1435 556 1511 fragiis
620 1435 845 1494 frustra
910 1435 1093 1494 oblati
1161 1437 1264 1495 sed
1331 1437 1516 1512 ipsius
1583 1437 1792 1511 mortis
1858 1438 2253 1513 placidissime
2318 1440 2686 1511 exspectatae

345 1538 771 1595 successorem3
828 1524 968 1579 ante
1014 1520 1214 1580 oculos
1262 1524 1531 1580 versatur
1576 1539 1708 1579 cum
1756 1521 2032 1580 Thoma
2074 1522 2386 1581 Platero
2433 1539 2538 1580 suo
2584 1541 2685 1580 na·

341 1607 500 1664 tivae
556 1604 955 1681 simplicitatis
1012 1607 1378 1682 ingenuique
1436 1608 1554 1665 oris
1615 1606 1745 1665 viro
1803 1607 1905 1664 diu
1963 1608 2119 1665 inter
2178 1606 2450 1666 Vestram
2503 1610 2685 1682 atque

341 1693 605 1749 nostram
662 1689 886 1749 Urbem
950 1693 1119 1765 quasi
1182 1710 1467 1766 suspenso
1537 1690 1922 1751 Osvvaldus
1989 1691 2381 1767 Myconius
2435 1691 2686 1749 Vestrae

343 1774 770 1834 Universitatis
800 1775 1124 1834 commilito
1163 1779 1228 1835 et
1256 1776 1605 1836 Vestrarum
1650 1776 1912 1851 primiun
1963 1779 2091 1835 tum
2138 1779 2476 1835 nostrarum
2523 1776 2686 1836 scho-

339 1862 533 1919 larum
589 1863 965 1936 praeceptor,
1024 1860 1283 1937 Zvinglii
1338 1861 1531 1920 nostri
1590 1861 1730 1919 dum
1786 1863 2029 1921 vivebat
2087 1861 2410 1920 fidissimus
2463 1862 2687 1920 assecla

343 1945 610 2003 defuncti
673 1946 900 2020 primus
954 1946 1113 2005 vitae
1170 1946 1449 2021 scriptor,
1512 1946 1954 2021 Oecolampadii
2002 1945 2201 2005 Vestri
2260 1948 2324 2005 in
2367 1948 2565 2005 locum
2610 1947 2684 2004 ad

342 2049 633 2088 summam
677 2030 927 2089 Vestrae
982 2031 1257 2089 ecclesiae
1316 2031 1670 2107 dignitatem
1731 2049 1764 2088 a
1815 2035 2053 2089 nostrae
2120 2031 2350 2090 scholae
2407 2031 2686 2090 cathedra

341 2117 641 2175 evocatus.
717 2114 972 2174 Claudat
1016 2135 1248 2192 agmen,
1295 2118 1365 2174 ut
1407 2119 1630 2175 ceteros
1674 2118 1990 2190 taceamus,
2038 2115 2417 2173 Conradus
2462 2116 2684 2174 Gess-

339 2218 561 2258 nerus
604 2204 768 2258 totus
814 2200 1055 2275 quidem
1100 2204 1302 2259 noster
1346 2200 1447 2259 sed
1478 2199 1732 2258 Vestrae
1774 2199 1925 2259 Urbi
1973 2202 2185 2275 primis
2231 2200 2477 2259 docendi
2525 2201 2682 2258 rudi-

343 2286 558 2343 mentis
601 2289 1006 2360 perpetuaque
1060 2285 1348 2344 librorum
1393 2285 1579 2360 probe
1624 2285 1985 2343 edendorum
2032 2287 2477 2361 opportunitate
2524 2284 2684 2343 dedi·

340 2369 634 2444 tissimuS,
696 2370 1026 2429 indefessus
1085 2372 1189 2429 ille
1247 2372 1591 2429 cunctarum
1648 2372 1710 2427 et
1763 2369 2149 2427 humanarum
2207 2374 2268 2428 et
2318 2369 2683 2428 naturalium

340 2454 723 2513 scientiarum
769 2458 1043 2531 sectator,
1091 2458 1160 2513 ut
1203 2454 1468 2530 lapidum
1512 2455 1851 2529 plantarum
1895 2455 2242 2512 animalium
2274 2457 2567 2513 scrutator
2597 2456 2683 2513 ita

342 2541 676 2616 linguarum
725 2540 1185 2616 litterarumque
1231 2540 1494 2600 omnium
1540 2539 1962 2616 investigator,
2011 2540 2247 2616 insigne
2289 2539 2479 2616 illius,
2531 2558 2680 2615 quae

340 2629 469 2684 tum
518 2626 853 2683 studiorum
900 2628 1172 2701 vitaeque
1217 2628 1377 2699 erat,
1425 2624 1773 2684 concordiae
1817 2625 2144 2701 exemplar!

510 2710 805 2786 Equidem
834 2711 1012 2786 enim,
1059 2729 1413 2787 quamquam
1445 2728 1564 2768 non
1613 2712 1663 2768 is
1711 2729 1839 2768 sum
1889 2711 1992 2785 qui
2040 2728 2240 2785 „nunc
2281 2729 2376 2768 me
2422 2709 2682 2785 denique
2711 2723 2742 2769 5

338 2795 587 2854 natum“
632 2813 991 2871 conquerar,
1053 2797 1286 2871 quoties
1340 2795 1501 2853 illius
1555 2795 1770 2855 saeculi
1817 2813 2020 2854 mores
2066 2815 2196 2854 cum
2244 2797 2445 2853 nostra
2490 2797 2682 2853 aetate

339 2899 662 2954 compon0,
726 2880 1175 2939 admirationem
1236 2881 1381 2939 mihi
1429 2899 1666 2956 semper
1708 2883 1772 2939 et
1815 2899 1999 2955 prope
2044 2879 2401 2938 desiderium
2445 2899 2680 2939 movere

339 2965 493 3023 solet
546 2984 681 3023 cum
734 2965 973 3023 divinus
1028 2966 1130 3024 ille
1187 2967 1402 3024 mentis
1458 2967 1803 3038 instinctuS,
1874 2984 1991 3040 quo
2044 2965 2397 3023 inflammati
2463 2965 2674 3040 optimi

337 3051 557 3126 quique
602 3068 711 3125 pro
757 3051 1002 3109 summis
1047 3051 1286 3109 humani
1318 3051 1552 3126 generis
1583 3051 1755 3109 bonis
1791 3068 1851 3107 se
1882 3068 2169 3125 suamque
2200 3050 2383 3107 vitam
2417 3051 2670 3108 devove-

339 3135 489 3193 bant
544 3137 672 3192 tum
729 3135 982 3193 amabile
1038 3134 1188 3193 illud
1244 3135 1482 3208 foeduS,
1543 3136 1703 3209 quod
1757 3136 1886 3192 tum
1933 3132 2322 3210 Theologiam
2369 3137 2430 3193 et
2473 3133 2674 3193 Philo·

339 3219 560 3295 logiam
592 3219 892 3278 communi
922 3219 1310 3296 antiquarum
1355 3222 1418 3278 et
1462 3239 1760 3277 sacrarum
1806 3225 1868 3278 et
1913 3220 2300 3293 profanarum
2344 3219 2677 3277 litterarum

338 3304 538 3363 studio
595 3304 1013 3379 coniungebat.
1104 3305 1155 3362 A
1203 3324 1319 3379 qua
1363 3306 1513 3362 mira
1558 3307 1891 3379 temporum
1937 3304 2174 3362 illorum
2222 3303 2508 3361 felicitate
2552 3303 2679 3361 lon-

335 3390 580 3465 gissime
622 3407 732 3446 nos
775 3389 979 3447 abesse
1022 3390 1157 3464 quis
1212 3389 1450 3448 tandem
1494 3388 1715 3447 infitias
1759 3390 1844 3446 ire
1888 3388 2124 3462 audeat,
2170 3388 2273 3463 qui
2305 3388 2429 3463 ipse
2461 3387 2679 3446 viderit

338 3474 585 3532 confusa
641 3473 1041 3533 multarum
1101 3474 1368 3549 illarum,
1430 3474 1646 3549 quibus
1702 3473 1875 3531 hodie
1935 3473 2091 3531 vitae
2147 3473 2455 3530 commoda
2498 3475 2678 3546 atque

338 3559 606 3634 corporis
652 3558 1091 3618 oblectamenta
1134 3560 1490 3633 quaerimuS,
1537 3557 1816 3616 artium
1861 3559 2016 3616 mole
2061 3576 2238 3634 quam
2284 3576 2456 3631 saepe
2505 3556 2675 3614 obru-

336 3646 473 3702 atur
539 3650 729 3701 unum‘
777 3643 927 3701 illud
984 3642 1069 3702 ’ἐν
1134 3638 1353 3718 μέγα,
1418 3662 1536 3718 quo
1598 3643 1725 3700 solo
1782 3642 2060 3701 omnibus
2115 3642 2482 3716 temporibus
2538 3660 2679 3698 vera

339 3728 648 3787 beatitudo
709 3728 1078 3802 continetur,
1139 3727 1372 3786 animus
1427 3728 1518 3786 sui
1562 3731 1777 3802 potens
1821 3728 2014 3785 omnis
2057 3727 2448 3785 humanitatis
2492 3744 2678 3800 capax

338 3813 619 3872 vitiorum
651 3831 787 3873 osor
830 3814 1163 3872 vanitatum
1206 3814 1599 3888 contemptor.
1673 3811 2089 3869 Lutherum
2135 3829 2275 3869 vero
2321 3810 2499 3869 simul
2545 3828 2677 3867 cum

336 3898 598 3972 antiquis
628 3895 861 3956 'litteris
906 3897 1284 3974 evangelium
1330 3900 1393 3955 et
1436 3897 1774 3955 conservari
1821 3898 1882 3953 et
1927 3896 2097 3969 perdi
2128 3895 2476 3970 gravissime
2506 3913 2675 3968 prae-

338 3982 666 4056 dicantem,
726 3982 1374 4042 Melanchthonem
1431 3984 1876 4057 praeceptorem
1923 3979 2274 4038 Germaniae
2316 3998 2435 4037 non
2483 3980 2676 4037 minus

336 4066 817 4126 scholasticorum
874 4068 1255 4143 antiquitatis
1320 4067 1657 4125 studiorum
1710 4069 2010 4124 auctorem
2070 4084 2248 4140 quam
2305 4063 2674 4123 Christianae

336 4150 637 4211 doctrinae
693 4157 753 4210 et
806 4153 1085 4211 ecclesiae
1141 4152 1463 4226 vindicem,
1528 4132 1961 4226 Zvinglium
2008 4148 2252 4207 Pindari
2311 4149 2673 4224 „lyricorum

337 4236 506 4295 facile
561 4236 845 4312 principis
903 4235 1374 4313 praesultorem“
1429 4235 1942 4308 ardentissimum,
2004 4252 2182 4309 quem
2226 4236 2464 4309 poetam
2509 4234 2674 4292 adire

334 4320 504 4379 iubet
531 4321 857 4380 Hebraicae
903 4341 1148 4396 poeseos
1192 4322 1566 4397 interpreteS‚
1616 4323 1725 4393 „ut
1767 4320 2087 4394 aliquando
2133 4319 2362 4394 pellant
2391 4320 2669 4377 audaciae

333 4404 719 4481 inscitiaeque
784 4406 1208 4486 calamitates“,
1256 4439 1335 4448 —
1383 4406 1488 4464 hos
1542 4405 1732 4482 igitur
1788 4404 2155 4481 coryphaeos
2212 4405 2259 4462 si
2320 4403 2451 4480 quis
2509 4422 2670 4463 com-
