3132 5129
332 936 398 984 52

334 3601 398 3650 53

1367 363 1828 427 -336—

436 523 839 598 Similiterque
886 521 1312 598 Cynegeticum
1358 539 1479 577 rem
1525 538 1797 578 narrasse
1842 522 1904 577 et
1946 537 2015 577 ex
2062 537 2118 577 v.
2152 519 2272 576 227
2320 520 2597 594 apparet,

738 630 819 710 ὥς
864 638 1033 714 κείνη
1077 604 1415 714 σκυλακῆος
1451 630 1804 715 ἀπόπροθεν
1847 633 2188 711 εἰσαΐουσα,

434 763 497 818 et
553 780 623 819 ex
665 760 792 818 loco
837 758 1129 819 consimili
1174 778 1230 819 v.
1275 759 1354 817 93
1388 776 1508 833 sq.,
1566 757 1672 816 ubi
1717 756 1863 815 haec
1905 755 2191 833 leguntur
2235 754 2307 813 de
2350 754 2532 813 simili
2576 755 2763 814 leonis

436 849 712 920 camum
737 926 844 986 καί
882 920 940 1005 ῥ’
986 922 1023 986 ὁ
1063 922 1176 1004 μὲν
1218 915 1560 1003 ὖψικρεμης
1606 917 1928 1001 ἀπομάζιος
1971 914 2157 1002 ἀμνὸς
2200 919 2399 984 ἀυτεῖ·

739 1020 842 1071 τοῦ
885 1008 952 1072 δε’
997 1031 1056 1071 τε
1098 1004 1420 1088 πειναλὲην
1461 1010 1715 1090 κραδίην
1759 1005 2047 1082 ἐπάταξεν
2090 1004 2202 1086 ἰωή
2247 1014 2358 1071 ete.

433 1133 642 1208 Itaque
686 1151 922 1192 versum
971 1133 1091 1192 219
1136 1132 1223 1190 ita
1261 1130 1334 1190 ab
1382 1132 1623 1190 auctore
1667 1130 2060 1206 compositum
2109 1129 2290 1189 fuisse
2336 1148 2572 1189 censeo:

739 1245 1046 1328 ὥρυθμοῖς
1092 1244 1285 1326 ὑλάει,
1332 1245 1431 1307 καὶ
1472 1246 1818 1325 πόρδαλις
1864 1244 2097 1307 ὄσσαν
2139 1238 2425 1307 ἀκούει.

419 1361 606 1428 Ὄσσα
649 1370 859 1429 eodem
906 1369 1081 1428 modo
1111 1371 1434 1445 usurpatur
1463 1369 1525 1426 in
1557 1369 1815 1427 Halieut.
1848 1368 1896 1442 Ι,
1930 1369 2072 1428 399.
2119 1367 2193 1441 V,
2220 1368 2363 1425 511.
2440 1368 2643 1428 Placet
2672 1369 2767 1427 bic

434 1476 615 1515 unum
641 1456 999 1530 subiungere
1023 1473 1092 1513 ex
1108 1454 1349 1513 Musaeo
1376 1455 1590 1527 locum,
1615 1453 1780 1513 cuius
1803 1453 2140 1512 emendatio
2165 1472 2235 1512 ex
2249 1452 2524 1528 Oppiano
2548 1453 2766 1512 firmari

436 1542 678 1616 poterit.
740 1540 809 1598 In
854 1540 958 1598 illo
1003 1539 1164 1597 enim
1192 1559 1250 1598 v.
1293 1539 1409 1596 124
1426 1557 1515 1614 sq.
1548 1538 1710 1597 Hero
1740 1538 1833 1597 his
1864 1538 2062 1597 verbis
2092 1539 2360 1613 increpat
2387 1538 2761 1597 Leandrum:

729 1654 917 1731 ἄλλην
961 1655 1145 1732 δεῦρο
1189 1652 1511 1715 κέλευθον·
1560 1647 1704 1732 ἐμὸν
1747 1647 1810 1713 δ’
1856 1645 2143 1715 ἀπόλειπε
2153 1662 2440 1751 χιτῶνα,

737 1749 920 1818 μῆνιν
964 1736 1123 1816 ἐμῶν
1164 1735 1455 1800 ἀπόειπε
1500 1736 1921 1800 πολυκτέανων
1962 1732 2312 1820 γενετήρων.

424 1849 703 1919 Ἀπόειπε
748 1864 1023 1919 constans
1067 1863 1160 1920 est
1203 1861 1469 1920 omnium
1512 1860 1804 1920 librorum
1850 1860 2174 1936 scriptura,
2237 1880 2416 1937 quam
2461 1861 2603 1920 ferri
2647 1880 2768 1921 non

433 1965 607 2021 posse
652 1941 757 2023 (cf.
804 1944 875 2004 de
920 1945 1031 2004 hoc
1078 1946 1259 2005 verbo
1287 1946 1659 2020 Spitznemm
1704 1945 1777 2004 ad
1809 1944 1985 2004 Hom.
2022 1943 2275 2024 Γ406),
2323 1948 2482 2005 recte
2527 1946 2765 2022 quidem

434 2033 863 2106 perspexerunt
907 2029 1182 2090 editores.
1243 2030 1382 2090 Non
1425 2033 1623 2090 tamen
1668 2030 1922 2106 probare
1954 2030 2252 2090 debebant
2271 2031 2602 2090 Heinrichii
2632 2050 2767 2090 con·

436 2117 751 2175 iecturam:
797 2109 1119 2191 ἀλέεινε,
1165 2115 1344 2175 nimis
1389 2115 1690 2175 audacem.
1783 2116 2058 2176 Musaeus
2103 2117 2363 2192 repetito
2408 2117 2624 2176 verbo:

730 2232 907 2311 μῆτιν
951 2229 1109 2310 ἐμῶν
1152 2227 1278 2291 ἀπό
1288 2237 1460 2293 λειπε
1503 2228 1925 2294 πολυκτεάνων
1966 2230 2300 2312 γενετήρων

433 2354 771 2430 scripserat.
863 2352 991 2410 Μ
950 2372 989 2427 η
1012 2373 1120 2423 νις
1176 2354 1508 2429 appellatus
1564 2353 1762 2413 Herus
1815 2353 2030 2429 vestis,
2090 2373 2240 2429 quae
2307 2354 2675 2429 apprehensa
2733 2374 2768 2413 a

432 2439 701 2498 Leandro
768 2439 918 2497 iram
971 2439 1224 2514 virginis
1290 2438 1640 2514 parentibus
1700 2443 1791 2499 est
1833 2439 2217 2541 concitatum.
2302 2438 2532 2498 Eodem
2593 2439 2767 2498 modo

434 2523 742 2601 Oppianus
787 2523 848 2583 in
895 2523 1158 2584 Halieut.
1204 2523 1316 2601 111,
1366 2525 1486 2583 512
1516 2542 1646 2601 sqq.

742 2631 820 2712 ὦς
867 2637 923 2700 δ’
973 2638 1073 2701 ὅτε
1075 2640 1408 2740 νηπίαχος
1452 2636 1641 2719 κούρη
1685 2639 1856 2745 ποῖις2
1903 2635 2067 2714 ἐκτὸς
2115 2637 2329 2718 ἔουσης

737 2722 1018 2805 μητέρος,
1063 2749 1102 2804 η
1147 2725 1388 2806 βρώμης
1432 2723 1776 2805 λελιημὲνη,
1820 2721 1889 2805 ἠέ
1934 2749 2036 2788 τευ
2079 2724 2295 2803 ἄλλον,

739 2810 1028 2885 ψαῦσαι
1070 2807 1206 2889 μὲν
1248 2808 1538 2890 τρομέει
1581 2808 1857 2892 μητρὸς
1902 2810 2115 2890 χόλον
2160 2818 2273 2874 etc.

436 2929 694 2989 Omnino
739 2934 938 2989 autem
985 2930 1276 3008 Musaeus,
1322 2952 1685 3009 quamquam
1730 2936 1791 2992 et
1835 2933 2071 3008 saepius
2117 2932 2313 2992 editus
2359 2938 2421 2992 et
2462 2935 2765 3009 postremo

434 3036 468 3074 a
528 3014 761 3088 Graesio
820 3017 882 3075 in
939 3016 1260 3093 appendice
1319 3017 1584 3076 Collutbi
1643 3018 2045 3077 Schaeferiani
2093 3018 2447 3077 coniecturis
2503 3021 2768 3077 tentatus

435 3105 543 3175 est,
591 3101 858 3160 nondum
904 3103 1103 3160 tamen
1147 3102 1366 3178 ubique
1411 3103 1701 3178 pristinae
1732 3103 2068 3180 integritati
2098 3104 2417 3162 restitutus
2447 3122 2577 3162 esse
2607 3103 2767 3165 vide·

435 3190 551 3243 tur.
613 3185 722 3261 Ita,
770 3189 840 3244 ut
882 3187 1169 3245 nonnulla
1212 3186 1628 3246 tantummodo
1671 3188 1736 3245 in
1780 3188 1970 3247 libelli
2014 3187 2131 3247 fine
2175 3208 2243 3247 ex
2275 3188 2385 3247 hoc
2413 3191 2593 3262 poeta
2624 3189 2765 3248 affe-

436 3289 580 3344 ram,
628 3290 801 3330 nemo
846 3272 1241 3347 interpretum
1284 3271 1723 3348 animadvertit,
1770 3292 2007 3332 versum
2056 3276 2135 3333 66

738 3381 1029 3465 ἀτρεκέως
1074 3386 1294 3469 ἱέρειαν
1337 3385 1584 3462 ε’πάξιον
1627 3386 1838 3469 εὕρατο
1883 3382 2148 3469 Κύπρις,

433 3525 625 3583 neque
683 3526 816 3566 cum
859 3509 1344 3570 antecedentibus
1388 3509 1704 3569 cohaerere
1751 3511 2004 3585 abrupte
2047 3510 2339 3586 positum,
2402 3527 2514 3568 nec
2558 3513 2769 3586 poetae

437 3592 792 3652 describenti
850 3595 994 3653 satis
1051 3595 1385 3654 convenire.
1477 3594 1868 3654 Collocandus
1924 3595 2025 3653 ille
2083 3595 2318 3654 videtur
2379 3594 2439 3653 in
2498 3597 2763 3655 oratione

435 3678 666 3737 iuvenis
711 3678 1002 3737 desiderio
1045 3680 1254 3755 perciti
1300 3684 1436 3755 post
1479 3699 1535 3739 v.
1572 3682 1672 3738 76.
1746 3680 1871 3738 Iam
1916 3680 2071 3738 enim
2106 3680 2257 3755 vide,
2305 3698 2480 3754 quam
2516 3680 2667 3739 bene
2698 3699 2766 3739 ea

434 3762 716 3837 procedat
760 3763 898 3822 inde
943 3783 976 3821 a
1019 3784 1075 3824 v.
1130 3764 1210 3822 74
1254 3765 1472 3824 oratio:

740 3877 841 3938 καὶ
887 3877 1167 3959 Σπαρτης
1214 3878 1472 3960 ἐπέβην,
1518 3881 1973 3959 Λακεδαίμονος
2018 3878 2270 3978 ἔδρακον
2312 3876 2493 3961 ἄστυ,

737 3957 840 4046 ᾗχι
881 3961 1079 4044 μόθον
1122 3962 1222 4025 καὶ
1267 3962 1496 4026 ἄεθλον
1537 3962 1838 4043 ἀκούομεν
1880 3958 2204 4070 ἀγλαϊαων·

743 4049 910 4126 τοίην
951 4046 1010 4109 δ’
1061 4042 1269 4110 ουποτ’
1319 4050 1534 4111 ὄπωπα
1579 4048 1758 4129 νέην,
1805 4045 2028 4129 κεδνήν
2070 4045 2141 4110 θ’
2188 4048 2429 4149 ἁπαλήν
2471 4071 2563 4114 τε·

739 4127 1100 4212 ἀτρεκέως
1148 4133 1430 4214 ἱέρειαν
1476 4134 1784 4210 ἐπάξιον
1827 4131 2094 4211 εὕρατο
2140 4129 2466 4213 Κύπρις,

739 4240 839 4277 και
889 4218 1037 4298 τάχα
1083 4218 1323 4301 Κύπρις
1368 4218 1483 4299 ἔχει
1527 4221 1808 4301 Χαρίτων
1849 4219 1995 4299 μίαν
2037 4217 2429 4304 ὁπλοτεράων.

436 4338 692 4416 Dignam
740 4340 1005 4414 profecto
1025 4341 1229 4401 Venus
1275 4343 1639 4403 sacerdotem
1683 4343 1943 4417 invenit3
1991 4343 2132 4419 quid
2164 4343 2321 4419 quod
2356 4342 2556 4402 Venus
2586 4362 2762 4402 unam

436 4425 733 4484 iuniorum
784 4423 1121 4485 Gratiarum
1168 4428 1362 4501 habet,
1409 4428 1533 4486 scil.
1582 4428 1970 4488 sacerdotem.

445 4639 586 4720 ’Ἠ
