3132 5129
358 2591 417 2639 15

1407 369 1700 434 -258
1791 407 1865 415 —

641 524 798 596 Quos
843 545 913 585 ex
960 528 1248 603 separatis
1291 527 1388 585 his
1432 527 1666 586 duobus
1708 528 2027 604 prooemiis
2061 546 2264 588 versus
2294 528 2539 604 removi,
2586 530 2807 604 partim
2890 550 2902 559 ·

465 613 1109 687 interpolationes
1166 616 1308 671 sunt
1364 612 1601 671 aliunde
1659 613 1953 672 intrusae:
2027 614 2287 688 primum
2339 633 2393 673 v.
2441 615 2520 672 46
2568 633 2637 672 ex
2689 618 2804 672 111

465 695 535 753 οἴ
571 690 624 753 τ’
676 693 741 754 ἐκ
786 703 908 754 τῶν
954 692 1223 773 ἐγένοντο
1265 693 1403 754 θεοὶ
1447 697 1711 773 δωτῆρες
1758 693 1916 755 ἐάων
1957 699 2248 774 repetitus
2291 699 2366 758 ab
2397 700 2655 773 homine,
2705 701 2808 774 qui

465 801 585 841 non
619 782 848 841 videret
881 782 1093 841 horum
1125 783 1368 840 deorum
1403 801 1593 858 genus
1625 786 1909 859 sequente
1940 802 2120 842 versu
2148 785 2228 841 47
2261 784 2519 859 includi3
2567 788 2696 841 tum
2728 785 2808 842 48

768 893 1099 976 ἀρχόμεναί
1138 893 1212 957 θ’
1262 895 1516 977 ὑμνεῦσι
1558 896 1700 959 θεαὶ
1747 892 2071 978 λήγουσαί
2108 891 2161 958 τ’
2211 895 2420 978 ἀοιδῆς

463 1039 595 1079 cum
660 1020 1007 1095 turpissimo
1073 1019 1254 1094 vitio,
1325 1020 1483 1095 quod
1542 1024 1749 1080 contra
1803 1021 2096 1079 librorum
2157 1022 2576 1080 auctoritatem
2633 1024 2810 1096 atque

464 1124 670 1163 sensus
715 1106 1126 1163 necessitatem
1172 1123 1294 1163 non
1325 1105 1582 1164 debebat
1613 1105 1854 1179 mutari,
1899 1105 1975 1164 ad
2008 1105 2432 1165 vindicandum
2461 1105 2622 1165 Iovis
2650 1108 2809 1181 prin-

462 1191 721 1265 cipatum
793 1192 1083 1265 perpetua
1138 1207 1260 1247 non
1319 1190 1514 1248 minus
1570 1190 1908 1249 laudatione
1965 1191 2244 1266 dignum,
2309 1210 2490 1265 quam
2547 1190 2809 1265 ipsarum

462 1276 767 1333 Musarum
811 1274 1129 1332 celebratio
1174 1294 1230 1336 v.
1259 1275 1340 1332 34
1364 1306 1446 1315 —
1471 1270 1714 1352 πρῶτόν
1757 1293 1816 1332 τε
1862 1271 1965 1331 καὶ
2009 1270 2264 1333 ὕστατον
2306 1270 2439 1333 αἰὲν
2480 1267 2704 1333 ἀείδειν
2729 1308 2810 1318 --

461 1361 863 1434 promittitur,
911 1379 978 1417 ex
1027 1359 1158 1418 aliis
1204 1360 1348 1417 locis
1393 1364 1462 1417 ut
1505 1360 1714 1436 hymni
1757 1360 2201 1435 Hom.26,17
2249 1359 2307 1418 οἳ
2353 1355 2420 1416 δέ
2465 1352 2524 1415 σ’
2568 1353 2803 1439 ἀοιδοιΙ

462 1441 693 1525 ᾄδομεν
734 1434 1132 1521 ἀρχόμενοι
1177 1438 1536 1521 λήγοντες
1584 1438 1637 1501 τ’
1688 1449 1749 1503 et
1793 1446 2106 1504 notissimo
2152 1445 2254 1504 illo

764 1554 1164 1641 ἀρχόμενοι
1212 1559 1274 1619 δὲ
1322 1562 1522 1621 Λίνον
1565 1560 1666 1620 καὶ
1709 1560 1805 1639 λη
1818 1582 2085 1641 γοντες
2128 1559 2404 1620 καλέουσι

461 1683 795 1757 confectus3
842 1685 1142 1757 postremo
1190 1702 1241 1742 v.
1293 1684 1370 1740 67

764 1794 1097 1858 ἀθανάτων
1139 1797 1438 1857 κλείουσιν
1482 1792 1781 1875 ἐπήρατον
1824 1795 2015 1857 ὄσσαν
2059 1800 2271 1875 ἰεῖσαι,

460 1939 579 1996 quo
637 1920 816 1979 nimis
873 1920 1148 1995 generale
1209 1919 1367 1994 quod
1424 1918 1741 1978 videbatur
1784 1918 2046 1978 Musicae
2103 1919 2439 1979 cantilenae
2486 1938 2804 1996 argumen-

461 2008 591 2064 tum
621 2038 704 2046 —
734 2002 984 2062 πάντων
1026 2022 1084 2061 τε
1133 2000 1359 2080 νόμους
1406 1998 1504 2060 καὶ
1549 1998 1711 2079 ἤθεα
1756 1997 1941 2062 κεδνά
1971 2038 2051 2048 --
2083 2006 2158 2062 ad
2202 2023 2477 2063 normam
2522 2024 2806 2064 versuum

459 2091 559 2165 33,
608 2092 687 2146 44
735 2092 798 2148 et
845 2090 962 2148 105
1009 2090 1072 2147 in
1117 2109 1290 2147 usum
1334 2093 1544 2147 vocata
1590 2088 1852 2146 clausula
1896 2109 1955 2148 v.
1982 2090 2061 2147 65
2108 2091 2528 2148 coarctaretur.
2599 2088 2683 2147 Et
2711 2089 2809 2147 hic

455 2175 695 2250 quidem
753 2193 961 2234 versus
1019 2177 1220 2233 utrum
1289 2175 1405 2232 iam
1450 2175 1589 2231 ante
1634 2193 1710 2231 an
1753 2177 1891 2249 post
1933 2174 2391 2249 compositorem
2436 2174 2675 2232 demum
2729 2193 2805 2232 an

459 2259 534 2317 ab
580 2279 648 2318 eo
694 2260 823 2334 ipso
871 2259 1113 2317 additus
1158 2260 1267 2335 sit,
1315 2276 1489 2316 nemo
1536 2256 1782 2316 definire
1829 2257 2074 2334 audeat,
2122 2258 2225 2317 sed
2270 2258 2458 2334 ipsius
2503 2277 2656 2317 com
2672 2277 2802 2332 po-

456 2346 727 2403 sitoris
772 2364 898 2404 esse
944 2343 1063 2403 scio
1109 2345 1367 2419 primum
1414 2343 1495 2400 43

762 2456 1006 2537 δώματά
1051 2456 1105 2518 τ’
1153 2457 1514 2520 ἀθανάτων·
1560 2460 1630 2517 αἲ
1677 2454 1731 2514 δ’
1777 2457 2081 2538 ἄμβροτον
2124 2455 2313 2518 ὄσσαν
2356 2459 2536 2519 ἱεῖσαι

460 2601 532 2641 ex
575 2583 658 2642 40
690 2582 767 2660 -Ι-
805 2583 883 2642 65
941 2582 1307 2656 confectum,
1365 2585 1435 2638 ut
1487 2581 1605 2639 duo
1662 2580 1968 2655 prooemia
2012 2581 2483 2656 conglutinaret,
2550 2584 2674 2640 tum
2721 2582 2798 2639 51

436 2668 775 2742 repetitum
833 2666 955 2725 sere
1012 2686 1082 2725 ex
1129 2668 1206 2724 37
1232 2711 1246 2740 ,
1306 2668 1374 2724 ut
1417 2665 1828 2741 conglutinata
1871 2665 2019 2723 bene
2065 2665 2446 2724 concluderet
2488 2667 2668 2741 atque
2713 2684 2802 2724 re-

457 2752 611 2810 iecto
656 2751 769 2809 huc
814 2751 991 2809 simul
1036 2751 1281 2809 alterius
1327 2749 1619 2826 prooemii
1662 2749 1838 2808 initio
1885 2750 1965 2806 52
2014 2749 2289 2825 sequenti
2332 2749 2405 2808 de
2436 2749 2801 2809 Musarum

456 2835 755 2911 origine
813 2838 1035 2913 atque
1090 2837 1164 2894 in
1220 2833 1609 2911 Olympum
1667 2834 2127 2910 migratione
2183 2834 2432 2893 carmini
2497 2834 2803 2894 commode

456 2919 1025 3063 adnm{eol-cetetenim
1084 3005 1348 3080 quinta
1400 3007 1493 3064 est
1548 3004 1734 3062 totius
1790 3003 2013 3063 exordii
2058 3003 2461 3079 particula.
2551 3004 2801 3063 Initium

456 3089 726 3164 quidem,
772 3090 930 3164 quod
976 3090 1184 3165 periit,
1229 3090 1349 3149 tale
1394 3089 1580 3147 fuisse
1626 3088 1864 3148 videtur

625 3201 1014 3264 Μουσάων
1054 3197 1425 3285 ἀρχώμεθ’
1470 3201 1823 3282 Ὀλύμπια
1870 3200 2137 3282 δω’ματ’
2186 3202 2587 3282 ἐχουσέων,

452 3329 577 3369 slve

626 3407 954 3481 Μούσας
997 3405 1363 3486 ἀείδωμεν
1400 3402 1755 3486 Ὀλύμπια
1800 3402 2070 3486 δώματ’
2118 3404 2450 3485 ἐχούσας.

454 3530 610 3587 Nam
642 3529 842 3588 Musas
887 3529 1522 3606 ut,Olympicolas
1566 3531 1629 3587 et
1673 3531 1911 3587 tantum
1954 3531 2203 3604 propter
2231 3531 2482 3588 matrem
2513 3528 2797 3589 Eleuthe-

454 3634 655 3672 rarum
715 3617 1027 3688 patronam
1085 3634 1216 3673 cum
1273 3613 1560 3672 Helicone
1618 3614 1959 3673 coniunctas
2014 3613 2109 3672 hic
2153 3614 2392 3689 quidem
2449 3619 2624 3690 poeta
2676 3616 2795 3673 iam

453 3699 796 3776 celebrabat
841 3699 952 3758 hoc
995 3699 1205 3758 modo:

623 3825 728 3901 τάς
773 3828 840 3891 έν
885 3832 1100 3936 Πιερίῃ
1146 3831 1414 3936 Κρονίδῃ
1458 3827 1588 3891 τέκε
1631 3827 1809 3908 πατρὶ
1855 3836 2090 3908 μιγεῖσα
2730 3841 2795 3889 63

623 3914 1010 3994 Μνημοσύνη
1053 3922 1361 3995 γουνοῖσιν
1399 3914 1763 3994 Ἐλεῦθῆρος
1805 3914 2131 3993 μεδέουσα,

619 3999 1006 4078 λησμοσυνην
1049 4023 1109 4061 τε
1152 4010 1360 4061 κακῶν
1400 3998 1700 4079 ἄμπαυμά
1746 4021 1804 4060 τε
1848 3999 2220 4080 μερμηράων.
2728 4009 2793 4057 55

792 4083 965 4146 ἐννέα
979 4084 1120 4189 γάρ
1165 4086 1230 4146 οἱ
1265 4084 1488 4158 νύκτας
1534 4083 1798 4165 {ulmeto
1839 4085 2082 4162 μητίετα
2127 4075 2277 4156 Ζευς

447 4179 479 4227 6
625 4164 846 4267 νόσφιν
887 4166 995 4230 ἀπ’
1041 4166 1373 4232 ἀθανάτων
1414 4168 1575 4251 ῐερὸν
1617 4169 1781 4248 λέχος
1826 4169 2297 4275 εἰσαναβαίνων·

541 4265 546 4270 ’
616 4251 746 4316 ἀλλ’
793 4246 887 4315 ’ὅτε
933 4253 1007 4334 δή
1053 4253 1109 4334 ῤ’
1160 4253 1434 4328 ἐνιαυτὸς
1477 4254 1633 4361 ἔην,
1657 4252 1790 4334 περὶ
1836 4249 1898 4314 δ’
1947 4253 2204 4334 ἔτραπον
2246 4245 2395 4333 ωραι

614 4349 826 4441 μηνῶν
868 4338 1255 4420 φθινόντων,
1299 4338 1434 4421 περὶ
1479 4335 1541 4399 δ’
1590 4337 1788 4418 ἤματα
1833 4336 2051 4400 πάντ’
2103 4337 2278 4443 (sici)
2324 4335 2636 4417 ἐτελέσθη,

616 4418 654 4502 ἡ
700 4419 758 4482 δ’
808 4421 961 4485 ἔτεκ’
1010 4422 1183 4485 ἐννέα
1229 4434 1452 4506 κοῦρας
1497 4420 1871 4504 ὁμόφρονας,
1917 4415 2064 4507 ᾗσιν
2105 4420 2280 4501 ἀοιδη
2725 4433 2792 4482 60
