3132 5129
1300 415 1764 479 —165—

352 566 491 630 ὅθι
534 570 724 646 φασί
761 575 1026 648 apparet,
1071 572 1232 648 quod
1275 574 1407 631 toto
1452 573 1616 632 caelo
1660 573 1735 631 ab
1781 575 1944 632 omni
1975 576 2169 634 nostri
2200 575 2478 635 carminis
2508 577 2708 637 indole

358 656 562 733 distat,
609 657 715 717 sed
757 657 940 716 etiam
985 657 1122 716 inde
1168 657 1440 717 concludi
1483 659 1702 733 potest,
1753 657 1911 734 quod
1956 660 2252 720 emblema
2296 661 2703 737 splendidissi-

358 761 520 801 mum
567 743 669 802 vix
713 742 844 803 loco
889 743 1085 802 minus
1130 742 1440 803 commodo
1484 743 1671 803 inseri
1714 745 1972 818 poterat.

531 827 687 885 Tum
733 847 789 887 v.
828 829 947 886 123
980 847 1069 903 sq.

763 925 1087 1005 νυμφάων,
1131 929 1200 987 αἳ
1242 921 1441 1006 ἔχουσ’
1491 923 1681 1005 ὀρέων
1722 929 1963 990 αἰπεινὰ
2008 929 2243 1010 κάρηνα

763 1010 865 1072 καὶ
907 1010 1104 1092 πηγὰς
1147 1021 1433 1091 ποταμοῖν
1475 1011 1578 1073 καὶ
1620 1013 1796 1074 πίσεα
1838 1015 2147 1096 ποιήεντα,

357 1119 494 1191 post
549 1116 914 1176 luculentam
958 1116 1250 1177 Nitzschii
1304 1119 1887 1194 argumentationem
1942 1124 2100 1182 recte
2157 1141 2348 1198 nuper
2392 1121 2698 1180 Bekkerus

356 1204 422 1259 et
463 1200 868 1261 Kirchhoffius
914 1202 1280 1262 deleverunt.

525 1286 616 1344 De
660 1307 719 1347 v.
755 1287 877 1344 144

758 1366 1023 1448 λίσσοιτ’,
1067 1371 1123 1432 εἰ
1163 1369 1364 1443 δείξειε
1408 1368 1586 1431 πόλιν
1628 1371 1727 1432 καὶ
1769 1371 1981 1451 εἵματα
2028 1372 2160 1450 δοίη

355 1473 472 1531 iam
516 1474 793 1549 antiquos
839 1474 1072 1533 criticos
1134 1475 1329 1534 officio
1375 1495 1481 1534 suo
1529 1475 1763 1535 functos
1807 1496 1935 1536 esse
1979 1477 2247 1537 scholion
2294 1478 2696 1539 demonstrat.

350 1554 621 1636 περιττὸς
676 1551 710 1615 δ
767 1557 989 1635 στίχος·
1054 1549 1125 1616 οὗ
1179 1580 1292 1636 γαρ
1346 1555 1480 1637 περὶ
1526 1559 1632 1634 τῆς
1678 1558 1950 1632 διανοίας
1994 1554 2180 1638 αὐτῆς
2225 1557 2505 1637 διστάζει,
2549 1557 2696 1621 ἀλλὰ
2768 1583 2775 1594 ’

352 1650 476 1713 πῶς
532 1639 959 1719 παρακαλέσει,
1012 1637 1077 1744 ἢ
1130 1642 1384 1721 πλησίον
1438 1641 1614 1715 στὰς
1672 1644 1784 1723 (ita
1840 1647 2218 1706 scribendum
2277 1667 2385 1723 pro
2444 1648 2689 1724 vulgato

345 1727 600 1804 πλησίον
657 1725 857 1810 σταίη)
908 1723 951 1805 ἢ
991 1721 1342 1805 ἀφεστηκὼς
1386 1724 1600 1807 αὐτῆς·
1658 1727 1757 1788 καὶ
1806 1722 2180 1808 Ἀθηνοκλῆς
2224 1728 2291 1790 δὲ
2335 1726 2689 1792 ὑπώπτευσε

347 1808 449 1872 τὸν
493 1812 710 1891 στίχον.
796 1815 879 1872 Et
922 1817 1080 1874 recte
1125 1815 1312 1873 secuti
1358 1819 1500 1874 sunt
1541 1818 1903 1876 recentiores
1948 1836 2172 1877 omnes.

513 1900 739 1958 Versus
771 1900 893 1957 244
916 1919 1024 1975 sq.‚
1072 1900 1289 1975 quibus
1318 1899 1630 1975 Nausicaa,
1676 1920 1826 1976 quae
1871 1922 1906 1960 a
1947 1902 2216 1962 Minerva
2256 1922 2366 1979 per
2410 1923 2682 1963 somnum

345 1984 419 2042 de
463 1984 831 2043 instantibus
874 1984 1100 2060 nuptiis
1146 1984 1450 2044 admonita
1495 1990 1651 2061 erat,
1698 1987 1943 2046 intimos
1986 1988 2171 2047 animi
2217 2006 2429 2048 sensus
2474 1990 2685 2048 nativa

350 2069 740 2145 simplicitate
784 2069 1017 2129 ancillis
1062 2069 1294 2144 prodit:

752 2169 821 2229 αἲ
862 2168 976 2273 γὰρ
1021 2165 1147 2246 ἐμοὶ
1193 2164 1421 2229 τοιόσδε
1464 2168 1640 2244 πόσις
1686 2170 2041 2250 κεκλημένος
2086 2171 2181 2251 εἴη

764 2250 988 2314 ἐνθάδε
1034 2252 1328 2315 ναιετάων
1371 2255 1477 2314 καί
1516 2255 1582 2315 οῖ
1615 2248 1750 2316 αδοι
1792 2251 2015 2316 αὐτόθι
2056 2257 2316 2336 μίμνειν,

344 2379 492 2434 quas
550 2357 757 2418 turbas
812 2358 1203 2417 excitaverint
1257 2358 1679 2420 Alexandrinis
1733 2362 2139 2437 grammaticis
2196 2362 2502 2422 affectatae
2558 2365 2685 2422 cul·

348 2444 518 2503 tioris
567 2443 786 2502 saeculi
830 2443 1230 2502 taciturnitati
1288 2447 1469 2520 atque
1515 2441 1744 2504 difficili
1788 2446 2084 2522 regiarum
2131 2447 2434 2522 virginum
2479 2467 2683 2523 super-

343 2529 475 2588 biae
521 2528 817 2604 adsuetis,
874 2546 995 2588 non
1050 2529 1178 2588 siue
1235 2530 1355 2589 leni
1410 2531 1665 2605 quadam
1708 2530 1984 2591 irrisione
2028 2549 2385 2608 cognoscere
2426 2533 2572 2593 licet
2614 2552 2684 2593 ex

341 2615 611 2674 scholiis·
671 2611 954 2672 δοκοῦσιν
1007 2610 1071 2671 οἵ
1117 2607 1277 2692 λόγοι
1329 2609 1616 2717 ἀπρεπεῖς
1669 2612 1955 2720 παρθένῳ
2014 2606 2167 2675 εἶναι
2208 2612 2308 2674 καὶ
2352 2610 2686 2678 ἀκόλαστοι.

339 2695 551 2756 λύουσι
595 2693 661 2757 δὲ
707 2694 772 2756 ἐκ
817 2706 922 2756 τοῦ
965 2695 1319 2777 προσώπου·
1376 2694 1726 2760 ὑπόκεινται
1769 2697 1881 2779 γὰρ
1925 2709 2267 2778 τρυφῶντες
2312 2700 2378 2760 οἵ
2414 2702 2682 2776 Φαίακες

339 2804 440 2841 και
481 2779 867 2842 παντάπασιν
871 2773 1292 2876 ἁβροδίαιτοι.
1368 2782 1629 2883 Ἔφορος
1672 2781 1875 2861 μέντοι
1919 2783 2252 2860 τουμπαλιν
2309 2784 2548 2848 ἐπαινεῖ
2582 2786 2688 2849 τὸν
2765 2786 2780 2798 '

338 2866 517 2946 λόγον
574 2863 655 2940 ὦς
713 2864 772 2939 ἐξ
826 2877 1093 2941 ευφυοῦς
1145 2867 1292 2946 πρὸς
1348 2861 1568 2947 ἀρετὴν
1633 2879 1856 2949 ψυχῆς.
1945 2872 2096 2931 Οιιιιι
2150 2873 2387 2945 Ephoro
2456 2877 2682 2935 sentire

337 2958 402 3013 et
446 2955 844 3015 recentiorum
888 2955 1231 3014 criticorum
1291 2958 1587 3032 optimum
1630 2976 1925 3033 quemque
1967 2960 2031 3017 et
2072 2957 2271 3032 ipsum
2317 2962 2679 3020 nostratium

335 3042 648 3115 poetarum
693 3038 1023 3116 principem
1053 3041 1199 3100 satis
1230 3045 1477 3114 constat,
1525 3041 1631 3101 sed
1662 3041 2076 3101 difficultatem
2103 3042 2316 3103 habuit
2348 3049 2485 3121 post
2513 3047 2675 3121 prio-

337 3144 461 3182 rem
509 3143 745 3184 versum
804 3127 1009 3200 aperte
1066 3123 1138 3183 de
1181 3127 1399 3185 marito
1444 3126 1641 3186 Ulixis
1686 3127 1983 3187 consimili
2026 3158 2111 3171 ——·
2158 3148 2277 3204 quo
2324 3131 2503 3189 simul
2549 3132 2676 3206 ipse

334 3209 508 3268 heros
551 3212 706 3269 tecte
749 3209 1078 3269 includitur
1126 3241 1201 3252 —
1245 3210 1719 3287 intellegendum
1763 3212 1917 3270 alter
1960 3213 2084 3285 ille,
2130 3214 2297 3273 cuius
2343 3215 2508 3291 prior
2536 3234 2674 3291 pars

334 3285 559 3352 ἐνθάδε
603 3314 892 3353 ναιεταων
934 3313 1069 3354 cum
1111 3295 1598 3355 antecedentibus
1643 3297 1962 3356 coniuncta
1990 3300 2239 3357 utrum
2224 3319 2416 3374 ipsum
2452 3300 2673 3359 diserte

333 3379 558 3439 indicet
587 3379 825 3438 Ulixem
855 3400 929 3438 an
960 3399 1146 3439 unum
1178 3400 1246 3439 ex
1291 3381 1720 3479 popularibus
1729 3381 1846 3440 iam
1890 3383 2047 3441 inter
2088 3382 2366 3458 antiquos
2411 3384 2487 3443 lis
2532 3384 2665 3456 fuit,

332 3484 586 3540 quorum
630 3466 734 3540 qui
776 3464 927 3522 illud
972 3466 1388 3540 praetulerunt
1417 3499 1500 3509 -—
1530 3469 1600 3524 ut
1641 3467 1724 3541 is,
1770 3468 1873 3542 qui
1917 3467 2061 3526 haec
2103 3468 2189 3525 ita
2233 3469 2660 3545 interpretatus
2713 3494 2777 3540 18

334 3553 426 3608 est·
477 3546 612 3607 ειθε
666 3543 698 3606 ὁ
758 3557 1096 3650 τοιοῦτος
1161 3543 1443 3627 ὖπαρξειέ
1500 3571 1600 3626 μοι
1652 3545 1806 3628 ἀνὴρ
1860 3548 2227 3625 καλούμενος
2282 3550 2385 3612 καὶ
2441 3549 2665 3611 ἐνθάδε

332 3632 514 3693 οἰκῶν
556 3630 655 3692 καὶ
698 3627 940 3710 ἀρέσκοι
981 3627 1145 3715 αὐτῷ
1198 3631 1400 3712 μένειν
1454 3625 1570 3694 ὦδε
1615 3667 1727 3710 -,
1784 3637 2144 3695 contrarium
2188 3638 2413 3698 habent
2455 3657 2667 3713 prono-

334 3738 469 3777 men
518 3713 843 3793 τοιόσδε,
904 3718 1064 3795 quod
1104 3694 1274 3779 ‘nullo
1318 3723 1492 3796 pacto
1538 3721 1826 3798 simplicis
1873 3720 2327 3781 demonstrativi
2380 3723 2542 3783 vices
2587 3724 2672 3781 ita

333 3804 624 3863 sustinere
669 3807 886 3880 potest,
932 3808 1001 3863 ut
1044 3805 1241 3864 herois
1286 3807 1473 3865 solam
1516 3825 1834 3881 personam
1879 3806 2050 3865 unice
2081 3806 2351 3883 denotet3
2397 3809 2500 3883 qui
2531 3826 2672 3867 vero

333 3888 581 3947 alteram
626 3889 1032 3963 probaverunt
1073 3890 1657 3966 interpretationem,
1716 3909 1836 3949 non
1896 3892 2092 3950 solum
2142 3911 2252 3968 per
2293 3892 2672 3968 participium

335 3968 561 4031 ἕνθαδε
621 3971 917 4032 ναιετάων
970 3975 1299 4035 insolenter
1353 3975 1623 4036 denotari
1667 3975 1946 4036 Phaeacia
2002 3977 2310 4036 cuiusdam
2363 3978 2670 4036 notionem

334 4058 585 4133 faciunt,
650 4060 754 4118 sed
820 4060 1000 4119 etiam
1063 4060 1394 4119 inauditam
1458 4060 1783 4136 particulae
1841 4058 1968 4118 καί
2028 4062 2312 4163 affingere
2377 4064 2673 4137 coguntur

333 4143 855 4219 significationem:
917 4142 1052 4203 εἴθε
1108 4164 1194 4215 τις
1238 4140 1305 4203 ἔκ
1348 4153 1469 4204 των
1511 4141 1803 4203 Φαιακων
1844 4165 2043 4221 ομοιος
2087 4153 2173 4228 τῳ
2208 4138 2488 4204 Ὀδυσσεῖ
2520 4139 2672 4222 ἀνήρ

330 4246 445 4301 μου
500 4224 605 4331 εἴη
668 4224 1048 4305 κεκλημένος,
1107 4251 1147 4305 η
1193 4221 1353 4333 αὐτῷ
1397 4238 1476 4334 τῷ
1533 4222 1823 4289 Ὀδυσσεῖ
1866 4226 2011 4287 αδοι
2075 4204 2340 4289 ἐνταῦθα
2405 4228 2668 4307 μίμνειν,

332 4308 427 4369 ιν’
485 4302 524 4393 ᾖ
589 4306 622 4370 ὗ
689 4312 816 4372 καί
876 4307 1011 4372 ἀντὶ
1075 4321 1181 4372 τοῦ
1230 4312 1304 4392 ἥ,
1373 4289 1455 4387 ὥς
1510 4311 1578 4373 ἐν
1632 4322 1712 4372 τῶ
1765 4310 1943 4392 ,,ἤτοι
1997 4304 2029 4371 ὁ
2084 4310 2197 4392 μὲν
2250 4313 2518 4398 πρώτῃσι
2571 4313 2671 4375 καὶ

328 4389 639 4479 ὑστατίῃσι
667 4394 917 4476 βόεσσιν
948 4395 956 4480 Ι
987 4393 1120 4458 αἰὲν
1146 4392 1524 4477 ομοστιχοὶει66
1558 4398 1637 4477 (Ο
1656 4400 1830 4481 634).
1874 4400 2030 4460 Hinc
2058 4403 2227 4476 patet
2256 4401 2664 4462 Aristarchum

331 4485 601 4559 quamvis
657 4486 720 4543 et
779 4484 975 4560 ipsum
1030 4504 1169 4546 suae
1224 4486 1437 4546 aetatis
1493 4485 1758 4544 moribus
1812 4485 2166 4560 implicitum
2223 4490 2421 4547 tamen
2478 4487 2668 4564 magis
