3132 5129
1331 448 1408 453 ψ-
1463 375 1619 473 ’347
1716 447 1785 455 —

399 562 456 621 Y
481 564 597 622 371
638 583 724 639 sq.

645 664 743 744 Τῷ
790 660 847 721 δ’
898 661 1010 743 ἐγώ
1059 660 1259 736 άντίος
1303 658 1423 743 εἶμι
1466 664 1566 725 καὶ
1612 667 1666 726 εἰ
1708 664 1849 743 πυρὶ
1893 671 2089 743 χεῖρας
2135 665 2347 745 ἔοικεν,

640 749 694 808 εἰ
736 746 878 825 πυρὶ
925 756 1127 827 χεῖρας
1171 748 1344 824 ἔοικε,
1388 749 1564 828 μένος
1612 746 1668 807 δ’
1716 749 1944 810 αἴθωνι
1989 749 2235 832 σιδήρῳ.

395 868 634 929 Similes
679 872 821 929 sunt
864 870 923 929 hi
970 871 1086 930 loci
1129 889 1201 929 ex
1246 871 1566 946 Apollonio
1614 871 1877 931 Rhodio:
1927 872 2006 947 11,
2055 876 2177 931 339
2204 894 2291 949 sq.

641 1020 719 1029 —-
768 1021 849 1029 —
895 983 965 1046 οὐ
1009 983 1122 1065 γάρ
1167 1008 1230 1047 κε
1278 979 1462 1047 κακὸν
1505 986 1691 1067 μόρον
1737 984 2054 1060 ἐξαλέασθε

642 1067 932 1151 πετράων,
980 1068 1115 1132 οὐδ’
1165 1071 1228 1131 εἶ’
1265 1094 1332 1132 κε
1374 1074 1644 1151 σιδηρείη
1688 1070 1871 1156 πέλῃ
1917 1071 2057 1155 (sie)
2098 1069 2306 1155 Ἀργώ.

387 1190 492 1268 IV,
545 1192 706 1250 1655

643 1326 725 1336 —
770 1327 851 1337 —
895 1289 1090 1371 μούνη
1132 1292 1245 1371 γὰρ
1290 1286 1485 1372 όίομαι
1532 1289 1681 1373 ὔμμι
1728 1292 2059 1370 δαμάσσειν

637 1374 1008 1542 ἕῖδέῗμέξν,
1055 1376 1216 1451 ὅστις
1259 1374 1358 1439 δ’δ’
1407 1377 1550 1457 ἐστι’,
1596 1378 1697 1439 καὶ
1743 1381 1797 1440 εἰ
1837 1377 2211 1459 παγχάλκεον
2256 1380 2404 1459 ἴσχει

559 1584 634 1643 V.
683 1587 762 1644 93
795 1604 925 1661 sqq.

643 1702 703 1761 οἳ
745 1700 854 1780 μὲν
898 1693 1011 1781 γάρ
1062 1699 1326 1778 Τρωεσσι
1370 1701 1681 1778 μενοίνεον
1723 1724 1894 1782 ευχος
1938 1697 2167 1783 ὀρέξαι,

645 1787 704 1846 οἳ
746 1783 804 1847 δ’
852 1783 958 1865 ἄρ’
1002 1783 1299 1866 Ἀχαιοῖς,
1344 1788 1413 1885 οἳ
1458 1786 1534 1848 δὲ
1580 1787 1860 1887 διάνδιχα
1902 1784 2259 1867 μητιόωντες

641 1869 922 1951 δέρκοντο
965 1873 1301 1944 κτείνοντας
1343 1864 1460 1933 άνα
1505 1872 1703 1952 μόθον
1745 1866 2105 1952 ὀλλυμένους
2152 1895 2227 1934 τε.

395 1992 729 2051 Secundum
803 2012 1035 2052 versum
1094 1994 1459 2069 Tychsenius
1516 2015 1547 2053 o
1605 1995 2020 2054 Rhodomanni
2077 1996 2415 2054 coniectura
2468 1995 2726 2070 scripsit,

390 2096 520 2136 eum
568 2078 632 2135 in
677 2077 817 2136 Ald.
865 2097 1071 2137 manco
1118 2098 1294 2138 versu
1337 2077 1405 2136 οἳ
1453 2073 1523 2136 δέ
1568 2082 1963 2138 omitteretur.
2053 2080 2139 2138 At
2183 2083 2339 2138 recte
2386 2078 2729 2138 Gerhardus

391 2165 531 2222 lectt.
587 2161 777 2236 Apoll.
836 2184 893 2240 p.
962 2164 1083 2221 215
1138 2167 1200 2222 et
1255 2164 1534 2223 insolenti
1592 2165 2074 2240 interpunctione
2130 2170 2192 2223 et
2254 2183 2325 2223 eo
2392 2163 2726 2239 offenditur,

392 2247 551 2323 quod
604 2248 822 2322 triplex
877 2248 986 2307 hoe
1041 2248 1218 2307 modo
1276 2249 1569 2308 inferatur
1614 2250 1876 2308 Deorum
1933 2250 2249 2309 sententia.
2341 2249 2418 2306 Hi
2478 2267 2620 2308 vero
2667 2249 2728 2306 in

391 2334 537 2391 duas
582 2339 781 2407 partes
828 2333 1181 2392 discessere:
1229 2333 1329 2391 alii
1373 2333 1647 2393 Troianis
1693 2335 1912 2408 favent,
1960 2333 2198 2393 Graecis
2243 2333 2364 2391 alii.
2455 2331 2545 2392 cf.
2591 2333 2725 2408 XII,

398 2419 515 2476 162
547 2435 632 2493 sq.
681 2416 817 2493 δίχα
861 2412 928 2475 δέ
973 2431 1143 2488 σφισι
1189 2407 1385 2492 θυμὸς
1423 2414 1433 2495 Ι
1474 2413 1666 2476 ἔπλετ’
1715 2411 2092 2495 ὀρινομένων
2181 2418 2395 2493 Itaque
2440 2416 2727 2478 Gerhard.

392 2522 463 2561 ex
493 2501 635 2561 Hes·
657 2501 811 2579 Opp.
851 2505 926 2561 13
960 2490 1060 2560 δια
1091 2494 1151 2559 δ’
1195 2499 1411 2580 ανδιχα
1443 2493 1648 2579 θυμὸν
1680 2498 1912 2581 ἔχουσιν
1943 2504 2028 2563 sio
2056 2502 2435 2562 scribendum
2463 2504 2725 2578 putavit:

649 2621 709 2680 οἳ
756 2615 820 2677 δ’
866 2613 965 2696 άρ’
1010 2616 1450 2699 Ἀχαιοῖσιν·
1496 2613 1621 2682 δια
1669 2615 1726 2678 δ’
1775 2619 2049 2699 ἄνδιχα
2092 2618 2446 2700 μητιόωντες

647 2703 928 2783 δέρκοντο
973 2712 1085 2768 etc.

390 2827 539 2885 bene
594 2826 863 2902 quidem,
922 2826 1080 2903 quod
1134 2827 1494 2887 sententiam
1547 2827 1795 2903 attinet,
1856 2826 1959 2887 sed
2021 2830 2218 2886 tamen
2262 2844 2438 2886 versu
2484 2845 2519 2883 a
2564 2826 2724 2885 facili

392 2912 599 2983 Quinti
645 2912 948 2987 elegantia
992 2912 1204 2987 alien0,
1253 2932 1616 2994 quamquam
1662 2913 1870 2988 fateor,
1920 2913 2148 2971 Monac.
2182 2911 2410 2987 aliquid
2441 2911 2727 2988 praesidii

389 2997 691 3073 praebere,
741 2996 801 3055 in
845 3016 962 3073 quo
1001 2989 1373 3072 Ἀχαιοῖσι
1419 2999 1662 3075 legitur.
1737 2996 2029 3073 Equidem
2072 2989 2190 3067 αρ’
2236 2991 2559 3073 Ἀχαιοῖς
2604 3015 2730 3055 001·-

390 3087 639 3157 ruptum
685 3100 895 3141 censeo
940 3101 1010 3140 ex
1050 3076 1446 3159 Ἀργείοις,
1492 3085 1804 3158 locumque
1851 3083 1936 3141 ita
1979 3082 2308 3141 constituo:

645 3197 717 3257 οἳ
759 3194 838 3258 δὲ
883 3197 998 3258 καὶ
1039 3192 1431 3279 Ἀργείοις·
1479 3195 1582 3260 διά
1628 3188 1684 3259 δ
1731 3196 1952 3278 ανδιχα
1994 3196 2368 3277 μητιόωντες.

397 3319 528 3378 Nisi
575 3319 668 3378 hie
710 3337 948 3395 quoque
996 3339 1200 3381 versus
1245 3320 1489 3396 excidit,
1546 3324 1611 3380 et
1660 3320 2064 3379 huiuscemodi
2110 3320 2253 3395 quid
2299 3319 2521 3378 dietum
2567 3321 2725 3378 erat:

647 3436 720 3494 οἳ
762 3432 842 3495 δὲ
889 3433 1010 3494 καὶ
1041 3431 1488 3532 Ἀργείοισι,
1534 3430 1810 3515 διάνδιχα
1852 3436 2237 3514 μητιόωντες·

650 3514 780 3599 (ὡς
825 3520 897 3580 οἳ
941 3511 1054 3580 ἄπ’
1108 3517 1552 3620 Οὐλύμποιο
1597 3518 2018 3624 καθήμενοι
2063 3518 2137 3579 ἑν
2183 3513 2360 3592 Διὸς
2405 3514 2645 3601 αὐλῇ)

656 3603 933 3684 δέρκοντο
978 3606 1313 3679 κτείνοντας
1355 3597 1473 3666 άνα
1516 3606 1721 3685 μόθον
1762 3601 2122 3683 ὀλλυμέιους
2166 3627 2241 3670 τε.

395 3727 601 3786 Talem
649 3730 807 3787 certe
851 3728 1269 3802 repetitionem
1315 3729 1429 3788 seis
1474 3747 1509 3786 a
1553 3726 1773 3799 Quinto
1818 3745 1939 3787 non
1982 3745 2112 3786 esse
2156 3727 2428 3785 alienam.

562 3827 635 3888 V.
690 3829 807 3888 155
2762 3838 2862 3886 710

637 3922 960 3989 Ἱππόνοον
1005 3924 1063 3987 δ’
1112 3920 1425 4007 ἐδάμασσε,
1475 3919 1609 3988 κατ’
1660 3920 1885 4005 ὀφρύος
1930 3926 2145 3988 ἔνδον
2190 3922 2415 4006 ἐρείσας

648 4012 705 4086 ἐς
747 4005 1002 4091 θέμεθλ’
1051 4003 1414 4091 ὀφθαλμοῖο.

393 4135 618 4194 Mentio
664 4136 768 4194 teli
815 4134 1200 4209 desideratur,
1246 4154 1363 4211 quo
1405 4135 1707 4211 Hipponoi
1753 4135 1989 4194 oculum
2036 4133 2301 4192 Achilles
2346 4130 2728 4206 transfixerit,

393 4239 499 4278 noc
544 4221 739 4295 placet
784 4215 1008 4296 ερείσας
1062 4221 1220 4279 nude
1278 4221 1560 4297 positum.
1655 4219 2075 4278 Scribendum·
2138 4238 2244 4273 κατ
2330 4209 2468 4289 ὁφρ.
2517 4212 2729 4292 ἔγχος

390 4299 643 4374 ἐρείσας,
692 4306 812 4365 vid.
847 4304 1022 4364 Hom.
1059 4306 1258 4365 P358
1292 4309 1351 4364 et
1381 4304 1524 4363 alibi
1555 4299 1771 4380 (ἔγχος)
1818 4294 1918 4361 δια
1960 4295 2242 4399 θωρηκος
2287 4296 2731 4359 πολυδαιδάλου

391 4377 814 4466 ἠρήρειστο.
896 4386 1150 4465 Ἕνδον,
1196 4390 1353 4465 quod
1400 4394 1644 4465 propter
1688 4389 1997 4464 sequentia
2041 4388 2285 4446 minime
2330 4391 2423 4447 est
2464 4407 2727 4448 necessa·

392 4476 566 4550 rium,
615 4479 811 4536 ortum
858 4474 1095 4534 videtur
1138 4494 1208 4535 ex
1241 4495 1293 4535 v.
1332 4477 1468 4551 154,
1516 4476 1639 4552 qui,
1688 4492 1820 4534 eum
1866 4474 1927 4534 in
1972 4474 2100 4537 eod.
2135 4473 2361 4532 Monac.
2396 4477 2535 4549 post
2575 4460 2725 4529 ἀλλά
