3132 5129
383 500 433 555 Z
466 499 787 559 98—101.
822 498 888 555 Η
920 500 1039 557 113
1070 518 1157 573 sq.
1205 498 1352 556 ibid.
1388 498 1742 560 226—230.
1815 499 2089 572 EvolvaS,
2136 517 2372 575 quaeso,
2435 499 2542 557 hos
2574 499 2734 559 locos

387 588 450 642 et
504 583 753 658 putabis
817 584 879 641 in
931 583 1196 642 numeris
1249 585 1512 641 erratum
1571 602 1724 643 esse:
1785 587 1906 643 tam
1965 583 2117 642 nihil
2178 582 2405 641 faciunt
2462 583 2536 641 ad
2581 602 2728 659 eam,

386 688 565 744 quam
627 668 968 728 Nitzschius
1023 669 1097 727 iis
1154 668 1423 727 stabilire
1483 667 1742 741 studuit,
1798 668 2166 744 probandam
2211 668 2601 741 sententiam,
2666 672 2735 728 ut

389 754 442 811 ei
488 753 640 812 adeo
685 753 961 812 nonnulli
991 752 1408 814 adversentur!
1487 750 1766 812 Unicus
1811 756 1904 812 est
1948 754 2016 811 in
2064 755 2228 812 tota
2271 752 2504 811 Iliade
2547 754 2729 827 locus,

390 857 510 914 quo
570 857 643 897 ea
699 838 999 897 sententia
1044 837 1264 897 diserte
1309 837 1651 913 exponitur,
1714 839 1771 893 E
1811 839 2165 912 787-791,
2213 837 2316 896 ubi
2359 837 2509 897 Iuno
2557 838 2730 899 dicit:

695 951 912 1031 αἰδώς,
952 949 1234 1035 Ἀργεῖοι,
1278 949 1416 1013 κάκ’
1465 951 1730 1033 ἐλέγχεα,
1776 946 1930 1025 εἶδος
1974 950 2210 1034 ἀγητοί*

690 1038 850 1117 ὄφρα
891 1034 1004 1116 μὲν
1047 1037 1107 1111 ἐς
1152 1037 1410 1117 πόλεμον
1452 1037 1782 1100 πωλέσκετο
1826 1039 1954 1112 δῖος
1996 1035 2324 1118 Ἀχιλλεύς,

694 1119 835 1184 οὐδέ
876 1144 1014 1184 ποτε
1065 1128 1259 1203 Τρῶες
1301 1121 1416 1203 πρὸ
1458 1122 1708 1184 πυλάων
1756 1123 2158 1203 Δαρδανιάων

695 1208 1031 1286 οἴχνεσκον·
1078 1209 1282 1269 κείνου
1324 1206 1436 1288 γὰρ
1482 1206 1782 1268 ἐδείδισαν
1827 1208 2075 1288 ὄβριμον
2118 1207 2312 1288 ἔγχος·

698 1302 819 1354 νῦν
860 1290 928 1354 δὲ
974 1292 1115 1365 ἑκὰς
1160 1292 1364 1367 πόλιος
1409 1294 1610 1375 κοίλῃς
1656 1292 1754 1355 ἐπὶ
1801 1292 1974 1372 νηυσὶ
2019 1290 2323 1373 μάχονται.

390 1418 552 1489 Quae
598 1416 896 1474 sententia
941 1416 991 1474 si
1046 1434 1184 1474 vere
1230 1416 1501 1474 subesset
1544 1415 1737 1487 Iliadi,
1784 1434 1907 1474 non
1952 1434 2068 1474 uno
2114 1414 2375 1473 alterove
2419 1417 2577 1487 locO,
2626 1417 2729 1475 sed

390 1501 808 1561 innumeris
864 1501 1055 1559 locis
1113 1500 1367 1558 debebat
1420 1501 1638 1575 repeti3
1699 1499 1952 1559 debebat
2007 1499 2239 1558 diverso
2295 1500 2468 1558 modo
2526 1502 2728 1561 iactari

391 1588 453 1645 in
504 1586 845 1662 principum
891 1585 1297 1656 altercatione,
1343 1584 1599 1643 debebat
1642 1586 1704 1642 in
1734 1585 2003 1644 Thetidis
2048 1604 2180 1643 cum
2225 1583 2366 1643 Iove
2412 1586 2729 1662 colloquio,

389 1672 650 1730 debebat
693 1671 754 1728 in
787 1668 994 1728 Somni
1039 1670 1113 1727 ad
1160 1668 1555 1728 dormientem
1586 1669 2099 1744 Agamemnonem
2145 1671 2430 1741 oratione,
2479 1670 2735 1730 debebat

387 1758 452 1815 in
484 1754 795 1814 Thersitae
829 1754 1115 1826 convicio,
1147 1755 1307 1829 quod
1338 1771 1499 1813 nunc
1528 1754 1856 1813 miserrime
1888 1754 2191 1813 evanescit
2218 1754 2280 1812 in
2315 1756 2363 1810 B
2396 1755 2588 1812 239-
2610 1758 2729 1812 242

389 1841 633 1899 aliunde
688 1840 809 1897 sere
865 1839 1209 1915 desumptos
1264 1838 1415 1916 (240
1444 1866 1526 1887 =
1558 1840 1618 1894 A
1662 1840 1804 1897 356.
1853 1841 2007 1913 5073
2053 1872 2136 1880 —
2183 1839 2304 1896 242
2336 1865 2419 1886 =
2454 1841 2514 1896 A
2559 1834 2730 1921 232),

390 1925 650 1984 debebat
680 1927 816 1983 ante
848 1926 1047 1983 omnia
1080 1925 1139 1982 in
1171 1924 1350 1982 Iridis
1382 1923 1784 1982 admonitione
1817 1925 1866 1980 B
1893 1925 2012 1982 796
2030 1943 2180 1998 sqq.‚
2228 1943 2376 1998 quae
2406 1926 2535 1982 toto
2567 1925 2728 1983 caelo

392 2031 428 2068 a
468 2009 850 2069 Nitzschiano
911 2009 1219 2084 proposito
1276 2009 1485 2080 distat,
1545 2008 1799 2067 debebat
1856 2009 2111 2083 denique
2158 2013 2218 2067 et
2259 2009 2469 2083 quavis
2513 2010 2733 2085 pagina

391 2097 583 2170 repeti
628 2099 689 2153 et
733 2094 936 2152 statim
979 2094 1284 2169 prooemio
1328 2093 1604 2165 indicari,
1661 2093 1819 2167 quod
1873 2093 2405 2168 quomodocunque
2449 2093 2732 2152 diiudices

395 2179 470 2238 ab
516 2180 619 2238 illa
665 2179 964 2238 sententia
1006 2197 1247 2253 prorsus
1292 2178 1590 2240 abhorret.
1665 2176 1900 2246 Quanto
1946 2178 2272 2252 sapientior
2303 2178 2577 2250 Quintus,
2626 2179 2731 2254 qui

394 2264 889 2339 Paralipomenon
936 2263 1108 2321 initio
1154 2263 1578 2339 septemdecim
1628 2263 1896 2321 versibus
1942 2263 2253 2322 exornavit
2296 2262 2456 2338 quod
2501 2262 2729 2322 duobus

390 2349 745 2409 indicavisse
790 2348 935 2406 satis
980 2348 1221 2408 fuisset:

696 2465 773 2544 δὴ
818 2461 945 2524 τότε
996 2461 1185 2542 Τρῶες
1231 2463 1477 2542 ἔμιμνον
1518 2459 1635 2524 ἀνὰ
1683 2458 1979 2543 Πριάμοιο
2019 2461 2210 2542 πόληα

695 2546 979 2622 δειδιότες
1022 2547 1199 2628 με’νος
1242 2546 1323 2628 ἠὺ
1369 2548 1791 2629 θρασύφρονος
1840 2548 2166 2611 Αἰακίδαοὲ

562 2672 837 2732 Alterum
882 2673 991 2730 hoc
1036 2675 1148 2730 est.
1241 2672 1578 2731 Secundum
1624 2672 1908 2730 Nitzschii
1954 2670 2313 2730 sententiam
2357 2691 2426 2730 eo
2470 2674 2725 2730 maxime

394 2759 659 2817 Achilles
704 2757 944 2815 modum
992 2757 1240 2831 excedit,
1291 2757 1450 2832 quod
1493 2758 1725 2832 legatos
1770 2755 2045 2832 precibus
2077 2756 2249 2813 donis
2280 2756 2725 2831 pollicitationi·

394 2845 505 2901 bus
551 2842 849 2917 supplices
895 2841 1148 2916 superbe
1191 2842 1390 2915 reicit3
1438 2845 1606 2917 patet
1649 2842 1834 2917 igitur
1879 2860 2111 2900 omnem
2157 2841 2366 2916 culpae
2413 2842 2575 2900 illius
2606 2862 2724 2901 car·
2757 2849 2788 2898 8

393 2928 591 2986 dinem
648 2929 708 2985 in
765 2926 874 2985 hac
932 2927 1064 3001 ipsa
1123 2926 1364 3002 repulsa
1421 2927 1592 2985 verti.
1691 2926 1773 2983 Et
1823 2945 1964 2984 sane
2027 2945 2186 2985 nona
2249 2925 2353 2983 illa
2419 2926 2730 3002 rhapsodia

395 3016 565 3071 tanta
608 3016 738 3071 arte
782 3030 1039 3087 curaque
1085 3011 1392 3070 elaborata
1435 3014 1544 3082 est,
1594 3013 1688 3083 ut,
1734 3010 1783 3068 si
1830 3029 1982 3070 unus
2026 3014 2200 3085 poeta
2243 3013 2436 3068 totam
2481 3011 2727 3069 Iliadem

396 3098 753 3173 composuit,
800 3097 1086 3171 profecto,
1133 3115 1309 3172 quam
1352 3097 1552 3173 gravis
1596 3116 1669 3154 ea
1712 3114 1850 3170 pars
1881 3097 1979 3167 sit,
2027 3097 2085 3153 in
2133 3115 2202 3152 ea
2246 3095 2555 3154 scribenda
2598 3114 2726 3155 sen·

402 3183 546 3241 sisse
578 3182 872 3240 videatur.
935 3182 1146 3240 Nonne
1178 3182 1366 3258 igitur
1395 3183 1513 3240 iam
1558 3180 2019 3256 exspectandum
2063 3183 2156 3237 est
2199 3181 2259 3238 in
2305 3180 2493 3238 altera
2522 3180 2727 3238 Iliadis

397 3270 581 3343 parte,
627 3267 967 3342 ubicunque
1009 3267 1238 3325 occasio
1284 3268 1424 3325 data
1468 3267 1649 3324 fuerit
1683 3299 1756 3307 —
1792 3265 1967 3323 datur
2012 3268 2207 3322 autem
2253 3264 2594 3340 saepissime
2624 3298 2725 3338 —,

396 3370 521 3408 eam
594 3350 843 3409 Achillis
911 3352 1294 3426 pertinaciam
1360 3351 1677 3409 memorari
1739 3355 1916 3426 atque
1981 3348 2220 3408 notari?
2326 3349 2480 3420 Quid
2549 3350 2729 3408 vero?

396 3433 574 3504 Quasi
628 3435 871 3494 humida
928 3435 1178 3511 spongia
1232 3437 1294 3494 in
1350 3436 1453 3508 iia,
1527 3454 1678 3510 quae
1733 3439 2089 3510 sequuntur,
2158 3436 2350 3493 omnis
2413 3436 2727 3511 legationis

394 3520 681 3579 memoria
726 3519 917 3578 diluta
961 3520 1216 3591 videtur,
1263 3521 1312 3578 si
1356 3539 1539 3578 unum
1587 3520 1884 3594 exceperis
1928 3519 2122 3577 locum
2173 3520 2227 3575 T
2253 3520 2376 3578 140
2404 3538 2491 3593 sq.

695 3619 859 3698 δῶρα
905 3615 967 3679 δ’
1017 3616 1169 3698 ἐγὼν
1211 3616 1316 3679 ὅδε
1361 3617 1554 3679 πάντα
1599 3624 1948 3698 παρασχεῖν,
1993 3611 2138 3677 ὅσσα
2185 3639 2271 3678 τοι
2316 3615 2516 3678 ἐλθὼν

694 3703 897 3782 χθιζὸς
943 3700 1027 3763 ἐνὶ
1074 3704 1371 3787 κλισίῃσιν
1414 3699 1701 3782 ὑπέσχετο
1744 3703 1870 3775 δῖος
1911 3699 2266 3779 Ὀδυσσεύς,

395 3811 497 3885 qui
555 3810 722 3868 locus
776 3811 976 3867 utrum
1031 3808 1203 3866 initio
1261 3806 1342 3865 ibi
1400 3808 1657 3883 scriptus
1712 3827 1786 3866 an
1843 3807 2032 3866 serius
2087 3807 2326 3866 additus
2382 3805 2463 3865 sit
2517 3826 2724 3882 parum

389 3895 603 3966 refert,
658 3912 791 3952 cum
847 3911 971 3953 non
1026 3893 1217 3952 solum
1275 3893 1477 3951 ieiuna
1530 3893 1716 3952 solius
1773 3892 1965 3951 Ulixis
2025 3892 2327 3950 mentione
2382 3892 2488 3950 sed
2544 3891 2724 3950 etiam

391 3979 681 4055 temporis
727 3978 1125 4054 discrepantia
1165 3977 1312 4036 nihil
1360 3996 1670 4036 commune
1713 3977 1930 4035 habeat
1974 3996 2106 4035 cum
2138 3977 2260 4046 illa,
2307 3976 2472 4035 cuius
2505 3995 2722 4036 memo-

390 4065 541 4122 riam
587 4082 698 4138 per
738 4082 954 4123 novem
998 4063 1180 4122 libros
1235 4062 1732 4134 desideravimus,
1789 4062 2105 4137 legatione.
2193 4061 2284 4119 Eo
2328 4064 2532 4120 autem
2575 4062 2722 4134 loce,

388 4168 507 4223 quo
566 4148 662 4207 vel
717 4149 970 4208 maxime
1025 4147 1407 4207 inexorabilis
1461 4147 1716 4206 Achillis
1772 4147 2004 4206 animus
2071 4146 2450 4223 castigandus
2508 4150 2639 4206 erat
2692 4168 2727 4205 a

389 4233 676 4293 Patroclo
710 4232 778 4291 Π
808 4235 891 4292 20
920 4252 1072 4309 sqq.‚
1119 4233 1190 4291 de
1222 4233 1356 4292 aliis
1387 4231 1664 4291 omnibus
1702 4232 1878 4291 rebus
1908 4231 2096 4290 multa
2141 4232 2212 4290 de
2257 4232 2368 4290 hoc
2411 4231 2724 4307 superbiae

390 4319 635 4378 cumulo
696 4337 772 4376 ne
825 4324 939 4395 γρῦ
983 4319 1218 4394 quidem
1266 4318 1572 4392 audimus;
1629 4315 1894 4375 Achilles
1937 4334 2080 4375 vero
2128 4318 2201 4376 ad
2247 4336 2318 4375 ea
2358 4317 2726 4391 respondens

381 4406 526 4465 aiv.
564 4404 645 4463 72
678 4421 767 4479 sq.
816 4400 878 4462 εἴ
914 4421 1011 4479 μοι
1055 4400 1268 4482 κρείων
1306 4396 1690 4481 Ἀγαμέμνων
1726 4396 1737 4479 Ι
1775 4397 1956 4477 ἤπια
2002 4399 2184 4479 εἰδείη
2217 4401 2387 4473 dixit,
2433 4401 2721 4475 profecto,
