3132 5129
299 2033 366 2081 28

1364 338 1781 401 ...42-

813 490 1021 576 Αύτὰρ
1071 493 1337 576 Θρήικας
1381 487 1478 573 ἦγ’
1521 490 1781 572 Ἀκάμας
1827 492 1926 553 καὶ
1971 493 2222 571 Πείροος
2265 489 2456 572 ἥρως,

407 591 508 640 845
634 579 883 654 ὅσσους
921 578 1346 685 Ἑλλήσπιζντος
1390 575 1680 658 ἀγάρροος
1726 575 1892 675 ἐντὸς
1937 575 2143 657 ἐέργει.

814 666 1113 745 Εὔφημος
1158 662 1215 726 δ’
1265 659 1441 745 αρχὸς
1488 662 1771 723 Κικόνων
1812 646 1891 742 ἦν
1933 662 2313 741 αἰχμητάων,

662 749 790 823 υίὸς
842 753 1180 858 Τροιζήνοιο
1224 746 1579 830 Διοτρεφέος
1627 744 1881 814 Κεάδαο.

814 832 1025 915 Αύτᾶρ
1062 835 1427 941 Πυραίχμης
1470 857 1581 913 αγε
1627 833 1899 906 Παίονας
1942 826 2377 913 ἀγκυλοτόξους

664 916 920 999 τηλόθεν
964 919 1023 996 ἐξ
1062 916 1403 1000 Ἀμυδῶνος
1448 915 1557 980 ἄπ’
1602 914 1799 994 Ἀξιοῦ
1843 914 2245 998 εύρυρέοντος.

403 1059 501 1109 851
811 1056 1222 1122 Παφλαγόνων
1257 1056 1319 1109 δ’
1352 1054 1549 1119 ἡγεῖτο
1585 1053 1973 1116 Πυλαιμένεος
2009 1051 2207 1106 λάσιον
2242 1057 2348 1119 κῆρ

641 1142 699 1195 ἐξ
740 1140 1014 1207 Ἐνετῶν,
1050 1142 1184 1194 ὅθεν
1222 1141 1478 1206 ἡμιόνων
1514 1139 1680 1202 γένος
1716 1137 2111 1204 ἀγροτεράων,

639 1225 696 1279 οἵ
730 1228 801 1291 ῥα
840 1226 1109 1293 Κύτωρον
1146 1227 1307 1291 ἔχον,
1346 1226 1437 1277 καὶ
1475 1225 1746 1290 Σήσαμον
1780 1222 2204 1289 ἀμφενέμοντο,

638 1309 780 1376 ἀμφί
816 1327 879 1364 τε
916 1310 1236 1377 Παρθένιον
1282 1309 1547 1375 ποταμὸν
1584 1308 1762 1362 κλυτὰ
1797 1307 2022 1372 δώματ’
2057 1308 2272 1371 ἔναιον,

400 1397 502 1447 855
640 1394 918 1461 Κρῶμνάν
954 1397 1018 1448 τ’
1054 1394 1319 1460 Αίγίαλόν
1354 1410 1418 1448 τε
1456 1395 1548 1447 καὶ
1584 1392 1840 1461 ὑψηλοὺς
1881 1391 2210 1458 Ερυθίνους.

782 1505 1015 1613 Αύτάρ
1053 1510 1389 1589 Ἁλιζώνων
1425 1513 1619 1589 Ὀδίος
1663 1514 1763 1575 καὶ
1802 1510 2189 1592 Ἐπίστροφος
2235 1508 2419 1596 ἦρχον

660 1594 917 1680 τηλόθεν
961 1599 1021 1675 ἐξ
1062 1598 1355 1682 Ἀλύβης,
1402 1600 1556 1663 οθεν
1598 1596 1862 1705 ἀργύρου
1907 1595 2029 1660 ἐστὶ
2070 1597 2347 1679 γενέθλη.

812 1689 1054 1746 Μυσῶν
1097 1683 1164 1747 δὲ
1210 1687 1441 1768 Χρόμις
1486 1679 1628 1766 ἦρχε
1672 1683 1773 1745 καὶ
1804 1682 2100 1761 ’Έννομος
2144 1684 2474 1765 οἰωνιστής·

662 1767 793 1832 ἀλλ’
842 1766 951 1831 οὐκ
996 1771 1300 1833 οἰωνοῖσιν
1344 1770 1631 1878 ἐρύσσατο
1674 1771 1826 1849 κῆρα
1868 1767 2175 1848 μέλαιναν.

401 1866 501 1913 862
807 1854 1047 1935 Φόρκυς
1092 1849 1171 1917 αὖ
1221 1853 1467 1938 Φρύγας
1509 1849 1623 1937 ἦγε
1667 1854 1768 1916 καὶ
1804 1850 2120 1927 Ἀσκάνιος
2165 1846 2439 1934 θεοειδὴς

664 1937 793 2020 τῆλ’
841 1939 900 2015 ἐξ
940 1937 1291 2048 Ἀσκανίης·
1339 1941 1614 2020 μέμασαν
1657 1934 1718 1999 δ’
1765 1936 1974 2016 ὑσμῖνι
2014 1938 2332 2018 μάχεσθαι.

803 2025 1051 2109 Μῄοσιν
1093 2051 1172 2111 αυ
1222 2025 1519 2105 Μέσθλης
1563 2049 1622 2086 τε
1664 2047 1764 2085 και
1795 2023 2081 2100 ’Ἀντιφος
2126 2020 2512 2105 ἡγησάσθην,

400 2119 501 2168 865
657 2104 751 2172 υἷε
797 2103 1235 2190 Πυλαιμέιεος,
1282 2111 1359 2173 τώ
1408 2111 1641 2193 Γυγαίη
1682 2107 1809 2170 τέκε
1854 2108 2051 2186 λίμνη.

877 2245 1129 2313 [Νάστης
1163 2246 1235 2299 αὖ
1273 2247 1475 2309 Καρῶν
1510 2246 1772 2312 ἡγήσατο
1808 2245 2303 2310 βαρβαροφώνων,

773 2331 829 2384 οἳ
865 2331 1123 2397 Μίλητον
1158 2333 1290 2398 ἔχον
1326 2332 1585 2397 Φθειρῶν
1619 2331 1682 2382 τ’
1718 2330 1851 2395 ὅρος
1886 2328 2310 2394 ἀκριτόφυλλον

776 2415 1099 2483 Μαιάνδρου
1134 2433 1199 2470 τε
1234 2418 1371 2483 ῥοὰς
1408 2415 1680 2480 Μυκάλης
1716 2415 1778 2467 τ’
1816 2412 2042 2467 αἰπεινὰ
2077 2413 2321 2480 κάρηνα·

399 2503 501 2553 870
872 2505 994 2554 τῶν
1032 2501 1133 2568 μὲν
1168 2502 1267 2570 ἄρ’
1304 2501 1652 2568 Ἀμφίμαχος
1688 2500 1778 2552 καὶ
1808 2498 2031 2566 Νάστης
2067 2498 2428 2567 ἡγησάσθην,

773 2586 997 2653 Νάστης
1036 2586 1380 2653 Ἀμφίμαχός
1413 2603 1509 2653 τε,
1550 2584 1828 2652 Νομίονος
1860 2584 2042 2649 ἀγλαὰ
2077 2584 2274 2652 τέκνα,

770 2672 833 2735 ὃς
868 2674 958 2725 καὶ
997 2673 1207 2737 χρυσὸν
1242 2672 1393 2738 ἔχων
1428 2672 1746 2737 πόλεμόνδ’
1781 2670 1893 2734 ἴεν,
1931 2670 2070 2736 ἠύτε
2107 2670 2307 2738 κούρη·

871 2758 1106 2823 νήπιος,
1143 2757 1275 2810 οὐδέ
1310 2756 1366 2810 τί
1401 2758 1455 2811 οἱ
1490 2757 1626 2821 τόγ’
1662 2756 1942 2823 ἐπήρκεσε
1979 2756 2191 2821 λυγρὸν
2226 2756 2494 2823 ὀλεθρον,

768 2841 906 2894 ἀλλ’
942 2841 1115 2908 ἐδάμη
1153 2842 1269 2895 ὑπὸ
1306 2842 1462 2908 χερσὶ
1499 2841 1796 2905 ποδώκεος
1830 2840 2096 2894 Αἰακίδαο

396 2930 497 2978 875
771 2927 832 2979 ἐν
868 2931 1135 2995 ποταμῷ,
1173 2926 1385 2993 χρυσὸν
1421 2928 1480 2979 δ’
1520 2927 1773 2992 Ἀχιλεὺς
1808 2926 2070 2990 ἐκόμισσε
2106 2926 2402 2996 δαΐφρων]

800 3042 1146 3126 Σαρπηδων
1188 3045 1247 3108 δ’
1293 3040 1474 3129 ἦρχεν
1518 3047 1773 3108 Λυκίων
1816 3047 1916 3108 καὶ
1963 3050 2238 3120 Γλαῦκος
2279 3044 2536 3127 άμύμων

652 3131 906 3210 τηλόθεν
949 3130 1014 3193 ἐκ
1074 3134 1347 3212 Λυκίης,
1394 3131 1652 3198 Ξάνθου
1698 3154 1820 3194 απο
1863 3128 2182 3211 δινήεντος.

566 3271 1197 3346 Interpolator,cu1n
1252 3272 1326 3331 ad
1384 3274 1723 3348 exemplum
1767 3272 2001 3332 Boeotii
2047 3275 2285 3348 poetae,
2342 3272 2508 3331 ouius
2564 3276 2730 3330 cata-

396 3356 599 3432 logum
643 3356 874 3427 eadem,
920 3377 1040 3432 qua
1083 3376 1239 3419 nunc
1281 3357 1564 3434 legimmx,
1626 3358 1815 3416 forma
1858 3357 2074 3434 legisse
2119 3358 2385 3428 videtur,
2443 3357 2732 3416 Troianos

398 3459 715 3516 eorumque
759 3441 948 3500 socios
978 3461 1326 3501 enumerare
1357 3444 1624 3518 pararet,
1670 3444 1733 3502 in
1763 3444 2106 3503 universum
2152 3443 2533 3502 tritissimum
2579 3441 2730 3500 illud

403 3523 598 3602 Τρῶες
644 3522 742 3583 καὶ
790 3519 1095 3603 Δάρδανοι
1138 3520 1239 3603 ἠδ’
1305 3523 1608 3605 ἐπίκουροι
1663 3527 2083 3587 illustrandum
2141 3527 2256 3587 sibi
2310 3526 2571 3600 sumpsit
2624 3526 2730 3598 ita,

396 3613 467 3669 nt
511 3611 645 3671 illos
690 3611 966 3685 Hectori,
1012 3613 1119 3671 hos
1179 3613 1411 3671 Aeneae
1467 3613 1837 3689 adsignaret,
1882 3612 2058 3673 sociis
2106 3632 2245 3672 vero
2293 3612 2347 3669 K
2391 3611 2724 3670 428—431

565 3743 710 3824 πρὸς
752 3743 865 3824 μὲν
907 3737 1047 3817 άλὸς
1094 3749 1289 3824 Κᾶρες
1333 3744 1435 3805 καὶ
1479 3746 1810 3819 Παίονες
1853 3743 2232 3826 ἀγκυλότοξοι

564 3829 664 3891 καὶ
710 3828 962 3909 Λέλεγες
1008 3829 1108 3891 καὶ
1153 3828 1557 3904 Καύκωνες
1604 3830 1727 3891 δῖοί
1765 3853 1824 3892 τε
1870 3831 2279 3909 Πελασγοί,

394 4078 471 4117 842
667 4066 779 4117 τῶν
817 4054 944 4148 ἦρχ’
974 4058 1290 4128 ἱππόθοός
1326 4084 1386 4119 τε
1424 4061 1684 4127 Πύλαιός
1730 4060 1803 4132 τ’,
1842 4057 1968 4130 οζος
1996 4060 2215 4134 Ἀρηος,

668 4130 758 4186 υἷε
798 4134 919 4186 dvm
949 4131 1186 4216 Λήθοιο
1224 4136 1545 4216 Πελασγοῦ
1573 4135 1961 4200 Τευταμίδαο.

394 4215 471 4254 860
661 4196 867 4282 Ἀξιοῦ,
906 4193 974 4256 οὗ
1009 4154 1314 4255 κάλλιστον
1358 4195 1514 4267 υδωρ
1551 4196 1925 4255 ἐπικίδναται
1961 4197 2117 4258 αἶαν.

395 4282 471 4321 860
664 4263 791 4322 άλλ
832 4264 1019 4338 ἐδάμη
1055 4264 1171 4322 ὑπὸ
1211 4272 1367 4338 χερσὶ
1404 4267 1699 4330 ποδώκεος
1737 4268 2024 4322 Αἰακίδαο

667 4330 730 4388 ἐν
764 4339 1026 4416 ποταμῷ,
1064 4329 1168 4392 οθι
1193 4356 1312 4419 περ
1355 4340 1554 4422 Τρῷας
1592 4331 1820 4418 κεράιζε
1856 4336 1954 4390 καὶ
1991 4331 2212 4398 αλλους.

393 4417 471 4459 866
665 4403 724 4458 οι
760 4405 858 4460 καὶ
895 4378 1144 4476 Μῄονας
1182 4395 1322 4474 ἦγον
1358 4401 1470 4461 ὑπὸ
1514 4400 1732 4474 Τμώλῳ
1769 4407 2081 4473 γεγαῶτας.
