3132 5129
1558 1204 1660 1288 ΙΙ.

617 1378 709 1447 De
764 1378 1065 1465 genuina
1121 1378 1416 1465 catalogi
1473 1379 1806 1449 Homerici
1861 1378 2078 1448 forma
2133 1378 2523 1450 dissertatio
2535 1372 2604 1475 ¹).

612 1565 953 1624 Homericae
1000 1567 1308 1641 epopoeias
1356 1586 1424 1624 ex
1469 1566 2126 1643 singulissingulorum
2156 1571 2469 1642 poetarum
2499 1570 2772 1628 carmini·
2806 1582 2836 1627 3

432 1653 550 1710 bus
581 1651 937 1726 compositas
969 1670 1095 1711 esse
1126 1670 1244 1710 una
1272 1655 1364 1710 est
1393 1651 1565 1710 hodie
1599 1653 1777 1727 atque
1823 1653 2198 1711 consentiens
2242 1671 2354 1710 vox
2400 1671 2521 1711 non
2567 1673 2769 1712 eorum

432 1741 687 1808 tantum,
732 1734 834 1810 qui
874 1735 1319 1794 Lachmannum
1352 1737 1559 1794 ducem
1593 1737 1779 1796 secuti
1811 1736 2072 1795 carmina
2115 1737 2218 1794 illa
2263 1756 2294 1794 e
2340 1756 2622 1815 compage
2666 1759 2773 1814 per

431 1826 531 1881 tot
573 1821 806 1879 saecula
848 1821 1095 1895 perenni
1142 1821 1465 1881 dissolvere
1510 1821 1954 1896 sinceritatique
1985 1821 2230 1881 reddere
2261 1821 2621 1893 laboremne,
2668 1824 2770 1882 sed

431 1925 639 1965 corum
685 1906 880 1977 etiam,
928 1905 1031 1980 qui
1077 1906 1332 1964 traditae
1378 1905 1449 1963 de
1494 1906 1702 1965 Iliadis
1748 1910 1810 1965 et
1844 1905 2148 1982 Odysseae
2195 1906 2421 1966 unitate
2469 1909 2770 1983 opinionis

431 1990 870 2068 quodammodo
933 1992 1172 2065 patroni
1226 1991 1290 2049 in
1344 1990 1702 2050 carminibus
1761 1991 1880 2050 illis
1948 1992 2023 2049 ad
2093 1992 2380 2051 unitatem
2427 1992 2768 2068 redigendis

432 2095 722 2136 summam
765 2076 953 2134 latere
997 2093 1313 2150 poeseos
1360 2081 1549 2133 artem
1583 2076 1731 2133 miro
1764 2094 1960 2134 errore
1993 2076 2104 2134 sibi
2139 2076 2389 2152 aliisque
2420 2078 2772 2152 persuadere

433 2156 765 2236 student²).
854 2160 927 2219 In
971 2179 1041 2219 eo
1088 2165 1320 2219 tantum
1364 2179 1473 2219 nos
1520 2161 1959 2219 »carminum
2005 2164 2437 2220 venatores«
2484 2162 2557 2219 ab
2602 2163 2774 2220 uni-

436 2247 627 2305 tatis
695 2245 1146 2321 pastoribus
1213 2244 1568 2304 discedimus
1627 2277 1709 2286 -
1769 2249 1838 2302 ut
1906 2245 2165 2320 partium
2232 2246 2574 2306 nominibus
2642 2250 2776 2306 utar

437 2331 725 2390 Nitzschii
785 2331 1050 2390 convicio
1069 2325 1118 2406 ³)
1186 2330 1490 2389 commode
1556 2329 1952 2406 suppeditatis
1999 2363 2097 2401 —,
2154 2331 2314 2405 quod
2369 2350 2477 2389 nos
2533 2333 2771 2406 quidem

438 2417 677 2475 disertis
722 2419 992 2474 veterum
1039 2415 1402 2474 testimoniis
1445 2415 1627 2474 innisi
1672 2414 2054 2474 Pisistrateos
2109 2415 2242 2473 illos
2287 2417 2604 2475 statuimus
2650 2436 2771 2475 rem

434 2502 510 2559 ab
570 2500 910 2560 Homeridis
939 2501 1056 2558 iam
1088 2500 1311 2558 dudum
1356 2499 1773 2559 inchohoatam
1831 2504 1892 2558 et
1936 2500 2010 2558 ab
2055 2500 2129 2558 iis
2176 2499 2601 2576 rhapsodisque
2645 2520 2772 2560 sen-

436 2589 547 2645 sim
594 2590 928 2662 promotam
974 2586 1048 2644 ad
1092 2585 1270 2644 finem
1320 2587 1575 2662 denique
1620 2586 1964 2660 perduxisse
1996 2589 2058 2644 et
2090 2589 2353 2661 tempore
2387 2589 2448 2644 et
2476 2587 2604 2645 loco
2636 2587 2774 2646 huic

432 2672 669 2747 incepto
716 2671 1261 2747 opportunissimis,
1307 2671 1368 2730 hi
1414 2690 1554 2730 vero
1587 2670 1912 2730 Homerum
1960 2689 2152 2742 suum,
2199 2689 2374 2745 quem
2420 2703 2498 2712 -—
2546 2672 2596 2731 si
2643 2672 2771 2730 Diis

429 2757 624 2833 placet
668 2789 748 2797 —
795 2760 859 2814 et
903 2756 1016 2815 sibi
1050 2758 1110 2815 et
1140 2757 1536 2815 sectatoribus
1566 2776 1602 2814 a
1631 2756 2079 2815 consarcinandi
2112 2755 2345 2830 opificio
2376 2755 2523 2815 adeo
2549 2776 2771 2815 nomen

571 2924 625 2988 1)
688 2921 866 2974 Index
908 2919 1059 2974 lectt.
1109 2918 1166 2972 in
1202 2920 1311 2973 litt.
1351 2920 1501 2972 univ.
1541 2919 1728 2976 Turic.
1764 2917 1893 2972 inde
1945 2935 1980 2972 a
2015 2918 2069 2971 d.
2103 2917 2271 2972 XXV.
2309 2937 2381 2973 m.
2423 2921 2558 2988 Apr.
2596 2937 2770 2988 usque

431 2990 506 3043 ad
542 2989 596 3044 d.
741 2988 831 3041 1V.
871 3005 943 3041 m.
983 2986 1135 3056 Sept.
1172 2986 1546 3042 MDCCCLIII
1585 2986 2015 3049 habendarum]

567 3064 627 3110 2»
662 3055 1040 3111 Novissimum
1079 3055 1332 3109 attulisse
1368 3054 1577 3108 sufficit
1599 3055 1804 3107 librum
1831 3053 1951 3108 eius
1977 3054 2098 3118 viri,
2127 3054 2223 3121 qui
2248 3053 2412 3107 facile
2439 3054 2769 3122 primarium

431 3127 581 3180 inter
616 3127 718 3179 hos
754 3124 975 3177 criticos
1010 3124 1195 3176 locum
1232 3123 1481 3177 obtinet:
1522 3121 1624 3176 »Gn
1666 3122 1755 3175 W.
1793 3123 2107 3187 Nitzsch,
2146 3122 2257 3176 die
2294 3122 2770 3190 Sagenpoesic

432 3193 554 3249 der
590 3193 950 3249 Griechen.
1020 3190 1566 3259 Braunschweig
1609 3197 1806 3255 1852«3
1858 3191 1952 3245 ubi
1999 3206 2044 3247 e.
2084 3206 2128 3243 c.
2169 3207 2224 3258 p.
2260 3196 2341 3245 75.
2378 3197 2459 3247 87.
2505 3197 2617 3245 109.
2660 3198 2770 3248 123.

437 3268 548 3315 126.
602 3268 712 3314 128.
769 3265 879 3313 177.
932 3261 1028 3312 185
1074 3257 1274 3311 horum
1320 3259 1630 3312 carminum
1678 3258 1888 3312 mentio
1935 3259 2013 3312 fit.
2090 3257 2200 3311 Suo
2249 3258 2435 3312 tamen
2481 3275 2637 3313 more
2686 3259 2772 3310 vir

436 3327 773 3384 venerabilis
821 3326 1100 3395 poeticam
1148 3325 1340 3379 Iliadis
1387 3328 1664 3380 unitatem
1714 3326 2096 3380 demonstrare
2134 3329 2366 3379 conatus
2403 3327 2489 3381 est
2525 3326 2633 3391 ita,
2689 3328 2769 3393 ut,

436 3414 608 3467 quam
644 3412 844 3465 parum
883 3393 1059 3447 firmis
1091 3393 1196 3454 illa
1231 3395 1422 3462 opinio
1460 3395 1675 3447 nitatur
1712 3393 2074 3463 argumentis,
2110 3392 2261 3446 haud
2298 3394 2497 3447 melius
2532 3394 2772 3462 perspici

431 3466 629 3532 possit,
664 3464 768 3517 nisi
805 3460 1115 3530 splendidis
1152 3461 1271 3515 eius
1305 3461 1437 3516 libri
1472 3461 1862 3531 paralogismis
1899 3463 1971 3515 ad
2007 3463 2158 3530 ipsa
2191 3461 2490 3515 Homerica
2524 3462 2773 3516 carmina

434 3533 739 3603 diligenter
773 3529 1033 3584 lectitata
1068 3528 1323 3586 admotis.
1395 3530 1617 3585 Etenim
1645 3530 1744 3596 qui
1769 3529 2038 3583 memoria
2062 3531 2287 3583 tantum
2310 3529 2527 3584 incerta
2560 3544 2770 3595 eorum,

432 3617 580 3670 quae
617 3600 675 3652 in
718 3597 891 3651 Iliade
926 3596 1206 3664 leguntur,
1247 3596 1497 3651 imbutus
1531 3598 1738 3651 librum
1789 3596 2124 3666 perlegerit,
2180 3613 2285 3650 nae
2331 3596 2426 3651 ille
2473 3596 2639 3650 facile
2685 3597 2769 3660 iis,

432 3684 579 3736 quae
628 3664 943 3720 Nitzschius
990 3662 1272 3718 subtiliter
1319 3667 1377 3718 et
1423 3666 1715 3734 eleganter
1759 3681 2102 3733 quamquam
2149 3664 2437 3717 obscurius
2485 3665 2767 3718 interdum

431 3733 874 3858 Zssflssmssssfieitbi
907 3731 1757 3868 iffssimossssisstsstbztuinssssss⁰
1777 3732 2244 3855 SssmZiiaJEJZ'ss‘*
2276 3733 2770 3869 {isssein‘iffleegss'tff

431 3876 495 3924 ut
548 3873 730 3940 ipsam
787 3868 968 3932 illam,
1029 3883 1173 3935 quae
1234 3868 1436 3921 mirum
1496 3885 1666 3936 quam
1726 3885 1893 3937 saepe
1952 3867 2226 3934 iactatur,
2286 3866 2762 3922 »nationalem

430 3939 832 3994 theoriamk(

562 4015 622 4074 3)
662 4005 807 4058 Vide
846 4003 883 4059 l.
926 4019 976 4058 c.
1009 4021 1063 4072 p.
1109 4009 1228 4058 186:
1275 4002 1472 4060 »Gehn
1524 4004 1625 4056 wir
1672 4005 1772 4059 auf
1804 4003 1989 4056 solche
2028 4002 2496 4070 Wahrnehmung
2533 4019 2659 4068 aus,
2706 4004 2763 4058 in

431 4076 648 4129 solcher
674 4071 1062 4150 Betrachtung
1098 4071 1308 4138 einher,
1347 4070 1494 4124 daun
1533 4073 1609 4126 ist
1641 4088 1839 4127 unsere
1866 4070 2208 4147 Auffassung
2233 4069 2357 4124 eine
2382 4087 2524 4148 ganz
2551 4072 2761 4127 andere

430 4144 513 4197 als
548 4143 640 4196 die
682 4143 820 4196 'etzt
855 4139 1176 4208 gememhin
1214 4140 1328 4194 und
1366 4139 1620 4194 vollends
1668 4140 1762 4195 bei
1797 4140 1903 4193 den
1942 4138 2405 4208 KleinliederJ
2424 4143 2636 4209 ager-n
2674 4142 2763 4195 die

431 4212 634 4288 rechte·
662 4160 895 4287 fleisesq
965 4207 1183 4286 Nomen
1220 4208 1464 4287 quidem,
1503 4209 1808 4263 dummodo
1845 4207 2020 4285 nobis·
2045 4205 2316 4286 lacessitis
2354 4208 2631 4262 contrario
2668 4210 2766 4261 ad·

430 4295 704 4335 versarios
731 4293 958 4330 nomme
995 4278 1292 4331 unitatis
1327 4278 1645 4346 pastores
1681 4309 1745 4316 —
1782 4276 2336 4330 Einheitshirten
2376 4307 2436 4314 -
2475 4276 2764 4345 appellare

427 4349 574 4412 licet,
615 4361 824 4400 nomen
860 4345 1033 4414 igitur
1068 4344 1311 4399 libenter
1347 4342 1653 4414 accipimus
1691 4348 1748 4399 et
1782 4362 1963 4410 omen,
2003 4344 2151 4396 haud
2189 4344 2543 4398 immemores
2579 4346 2763 4412 pasto·

430 4417 589 4472 ritias
626 4429 855 4481 semper
890 4412 1147 4466 nationes
1183 4430 1218 4466 a
1254 4412 1553 4466 venatoriis
1592 4415 1884 4482 superatas
1921 4410 2312 4482 subiectasque
2350 4417 2494 4466 esse!
