3132 5129
1284 373 1746 438 -523—

338 531 713 591 attraherent
769 549 1015 606 eamque
1081 530 1256 591 fixam
1324 532 1627 608 tenerent,
1694 533 1764 590 ut
1829 531 2044 591 mulier
2107 534 2412 593 commode
2475 538 2683 609 posset

348 612 730 675 ascendere.“
786 614 1149 676 Laudandus
1195 616 1437 692 quidem
1481 618 1576 677 est
1618 614 1937 694 Seidlerus,
1982 617 2143 693 quod
2186 618 2502 695 adscriptis
2545 620 2679 679 aliis

345 702 492 761 locis
553 697 876 777 (imprimis
920 699 1169 761 Luciani
1220 701 1380 762 Dial.
1408 712 1411 715 ’
1436 702 1615 761 mort.
1657 702 1739 778 X,
1790 703 1865 761 17
1911 705 1974 763 et
2015 702 2300 779 Polyaeni
2341 703 2448 776 IV,
2496 706 2563 779 6,
2609 699 2678 784 8)

348 787 534 847 scalas
564 792 741 861 atque
772 785 1099 845 retinacula
1139 787 1489 853 accuratius
1515 785 1808 863 definivit,
1851 788 1955 849 sed
2000 788 2345 847 retinaculis
2381 808 2555 863 quem
2584 788 2682 848 hic

344 870 582 947 quidem
626 870 914 930 adscribit
966 890 1171 948 usum,
1229 875 1300 930 ut
1349 871 1425 931 iis
1477 871 1788 947 prehensis
1842 872 1960 931 duo
2005 872 2246 933 iuvenes
2290 891 2500 933 navem
2545 891 2682 949 pro-

343 956 477 1031 pius
533 953 610 1014 ad
664 955 808 1014 litus
864 956 1199 1033 attrahant,
1257 976 1393 1016 eum
1448 956 1615 1016 nullo
1669 959 1845 1032 pacto
1901 957 2028 1017 fieri
2083 976 2258 1033 posse
2301 957 2680 1019 Hermannus

345 1040 553 1116 evicit,
612 1041 718 1115 qui
762 1040 974 1100 iisdem
1017 1041 1163 1101 locis
1207 1060 1349 1102 usus
1395 1043 1582 1117 certe,
1644 1040 1790 1118 quid
1833 1042 1915 1101 sit
1954 1042 2105 1101 illud
2149 1031 2304 1119 ἦγον
2347 1032 2446 1100 διὰ
2489 1040 2680 1122 χερῶν

342 1117 715 1203 πρυμνήσια,
771 1125 1100 1185 rectissime
1156 1126 1590 1187 demonstravit
1645 1125 1767 1185 his:
1836 1126 2178 1201 „solutos
2232 1130 2507 1187 nautae
2562 1147 2676 1188 ru·

341 1211 602 1269 dentes
657 1228 789 1285 per
841 1229 1095 1269 manus
1150 1209 1594 1287 trahebant,
1647 1228 1787 1286 quo
1839 1229 1964 1271 eos
2013 1211 2088 1271 in
2143 1211 2312 1272 navi
2368 1230 2680 1287 repone·

338 1293 575 1354 rent.“
676 1294 787 1354 His
842 1295 1030 1370 igitur
1082 1296 1169 1355 ita
1222 1295 1555 1372 explanatis
1608 1296 1804 1370 primo
1860 1296 2142 1373 adspectu
2197 1296 2462 1373 mireris,
2520 1296 2679 1372 quod

341 1379 693 1478 llartungus
751 1380 904 1439 mira
947 1379 1034 1439 rei
1077 1380 1348 1439 nauticae
1393 1380 1735 1457 ignorantia
1771 1379 1887 1439 sibi
1942 1382 2240 1456 persuasit
2294 1382 2538 1441 scalas
2593 1400 2678 1440 ex

339 1464 531 1539 ipsis
587 1463 901 1523 funibus
956 1463 1423 1524 festinanter
1477 1482 1794 1525 conexas
1846 1464 2104 1542 itaque
2166 1466 2678 1525 adolescenti—

340 1550 474 1609 bus
518 1548 903 1625 proiectas
947 1568 1141 1625 esse,
1186 1550 1356 1625 quasi
1400 1567 1509 1609 nec
1549 1568 1938 1626 unaquaeque
1981 1551 2150 1612 navis
2195 1551 2478 1611 mobilem
2507 1570 2677 1610 suam

337 1626 704 1711 ἀποβάθραν
745 1632 1053 1709 habuisset
1097 1653 1130 1692 e
1173 1632 1339 1711 ligno
1384 1634 1600 1694 factam
1645 1638 1709 1693 et
1748 1630 2177 1712 πρυμνήσια
2221 1635 2476 1712 quilibet
2504 1636 2679 1695 funes

342 1719 567 1778 essent!
657 1716 740 1777 Et
785 1724 982 1777 tamen
1027 1720 1210 1777 etiam
1254 1718 1529 1779 Klotzius
1573 1719 1901 1779 retinacula
1942 1724 2124 1796 atque
2177 1720 2351 1781 funes
2407 1721 2678 1780 commis·

342 1804 499 1863 cuit:
568 1821 821 1879 „nempe
880 1801 1111 1863 scalas“
1114 1848 1131 1879 ,
1196 1804 1423 1880 inquit,
1481 1822 1645 1880 „non
1701 1807 1981 1880 poterant
2034 1805 2346 1865 demittere
2398 1805 2516 1865 nisi
2573 1824 2680 1882 per

343 1887 605 1949 funes“
649 1884 788 1967 (hoc
831 1888 1071 1963 quidem
1131 1885 1594 1966 falsissimuml),
1652 1888 1833 1965 „hinc
1885 1889 2178 1950 scalarum
2221 1889 2499 1951 demissio
2544 1910 2679 1950 cum

341 1972 690 2033 retinaculis
745 1991 854 2048 per
895 1991 1107 2033 manus
1161 1972 1476 2033 mittendis
1520 1974 1837 2034 coniuncta
1865 1974 1973 2034 hic
2017 1978 2128 2035 est.
2135 1974 2170 2005 “
2257 1975 2383 2035 Nec
2426 1974 2678 2051 felicius,

339 2059 443 2134 qui
472 2075 580 2117 suo
609 2057 739 2116 iure
770 2056 1071 2134 Hartungi
1115 2060 1516 2117 commentum
1542 2060 1890 2135 exagitavit,
1935 2049 2181 2120 Kvicala
2208 2080 2269 2135 p.
2293 2062 2414 2120 279
2434 2079 2522 2136 sq.
2553 2078 2679 2119 rem

342 2143 559 2219 gessit,
616 2160 747 2201 cum
805 2142 878 2199 ad
934 2139 1221 2217 κλίμακας
1276 2161 1347 2200 ex
1403 2142 1891 2203 antecedentibus
1943 2144 2185 2221 supplet
2225 2138 2552 2220 ἐξανῆπτον
2598 2174 2680 2183 --

341 2228 503 2303 quod
548 2232 675 2285 tum
715 2228 957 2285 tantum
1003 2227 1147 2286 ferri
1193 2230 1421 2302 posset,
1464 2227 1515 2285 si
1559 2228 1740 2287 etiam
1782 2228 1974 2288 scalae
2015 2227 2356 2325 epotidibus
2397 2229 2679 2323 alligatae

341 2316 543 2373 essent
586 2343 683 2386 -,
731 2310 941 2370 deinde
985 2310 1206 2370 conicit
1248 2307 1531 2369 σπεύδων
1574 2330 1682 2381 τις
1727 2300 1912 2389 ἦγεν
1954 2302 2054 2370 δια
2098 2320 2289 2391 χερῶν
2330 2304 2680 2391 πρυμνήσια

341 2395 709 2456 intolerabili
761 2394 1054 2497 asyndeto
1110 2428 1191 2437 -—
1249 2396 1412 2471 quod
1465 2397 1596 2471 ipse
1651 2398 1840 2457 sensit
1892 2397 2137 2473 insuper
2191 2402 2329 2473 post
2389 2395 2680 2471 κλίμακας

346 2500 583 2540 versum
616 2479 947 2539 excidisse'
932 2498 996 2539 m
1024 2473 1055 2538 ὅ
1090 2474 1162 2537 δὲ
1192 2479 1561 2541 desinentem
1607 2480 1950 2541 dubitanter
1994 2482 2326 2557 suspicatus
2369 2514 2471 2555 -,
2515 2486 2677 2557 post·

342 2585 504 2627 remo
546 2587 603 2626 v.
642 2567 837 2641 1353,
893 2564 1175 2643 quoniam
1218 2566 1563 2642 „emendari
1605 2567 1776 2627 nullo
1820 2571 1996 2643 pacto
2041 2566 2293 2642 possit“,
2340 2585 2450 2642 pro
2495 2568 2678 2627 inter-

342 2652 549 2727 polato
578 2650 917 2710 habendum
946 2651 1318 2748 pronuntiat.
1386 2650 1612 2710 Verum
1640 2651 1754 2712 hoc
1798 2655 1891 2712 est
1933 2652 2277 2729 desperare,
2322 2652 2485 2728 quod
2516 2652 2680 2712 domi

342 2755 450 2812 pro
494 2735 690 2795 lubitu
744 2735 956 2812 facias,
1010 2735 1209 2811 palam
1262 2735 1315 2796 si
1372 2735 1678 2813 exhibeas,
1737 2755 1848 2797 nec
1901 2738 1986 2798 rei
2031 2757 2204 2813 opem
2246 2756 2357 2798 nec
2398 2737 2509 2798 tibi
2553 2737 2678 2796 lau-

344 2821 479 2880 dem
524 2821 754 2880 afferas.

515 2907 685 2966 Unus
728 2904 1132 2964 Kirchhoffius
1174 2905 1397 2965 bonam
1439 2905 1565 2965 veri
1607 2907 1838 2981 partem
1881 2908 2212 2983 perspexit,
2271 2926 2403 2966 cum
2447 2926 2679 2984 permu-

350 2994 503 3050 tatas
547 3009 826 3051 versuum
870 2989 1166 3050 clausulas
1208 2989 1532 3050 arbitratus
1591 2989 1784 3066 „hanc
1839 2993 2266 3052 correctionem
2321 2992 2675 3068 proponit“:

746 3179 1016 3301 αγκυςὲαν
1059 3155 1435 3320 ἐξαέἦπτοέ
1428 3151 1473 3235 ἢ
1514 3154 1861 3239 πρυμνήσια
1923 3243 1992 3303 u

750 3240 1163 3409 ἴίἒῗῖῳοῗῖἓ
1129 3348 1161 3387 0
1180 3263 1298 3388 32²2
1313 3350 1345 3400 .—
1381 3240 1763 3401 ζεῗὲῗνῖιῖ
1772 3240 2148 3390 “taff

348 3500 421 3560 In
464 3499 681 3576 quibus
725 3499 1004 3558 ultimum
1046 3499 1408 3575 membrum,
1470 3500 1626 3575 quod
1671 3499 1847 3560 hodie
1889 3499 2045 3559 male
2088 3499 2389 3561 divulsum
2436 3497 2678 3574 legitur,

350 3585 608 3644 feliciter
664 3586 728 3643 et
779 3584 1087 3643 coniunxit
1140 3586 1202 3643 et
1256 3584 1598 3644 emendavit
1659 3585 1938 3644 restituto
2003 3587 2242 3660 praeter
2296 3583 2680 3660 participium

354 3668 687 3746 praesentis
744 3670 924 3728 etiam
980 3669 1272 3745 singulari
1325 3665 1612 3744 κλίμακαε
1677 3669 1937 3728 minores
1995 3672 2153 3729 certe
2205 3687 2386 3730 naves
2443 3668 2680 3727 tantum

350 3775 471 3815 una
521 3753 681 3814 scala
732 3752 1054 3813 instructas
1106 3754 1290 3813 fuisse
1345 3756 1407 3814 et
1438 3753 1819 3830 ‘scriptorum
1884 3754 2003 3814 loci
2057 3757 2121 3813 et
2172 3753 2472 3813 artificum
2527 3751 2678 3810 ima-

348 3841 521 3917 gines
565 3841 913 3899 monstrant.
999 3837 1126 3898 Nec
1171 3835 1371 3897 tamen
1415 3841 1640 3914 cetera,
1695 3838 1767 3898 de
1813 3838 2058 3915 quibus·
2075 3857 2255 3942 supra
2299 3837 2532 3912 monui,
2575 3836 2680 3896 ille

349 3924 557 4002 attigit
598 3926 660 3983 et
711 3942 895 4000 nova,
952 3942 1101 3998 quae
1157 3923 1540 4000 displiceant,
1597 3923 1808 3984 intulit
1857 3917 1922 3999 ἢ
1943 3926 2008 3983 et
2049 3919 2191 3982 καὶ.
2277 3921 2494 3983 Omnia
2545 3939 2678 3981 con-

350 4013 472 4087 tra,
519 4027 673 4086 quae
715 4008 955 4084 quidem
990 4007 1226 4068 restitui
1267 4011 1555 4083 possunt,
1597 4028 1743 4069 sana
1780 4012 2002 4096 erunt
2024 4010 2076 4068 si
2116 4009 2312 4068 locum
2350 4007 2463 4066 hoc
2501 4006 2680 4066 modo

351 4094 790 4171 scripserimus.

582 4268 713 4319 1345
757 4253 1061 4321 κάνταῦθ’
1108 4253 1339 4361 ὁρῶμεν
1372 4255 1654 4332 ‘Euadne
1699 4281 1848 4332 νεως
1889 4257 2120 4337 σκάφος

579 4354 707 4405 1347
752 4339 973 4418 ναύτας
1015 4365 1075 4405 τε
1118 4339 1472 4422 πεντήκοντ’
1520 4342 1619 4406 ἐπὶ
1665 4343 1946 4424 σκαλμων
1986 4339 2210 4418 πλάτας

758 4427 1030 4512 ἔχοντας,
1076 4427 1143 4492 ἐκ
1188 4429 1429 4510 δεσμῶν
1472 4427 1537 4493 δὲ
1580 4425 1719 4504 τοὺς
1763 4429 2001 4505 νεανίας

2718 1135 2779 1183 12
