3132 5129
1332 369 1790 432 —139—

389 525 513 584 146
562 529 851 601 sequente
892 516 1041 582 ἆλλᾶ
1083 527 1146 584 et
1178 526 1236 582 A
1257 526 1378 584 286
1425 529 1485 584 et
1513 526 1654 584 alibi
1687 526 1972 599 occurrit3
2025 527 2142 584 147
2175 546 2245 585 ex
2277 527 2344 582 ΙΙ
2365 529 2441 583 52
2476 526 2545 604 (σ
2577 525 2726 601 274)

381 610 790 686 deprompsit;
837 613 1154 686 utrumque
1201 612 1580 670 coniunctum
1625 610 1910 668 habemus
1956 610 2008 667 Ο
2040 612 2161 670 205
2207 615 2270 670 et
2315 614 2472 671 207:

686 719 798 798 Ιρι
842 725 992 797 θεά,
1036 721 1191 805 μάλα
1238 735 1451 787 τοῦτο
1495 725 1631 800 ἔπος
1677 720 1865 786 κατὰ
1906 733 2182 806 μοῖραν
2229 726 2502 831 ἔειπες·

694 804 873 871 ἀλλὰ
920 807 1070 872 τόδ’
1118 805 1335 872 αἰνόν
1376 810 1555 891 α’χος
1603 813 1917 890 κραδίην
1960 812 2082 873 καὶ
2126 809 2379 889 θυμὸν
2424 807 2684 873 ἱκάνει,

385 932 813 1008 Sequentium,
861 952 1011 1008 quae
1054 935 1231 1009 paulo
1270 935 1460 1011 magis
1503 934 1748 1009 propria
1791 937 1964 1007 sunt,
2012 934 2355 994 universum
2396 937 2594 992 tamen
2639 953 2727 991 ar-

383 1020 738 1093 gumentum
799 1037 867 1076 ex
917 1019 972 1074 A
1007 1020 1335 1077 176—-182
1393 1019 1622 1093 hausit,
1678 1019 1835 1077 unde
1881 1019 2091 1077 ultima
2133 1038 2372 1094 quoque
2418 1019 2600 1078 verba
2650 1051 2724 1061 -—

385 1099 516 1161 τότε
561 1122 663 1174 μοι
706 1096 874 1178 χάνοι
919 1098 1121 1180 εὐρεῖα
1166 1100 1338 1179 χθών
1362 1137 1438 1146 -
1473 1103 1866 1179 transcripsit.

557 1188 806 1246 Prorsus
863 1188 1128 1248 eiusdem
1185 1188 1403 1248 indolis
1456 1191 1599 1247 sunt
1649 1189 1997 1246 151-160.
2089 1187 2250 1246 Satis
2293 1190 2728 1250 accommodate

385 1273 586 1331 omnia
630 1275 692 1331 et
736 1273 895 1331 dicta
939 1275 1003 1331 et
1043 1277 1286 1331 narrata
1327 1273 1638 1348 videntur,
1687 1273 1791 1332 sed
1837 1290 2041 1331 versus
2088 1291 2485 1347 versuumque
2528 1278 2728 1348 partes

384 1359 566 1416 etiam
611 1357 756 1416 alibi
801 1358 1113 1431 leguntur·
1185 1358 1300 1415 151
1329 1377 1416 1434 sq.
1472 1377 1649 1417 nemo
1696 1359 1965 1434 ignorat3
2033 1357 2108 1414 ad
2156 1358 2275 1414 153
2337 1353 2565 1415 κακὸν
2610 1358 2730 1418 καὶ

383 1433 763 1499 ἀνάλκιδα
807 1435 1031 1512 φάντες
1077 1462 1146 1500 ex
1192 1438 1391 1503 Ξ126
1438 1442 1894 1518 sumpsit;155
1947 1435 2165 1516 Τρώων
2207 1438 2411 1516 αλοχοι
2456 1443 2625 1501 Η77
2667 1448 2730 1504 et

390 1522 666 1602 Τρώων
731 1524 920 1602 στίχες
973 1518 1411 1584 ἀσπιστάων
1469 1530 1523 1582 A
1568 1530 1684 1584 221
1748 1545 1881 1585 cum
1943 1523 2212 1601 Τρώων
2276 1523 2729 1623 μεγαθύμων

383 1607 555 1681 υἱέας
620 1611 689 1667 Ψ
727 1613 846 1669 175
893 1606 1076 1692 (181)
1121 1616 1184 1671 et
1229 1606 1653 1688 Παφλαγόνων
1695 1606 2065 1687 μεγαθύμων
2106 1602 2459 1669 ἀσπιστάων
2510 1613 2559 1668 Ε
2602 1615 2722 1672 577

382 1697 723 1771 coniunxit3
779 1697 856 1755 ad
916 1697 1035 1755 156
1082 1700 1142 1755 et
1187 1697 1242 1752 A
1287 1698 1408 1756 588
1470 1694 1659 1792 βάλον
1712 1682 1780 1753 ἐν
1822 1694 2057 1776 ‚coaevae
2102 1700 2165 1755 et
2211 1698 2259 1753 z
2303 1697 2429 1755 430
2472 1695 2726 1774 θαλερὸς

380 1779 748 1857 παρακοίτης
778 1783 1091 1842 succurrit.
1152 1782 1303 1840 Tum
1336 1771 1563 1859 φύγαδ’
1600 1777 1810 1856 ἔτραπε
1842 1782 1939 1841 hic
1969 1785 2029 1841 et
2056 1782 2215 1840 infra
2247 1783 2372 1840 257
2407 1801 2476 1839 ex
2513 1783 2578 1838 Π
2606 1787 2724 1842 657

384 1866 786 1942 deprompsit3
834 1867 1088 1943 denique
1139 1868 1359 1943 158sq.
1393 1894 1474 1916 -—-
1510 1866 1562 1923 Ο
1594 1868 1817 1940 589sq.

690 2018 772 2027 -—-
860 2016 933 2027 ——
1029 2017 1111 2027 —-
1199 1981 1294 2045 ἐπὶ
1337 1980 1405 2044 δὲ
1457 1981 1650 2062 Τρῶές
1696 2005 1754 2043 τε
1798 1981 1898 2043 καὶ
1926 1980 2162 2060 Ἕκτωρ

692 2062 812 2148 ἠχῇ
859 2068 1154 2150 θεσπεσίῃ
1197 2066 1368 2176 βέλεα
1413 2068 1730 2129 στονόεντα
1775 2065 1992 2146 χέοντο.

384 2187 506 2247 Nec
549 2189 617 2247 in
665 2190 787 2247 160
831 2183 934 2266 (cf.
969 2189 1025 2244 Ε
1054 2184 1207 2264 347)
1263 2191 1572 2264 quicquam
1622 2189 1852 2265 proprii
1910 2189 2237 2263 invenitur,
2302 2209 2411 2248 nec
2470 2190 2529 2247 in
2577 2191 2722 2250 Hec-

383 2277 583 2332 toreae
639 2273 1038 2334 cavillationis
1094 2274 1297 2347 initio,
1347 2273 1444 2331 ubi
1494 2275 1794 2348 profecto,
1840 2292 1991 2349 quae
2038 2274 2117 2330 M
2145 2235 2369 2349 31’Osq.
2399 2262 2730 2350 Sarpedon

386 2355 612 2417 Glauco
657 2359 815 2417 socio
863 2359 919 2416 in
969 2358 1315 2416 memoriam
1361 2362 1602 2418 revocat
1646 2377 1881 2434 pugnae
1925 2358 2168 2416 ciendae
2211 2360 2405 2435 gratia

692 2476 964 2546 Γλαῦκε,
1012 2473 1071 2533 τί
1108 2466 1149 2553 ἦ
1194 2472 1270 2553 δὴ
1319 2482 1429 2534 veit
1471 2473 1868 2551 τετιμήμεσθα
1914 2469 2167 2550 μάλιστα

690 2555 869 2642 ἕδρῃ
913 2582 982 2620 τε
1027 2557 1339 2639 κρέασίν
1380 2583 1452 2621 τε
1497 2556 1608 2619 ἰδὲ
1650 2559 1944 2631 πλείοις
1989 2557 2428 2653 δεποξεσσιν,

385 2680 595 2741 iisdem
641 2680 956 2740 Hectorem
1015 2682 1168 2740 male
1225 2682 1371 2741 facit
1425 2681 1679 2758 fugienti
1742 2680 1900 2740 hosti
1946 2681 2365 2740 inclamantem
2411 2681 2727 2757 Agamem-

387 2766 768 2909 ponidsggpl
828 2765 1265 2825 adhortatoriae
1306 2767 1382 2825 ad
1426 2767 1812 2833 Idomeneum
1858 2766 2147 2824 orationis
2193 2766 2427 2824 initium
2478 2768 2725 2825 suffura-

416 2870 484 2909 us

684 2960 1015 3045 Ἰδομενεῦ,
1061 2966 1228 3047 περὶ
1268 2965 1404 3046 μέν
1446 2984 1524 3028 σε
1571 2967 1696 3027 τίω
1745 2969 2066 3026 Δαναῶν
2112 2962 2580 3045 ταχυπώλων.

387 3088 510 3147 Nec
555 3088 828 3163 profecto
875 3089 1067 3147 eidem
1100 3089 1258 3148 hosti
1290 3089 1731 3166 accommodata
1775 3092 1866 3148 est
1893 3109 2045 3164 quae
2077 3090 2346 3164 sequitur
2375 3090 2623 3148 minatio
2654 3090 2726 3147 de

387 3174 766 3249 popularium
811 3177 1158 3249 contemptu

693 3298 810 3350 νῦν
854 3288 919 3350 δέ
961 3285 1021 3348 σ’
1068 3286 1455 3370 ἀτιμήσουσι·
1500 3284 1787 3370 γυναικὸς
1832 3284 1931 3367 ἄρ’
1978 3282 2115 3350 ἀντὶ
2158 3288 2388 3369 τέτυξο,

388 3430 504 3485 qua
547 3412 878 3471 minatione
923 3400 1042 3472 non
1087 3412 1284 3471 minus
1329 3430 1437 3471 suo
1479 3413 1661 3488 genio
1706 3413 1960 3472 indulsit
1990 3431 2169 3487 quam
2200 3414 2589 3487 sequentibus
2620 3415 2722 3472 tri-

387 3495 495 3554 bus
539 3496 843 3555 versibus:

691 3610 850 3716 ἔρρε,
895 3606 1048 3691 κακὴ
1092 3609 1309 3691 γλήνη,
1355 3610 1480 3674 ἐπει
1527 3608 1637 3674 οὐκ
1682 3611 1948 3687 εἴξαντος
1995 3611 2154 3689 ἐμεῖο
2759 3625 2826 3672 24

690 3694 943 3778 πύργων
983 3693 1282 3776 ἡμετέρων
1328 3696 1667 3797 ἐπιβήσεαι,
1713 3694 1852 3757 οὐδὲ
1894 3704 2191 3776 γυναῖκας

688 3780 849 3855 αξεις
894 3780 961 3841 ἕν
1004 3780 1244 3857 νήεσσι·
1289 3778 1478 3860 ,πάρος
1523 3803 1612 3842 τοι
1655 3782 1908 3860 δαίμονα
1955 3782 2146 3843 δώσω.

389 3919 490 3976 ubi
537 3923 687 3994 quot
730 3938 936 3978 versus
979 3922 1074 3979 tot
1116 3920 1472 3981 offensiones
1515 3920 1820 3993 habemus,
1866 3924 1936 3978 ut
1978 3939 2099 3979 non
2143 3922 2430 3979 miremur
2467 3920 2564 3979 hic
2594 3922 2716 3995 qui·

390 4002 522 4060 dem
568 4004 758 4062 obelis
803 4002 1058 4079 figendis
1102 4006 1220 4063 iam
1263 4004 1727 4081 Aristophanem
1771 4004 2118 4064 Aristarcho
2162 4006 2514 4080 praeivisse:
2574 3999 2717 4064 αθε-

389 4093 629 4144 τοῦνται
675 4085 858 4164 στίχοι
904 4092 1090 4165 τρεῖς,
1135 4109 1226 4148 οτι
1271 4083 1520 4160 εὐτελεῖς
1565 4088 1678 4148 εἰσι
1697 4095 1795 4189 τῇ
1825 4096 2193 4191 κατασκευῇ,
2237 4086 2336 4148 καὶ
2380 4086 2445 4148 τὸ
2492 4086 2723 4165 πάρος

386 4190 504 4228 τοι
547 4170 878 4247 δαίμονα
923 4170 1131 4230 δώσω
1177 4172 1405 4244 τελείως
1452 4171 1615 4233 ἐστὶν
1643 4167 1714 4232 οὐ
1746 4194 1894 4231 κατα
1926 4163 2029 4230 τὸν
2054 4172 2341 4249 ποιητήν·
2387 4170 2725 4250 ανάρμοστα

389 4251 455 4313 δὲ
499 4253 602 4315 καὶ
647 4278 717 4315 τα
764 4251 1048 4335 λεγόμενα
1093 4263 1215 4330 τοὶς
1259 4258 1617 4333 προσώποις.
1685 4255 1895 4328 αλλως.
1953 4254 2197 4327 τούτους
2240 4279 2340 4316 και
2379 4253 2724 4336 Ἀριστοφα-

395 4362 499 4417 νης
542 4333 663 4418 ἦθέ
664 4362 861 4418 τηκεν.
950 4343 1177 4404 Ultima
1230 4344 1470 4420 quidem
1515 4363 1587 4403 ex
1634 4347 1688 4399 A
1732 4345 1854 4403 396
1910 4343 2086 4419 paulo
2129 4344 2341 4403 melius
2388 4345 2723 4404 Zenodotus

387 4426 689 4488 scribebat
731 4424 926 4505 πάρος
971 4449 1061 4488 τοι
1101 4426 1384 4505 πότμον
1428 4424 1692 4507 ἐφήσω.
1759 4428 1871 4489 Sed
1918 4447 2143 4505 vereor,
2191 4433 2259 4487 ut
2301 4429 2363 4488 in
2409 4430 2723 4493 cumulatis
