3132 5129
1307 372 1770 437 —231—

627 525 928 607 ῥωγαλέα,
973 518 1045 586 τοὶ
1089 524 1190 586 καὶ
1236 518 1469 600 αὐτὸς
1512 523 1590 587 ἕν
1634 522 2151 605 ὀφθαλμοῖσιν
2192 523 2452 605 ὅρηαι,

376 660 425 721 ψ
475 649 592 706 124
638 637 862 717 αὐτὸς
906 643 1091 707 ταῦτα
1135 668 1200 725 γε
1246 649 1487 725 λεῦσσε,
1545 639 1728 725 πάτερ
1773 645 1926 720 φίλε.
2009 646 2186 706 Unde
2230 665 2301 705 ne
2349 648 2480 723 quis
2526 648 2705 707 etiam

373 734 478 792 illo
523 735 653 793 loco
698 726 885 791 ταῦτα
928 728 988 809 γ’
1058 738 1163 793 aut
1206 733 1351 792 adeo
1395 740 1582 791 ταῦτα
1627 726 1753 807 μετ’
1802 725 1949 806 ὀφθ.
2002 732 2332 791 necessario
2391 733 2701 791 emendan-

376 819 514 876 dum
561 822 761 894 putet3
822 819 993 877 facile
1037 818 1165 877 fieri
1221 818 1444 894 potuit,
1503 820 1574 876 ut
1612 818 1764 876 alter
1808 835 2012 876 versus
2055 819 2407 893 sequeretur
2437 818 2703 877 huiusce-

374 903 533 961 modi
578 903 701 962 fere
745 902 931 961 initii:
980 899 1128 961 ἄλλα
1171 922 1230 961 τε
1275 895 1446 960 πόλλ’
1497 897 1595 959 ἐπὶ
1640 903 1807 960 τοῖσι.

548 983 654 1047 10.
729 987 801 1046 In
845 988 1208 1047 Danaidis
1264 989 1602 1064 fragmento
1669 1007 1740 1046 ex
1783 985 1965 1045 Glem.
2012 986 2182 1047 Alex.
2243 986 2466 1046 Strom.
2512 986 2599 1045 IV
2644 1007 2702 1063 p.

374 1074 497 1215 2124
540 1071 691 1215 5322
726 1068 800 1152 C)
849 1072 1020 1148 sylb.
1068 1073 1189 1131 618
1234 1072 1396 1132 Pott.
1443 1073 1624 1131 anate
1669 1072 1796 1131 sine
1844 1070 2025 1130 dubio
2069 1072 2520 1131 commutandae
2566 1076 2706 1130 sunt

374 1176 405 1216 c
432 1177 537 1216 aus
604 1176 700 1216 ae:

628 1270 727 1332 καὶ
774 1269 897 1334 τότ’
948 1270 1050 1349 ἄρ’
1100 1263 1418 1346 ὡπλίζοντο
1460 1278 1625 1345 θοῶς
1674 1276 1938 1333 Δαναοῖο
1981 1271 2023 1331 ὅ
2034 1296 2069 1332 ν
2082 1294 2121 1330 α
2134 1294 2168 1330 κ
2184 1295 2214 1331 τ
2228 1294 2260 1333 ο
2273 1297 2302 1344 ς

625 1354 898 1435 πρόσθεν
943 1355 1205 1437 ἐυρρεῖος
1252 1366 1519 1436 ποταμοῦ
1565 1357 1811 1418 Νείλοιο
1853 1362 1903 1416 θ
1920 1354 1960 1418 ὕ
1975 1379 2058 1435 γα
2073 1380 2102 1417 τ
2118 1380 2152 1437 ρ
2168 1380 2194 1418 ε
2207 1380 2253 1428 ς.

374 1479 522 1549 Quis
578 1480 737 1538 enim
790 1477 1034 1537 Νείλοιο
1088 1475 1346 1549 ἄνακτος
1412 1480 1594 1557 ferai:²
1661 1480 2010 1554 praesertim
2077 1480 2171 1538 hic
2233 1481 2375 1555 post
2442 1474 2703 1556 ἐυρρεῖος

367 1563 681 1708 “mullos-⁵?
728 1648 864 1707 Non
907 1653 1051 1724 puto
1115 1649 1422 1725 scripsisse
1467 1649 1864 1708 Arctinum
1920 1648 1982 1706 in
2028 1648 2299 1724 Perside,
2360 1652 2429 1706 ut
2481 1648 2706 1725 legitur

369 1735 433 1792 in
481 1733 705 1793 Scholl.
752 1732 975 1794 Vaticc.
1025 1735 1098 1793 ad
1142 1734 1284 1795 Eur.
1336 1734 1547 1793 'Pi-ead.
1598 1734 1674 1791 31
1727 1728 2049 1811 (Welcker.
2096 1753 2156 1809 p.
2205 1734 2386 1808 528),

630 1848 945 1925 Θησείδαις
990 1847 1178 1931 (certe
1219 1848 1390 1932 -ῃς)
1436 1846 1497 1909 δ’
1548 1847 1719 1929 ἔπορε
1750 1849 1915 1929 δῶρα
1958 1849 2170 1929 κρείων
2211 1843 2619 1929 Ἀγαμέμνων,

367 1991 502 2030 cum
551 1972 742 2030 multe
787 1971 1121 2048 elegantius
1169 1971 1228 2029 in
1273 1974 1557 2046 promptu
1603 1974 1786 2031 esset:

633 2087 956 2169 Θησείδῃσι
1000 2085 1066 2148 δὲ
1111 2088 1275 2166 δῶρα
1320 2081 1468 2166 πόρε
1514 2087 1733 2164 κρείων
1770 2083 2170 2164 Ἀγαμέμνων.

544 2201 653 2267 12.
729 2207 825 2266 Ad
869 2207 1248 2268 Hesiodea
1291 2209 1629 2285 fragmenta
1657 2207 2080 2284 transgredior.
2155 2207 2227 2266 In
2273 2209 2345 2268 iis
2380 2208 2705 2267 tractandis

371 2298 512 2371 post.
555 2294 856 2370 egregiam
900 2292 1226 2352 Hel-manni
1272 2313 1473 2353 curam
1504 2298 1676 2353 tanta
1706 2292 2021 2369 diligentis
2049 2294 2269 2351 versati
2312 2296 2455 2352 sunt
2477 2292 2705 2352 Marck-

369 2379 702 2437 scheffelius
768 2379 829 2436 et
895 2375 1327 2454 Goettlingius,
1396 2382 1465 2438 ut
1535 2380 1686 2438 exile
1765 2381 1997 2436 tantum
2076 2377 2351 2436 relictum
2429 2378 2707 2437 videatur

371 2463 771 2539 spicilegium.

540 2547 791 2607 Initium
834 2545 987 2605 facio
1032 2566 1067 2605 a
1110 2546 1322 2624 fragm.
1360 2549 1435 2607 16
1479 2547 1570 2606 ed.
1603 2547 1932 2607 Marcksch.
1968 2542 2079 2625 (44
2110 2544 2331 2611 Goettl.
2366 2542 2487 2627 [ed.
2517 2542 2702 2625 alt.]),

370 2634 478 2692 ubi
522 2633 593 2692 de
637 2633 846 2706 variis,
916 2650 1063 2707 quas
1108 2632 1371 2690 induerit
1413 2632 1890 2710 Periclymenus,
1948 2632 2158 2708 figuris
2215 2633 2300 2691 ita
2354 2633 2579 2708 legitur
2625 2664 2701 2673 —-

367 2718 544 2776 affert
589 2677 1012 2777 Schol.'12aur.
1059 2716 1133 2774 ad
1180 2717 1378 2792 Apoll.
1427 2717 1539 2776 Rh.
1589 2717 1636 2794 Ι,
1690 2719 1807 2776 156
1864 2750 1931 2759 -

621 2868 703 2878 -—
745 2830 948 2892 ἄλλοτε
995 2831 1107 2909 μὲν
1148 2830 1261 2913 γὰρ
1307 2830 1374 2893 ἐν
1416 2828 1723 2914 ὀρνίθεσσι
1769 2832 2074 2909 φανεσκεν

623 2914 849 2994 αἰετός,
892 2915 1100 2977 ἄλλοτε
1144 2914 1202 2977 δ’
1250 2909 1393 2979 αὖτε
1425 2916 1754 2995 πελέσκετο,
1800 2923 2011 2997 θαῦμα
2055 2915 2328 2995 ἰδέσθαι,

623 3001 888 3083 μύρμηξ,
931 2999 1141 3064 αλλοτε
1196 2998 1258 3061 δ’
1304 2996 1479 3065 αὖτε
1522 3001 1939 3081 μελισσέων
1980 3000 2214 3081 ἆγλαὰ
2261 3005 2494 3078 φῦλα,

626 3087 827 3148 ἄλλοτε
872 3084 1070 3159 δεινὸς
1114 3085 1254 3164 ὄφις
1299 3087 1400 3148 καὶ
1442 3086 1762 3167 αμείλιχος.

373 3211 449 3269 In
479 3228 659 3268 unam
694 3227 858 3284 apem
876 3253 891 3282 ,
938 3227 1057 3267 non
1099 3210 1164 3268 in
1194 3211 1394 3285 apium
1425 3211 1700 3269 examina
1727 3213 2025 3268 mutatum
2066 3228 2195 3269 esse
2225 3208 2702 3284 Periclymenum

369 3313 502 3353 cum
550 3312 654 3369 per
709 3312 771 3353 se
828 3297 1286 3353 consentaneum
1333 3297 1452 3369 est,
1499 3297 1629 3353 tum
1677 3294 1870 3353 Schol.
1907 3294 2056 3352 Ven.
2091 3293 2244 3351 Aad
2275 3292 2452 3351 Hom.
2500 3292 2550 3348 B
2580 3293 2700 3351 336

369 3380 771 3438 demonstrat:
819 3374 919 3435 καὶ
974 3374 1049 3454 δὴ
1094 3377 1420 3455 γενόμενον
1471 3373 1665 3438 αὐτὸν
1706 3377 1991 3453 μέλισσαν
2044 3375 2145 3436 καὶ
2187 3374 2406 3435 στάντα
2453 3372 2550 3435 ἐπὶ
2598 3376 2701 3434 τοῦ

359 3459 722 3540 Ἡρακλέους
768 3458 1026 3538 ἅρματος
1072 3459 1515 3536 ἐπιδείξασα
1562 3464 1652 3541 (id
1697 3466 1760 3523 et
1802 3465 1860 3523 h.
1893 3464 1934 3524 1.
1980 3463 2297 3540 legendum
2332 3462 2567 3521 videtur
2594 3481 2702 3537 pro

369 3544 658 3608 εἰκάσασα
704 3551 766 3606 et
808 3548 871 3606 in
904 3548 1140 3608 Scholio
1186 3548 1617 3625 Apolloniam,
1676 3549 1780 3607 ubi
1832 3568 1990 3607 nunc
2044 3554 2151 3624 τῆς
2199 3541 2466 3622 Ἀθηνᾶς
2526 3541 2702 3604 ὐπο-

368 3629 646 3727 δειξασης
691 3632 1000 3707 scribitur)
1043 3625 1276 3707 Ἀθηνᾶ
1339 3629 1612 3708 ἐποίησεν
1665 3627 2084 3711 ἀναιρεθῆναι.
2161 3633 2372 3708 Itaque
2418 3635 2525 3690 aut
2566 3635 2704 3706 post

365 3707 560 3793 ἆγλαα
605 3719 772 3794 φῦλα
815 3718 1039 3793 aliquid
1096 3720 1339 3793 excidit,
1400 3722 1534 3793 aut,
1598 3718 1759 3795 quod
1818 3738 1935 3778 uno
1995 3737 2169 3777 versu
2226 3717 2554 3780 accurat-ius
2610 3736 2702 3773 ex-

367 3803 578 3880 plicari
622 3806 890 3879 poterat,
939 3801 1178 3863 brevius
1225 3803 1434 3862 inferri
1467 3803 1645 3862 debet
1689 3803 2001 3863 scribendo
2031 3798 2232 3861 αλλοτε
2278 3799 2476 3859 δῦνε.
2536 3800 2701 3859 Nihil

367 3892 530 3948 certe
578 3887 920 3947 offensionis
969 3889 1032 3946 in
1076 3889 1382 3965 asyndeto.

544 3966 653 4032 13.
726 3972 798 4030 In
841 3992 910 4033 ee
957 3972 1321 4049 fragmento,
1370 3974 1530 4048 quod
1578 3992 1645 4031 ex
1687 3972 2021 4048 Porphyrio
2067 3991 2160 4047 ap.
2207 3970 2405 4030 Schol.
2452 3968 2601 4028 Ven.
2649 3970 2700 4028 B

366 4058 442 4116 ad
476 4057 656 4116 Hom.
690 4053 748 4120 Ξ
790 4058 914 4119 200
956 4061 1016 4115 et
1060 4058 1135 4115 ad
1192 4078 1231 4113 α
1275 4058 1356 4116 98
1411 4058 1665 4116 afferunt
1727 4056 2059 4116 Marcksch.
2117 4057 2196 4112 41
2259 4051 2508 4132 (Goettl.
2569 4054 2698 4130 58),

369 4143 753 4202 scribendum
797 4147 956 4202 eret:

634 4256 1021 4361 Δημοδόκης,
1066 4256 1177 4336 τὴν
1218 4263 1479 4319 πλεῖστοι
1522 4255 1886 4337 ἐπιχθονίων
1927 4249 2272 4337 ανθρώπων

627 4343 989 4421 μνηστευον,
1034 4342 1135 4404 καὶ
1179 4334 1365 4404 πολλα
1408 4340 1510 4403 καὶ
1554 4339 1747 4422 αγλαὰ
1794 4338 1941 4422 δῶρ’
1989 4337 2300 4419 ὀνόμηναν

631 4427 881 4506 ιφθιμοι
924 4430 1233 4508 βασιλῆες,
1277 4425 1621 4506 ἀπειρέσιον
1663 4425 1785 4489 δια
1830 4420 2021 4506 εἶδος,

2737 2844 2797 2892 12
