3132 5129
1380 424 1452 432 —
1543 384 1839 449 284—-

439 543 586 603 tiam
628 542 839 601 callide
884 543 1182 603 occultare
1227 542 1460 602 studuit
1504 545 1731 603 scilicet
1759 544 2187 603 consentientis
2218 563 2349 603 cum
2384 545 2524 607 786.
2597 545 2773 605 Hunc

439 647 674 687 versum
719 629 822 702 qui
867 629 986 687 iam
1030 630 1252 704 excipit
1293 630 1446 703 793,
1493 630 1554 687 in
1602 648 1671 687 eo
1717 635 1844 705 τῆς
1890 627 2269 688 scribendum
2301 632 2394 688 est
2436 630 2508 688 de
2553 626 2772 710 χρυσέῃ

437 708 698 792 προχόῳ,
747 731 815 770 ex
855 732 970 788 qua
997 706 1329 787 ἆπολείψας
1359 714 1682 789 periurium
1716 714 2057 773 committit.
2118 713 2578 789 Interpolatoris
2608 714 2771 774 deni-

443 817 557 874 que
602 799 745 857 sunt
802 817 860 856 v.
910 799 1029 858 796
1062 818 1150 874 sq.
1208 799 1286 857 ad
1341 798 1756 874 explicandum
1812 817 2011 857 rarum
2070 795 2329 874 νήυτμος
2389 800 2643 859 confecti
2701 821 2770 859 ex

437 884 598 941 notis
640 882 942 956 formulis,
990 884 1149 942 inter
1233 903 1338 943 uas
1383 885 1579 959 specie
1622 885 1891 959 proxime
1935 883 2162 943 accedit
2203 903 2269 942 re
2300 883 2768 944 dissimillimum

437 967 614 1026 Hom.
662 966 693 1022 λ
738 968 817 1026 89
875 964 1123 1042 αἵματος
1181 982 1372 1027 ασσον
1429 966 1598 1044 ἴμεν,
1655 970 1835 1044 atque
1893 988 1965 1027 ex
2008 989 2035 1026 ε
2079 969 2233 1044 456,
2293 968 2452 1027 unde
2505 963 2653 1027 ἄλλά
2709 990 2769 1029 τε

437 1055 626 1109 κεῖται
667 1046 712 1109 ‹i‘
724 1046 781 1129 ρ’
841 1047 1175 1124 ἄπνευστος
1234 1054 1611 1113 inferendum
1657 1057 1802 1112 erat.
1880 1051 2105 1113 Contra
2157 1055 2454 1130 genuinus
2513 1058 2605 1114 cst
2646 1057 2769 1115 802

441 1168 515 1177 -
562 1156 700 1195 nam
746 1155 822 1196 ne
866 1141 1144 1212 poterant
1186 1139 1426 1215 quidem
1470 1158 1532 1197 se
1578 1139 1845 1214 excipere
1891 1141 2010 1198 801
2060 1141 2124 1197 et
2167 1140 2288 1198 803
2336 1127 2670 1210 εἰνάετες
2702 1135 2770 1198 δὲ

436 1224 604 1279 θεῶν
658 1212 1034 1298 ἀπομείρεται
1089 1218 1221 1281 αἰὲν
1285 1216 1506 1281 ἐόντων
1557 1216 1775 1281 ἐννέα
1830 1216 2010 1281 πάντ’
2070 1219 2231 1281 ἔτεα
2292 1256 2369 1264 —-
2415 1223 2518 1282 sed
2574 1244 2768 1284 emen-

440 1305 702 1365 dandus:
745 1326 855 1383 pro
903 1302 1265 1386 ἕπιμίσγεται
1308 1308 1466 1384 quod
1512 1328 1582 1367 ex
1627 1311 1917 1385 sequente
1946 1326 2126 1368 versu
2170 1309 2536 1384 immigravit
2579 1329 2768 1367 ποτι-

443 1389 781 1450 νίσσεται
825 1394 1148 1469 scripserat
1192 1397 1383 1469 poeta.

607 1476 736 1535 Duo
784 1497 935 1553 quae
978 1480 1283 1554 separavit
1327 1477 1671 1537 Dindorfius
1717 1477 2053 1555 fragmenta
2088 1479 2422 1537 746—757
2468 1481 2531 1538 et
2562 1480 2764 1538 758-

439 1564 558 1621 766
606 1563 781 1621 unius
825 1565 968 1621 sunt
1027 1567 1241 1639 poetae
1297 1566 1475 1639 atque
1520 1582 1637 1622 uno
1683 1563 1784 1621 filo
1838 1563 2162 1622 decurrunt
2219 1567 2461 1638 sumpta
2518 1583 2589 1622 ex
2648 1583 2767 1623 car·

435 1648 624 1719 mine,
674 1665 792 1721 quo
837 1647 1128 1723 agebatur
1170 1667 1294 1708 non
1340 1648 1412 1707 de
1455 1647 1608 1708 Orco
1639 1648 1740 1707 sed
1789 1647 1861 1706 de
1907 1648 2264 1707 occidentali
2298 1647 2460 1707 orbis
2503 1650 2770 1725 margine

426 1732 740 1831 patriaque
796 1731 1223 1808 Hesperidum,
1295 1733 1369 1791 ad
1428 1752 1574 1808 quas
1630 1734 1929 1809 pertinere
1996 1733 2235 1791 initium
2292 1739 2435 1791 τῶν
2489 1728 2765 1810 πρόσθ’

437 1808 685 1885 Ιαπετός
730 1835 800 1874 ex
846 1819 1143 1876 consimili
1186 1818 1314 1878 loco
1361 1818 1482 1876 519
1524 1814 1762 1895 πρόπαρ
1797 1811 2163 1894 Ἑσπερίδων
2205 1820 2391 1893 patet.
2466 1818 2629 1877 Haec
2658 1820 2768 1896 igi-

434 1903 533 1958 tur
574 1901 738 1978 regio
783 1902 1160 1976 aptissimum
1217 1906 1309 1962 est
1349 1906 1412 1960 et
1465 1903 1727 1962 Noctis
1782 1905 1962 1977 atque
2022 1901 2190 1961 Diei
2247 1902 2612 1962 domicilium
2669 1923 2764 1962 ex-

433 1986 624 2044 eundo
655 1988 716 2045 et
743 1985 1043 2046 redeundo
1073 1987 1504 2047 alternantium
1537 1988 1869 2046 746—754
1916 1989 1977 2045 et
2007 1987 2255 2046 Somni
2283 1992 2467 2063 atque
2499 1989 2768 2048 Mortis

431 2070 623 2129 Nocte
669 2075 1129 2147 prognatorum,
1179 2092 1433 2149 quorum
1463 2075 1674 2132 neuter
1717 2073 1857 2130 solis
1905 2072 2087 2130 radiis
2132 2091 2414 2147 umquam
2461 2074 2767 2133 collustra-

432 2158 553 2214 tur.
629 2156 924 2231 Remotis,
986 2176 1136 2233 quos
1195 2159 1312 2216 iam
1366 2158 1468 2216 alii
1528 2157 1988 2230 damnaverunt,
2048 2158 2434 2232 ineptissimis
2492 2159 2763 2218 versibus

434 2241 766 2299 755—757
812 2243 988 2300 ambo
1045 2243 1311 2301 membra
1367 2245 1429 2301 et
1483 2245 1843 2319 argumento
1889 2243 1949 2299 et
2001 2242 2255 2317 singulis
2312 2243 2586 2301 formulis
2651 2244 2770 2302 sibi

434 2326 858 2401 respondentia
903 2329 1019 2385 iam
1065 2327 1309 2387 totidem
1356 2346 1565 2386 versus
1623 2344 1952 2386 novenos
1998 2326 2249 2401 habent,
2310 2327 2468 2403 quod
2526 2346 2595 2386 eo
2641 2348 2766 2386 ma·

433 2412 528 2485 gis
573 2411 865 2485 notabile,
925 2412 1082 2487 quod
1139 2414 1202 2470 in
1256 2413 1530 2471 omnibus
1589 2413 1680 2470 his
1740 2414 1882 2486 post
1934 2411 2347 2470 Prometheam
2406 2412 2767 2472 carminibus

435 2495 644 2553 nulla
687 2495 895 2555 insunt
939 2496 1413 2573 stropharum
1459 2497 1818 2574 vestigia.

605 2581 697 2638 Ad
744 2580 963 2641 Orcum
1010 2601 1353 2641 revocamur
1398 2585 1660 2659 quarto
1706 2583 2040 2658 fragmento
2075 2584 2216 2640 767.
2266 2583 2628 2657 769—773‚
2675 2585 2769 2643 cui

434 2666 526 2724 bis
575 2686 627 2726 v.
680 2667 799 2724 768
847 2669 907 2724 et
941 2668 1061 2725 774
1108 2668 1263 2726 idem
1312 2669 1718 2743 importunum
1762 2667 2057 2742 glossema
2100 2667 2332 2725 illatum
2379 2669 2496 2742 est,
2543 2669 2773 2728 scilicet

437 2751 579 2825 quia
622 2752 774 2807 θεοῦ
818 2748 1069 2824 χθονίου
1113 2770 1331 2811 nomen
1362 2752 1834 2812 desiderabatur.
1912 2750 2046 2810 Huc
2079 2753 2459 2826 potissimum
2503 2754 2765 2827 positum

433 2837 525 2892 est
565 2833 719 2892 illud
764 2835 1195 2911 fragmentum,
1244 2837 1400 2913 quod
1459 2837 1597 2897 finis
1641 2838 1767 2895 eius
1815 2830 2005 2894 ἐσθίει
2061 2831 2138 2894 ὄν
2191 2857 2257 2894 κε
2312 2831 2581 2916 λάβῃσι
2634 2857 2768 2914 pro·

433 2919 587 2977 xime
635 2919 864 2978 accedit
905 2921 979 2978 ad
1023 2920 1175 2979 illud
1220 2942 1277 2980 v.
1328 2924 1449 2981 765
1506 2917 1621 2998 ἔχει
1664 2915 1730 2979 δ’
1790 2911 1875 2977 ὃν
1929 2921 2131 2995 πρῶτα
2190 2918 2544 3002 λάβῃσιν,
2598 2923 2767 2982 cuiun

431 3003 493 3061 in
540 3005 1025 3079 coagmentandis
1080 3006 1172 3065 his
1230 3008 1485 3066 tessellis
1540 3008 1722 3066 moris
1767 3006 2025 3081 plurima
2078 3007 2351 3081 exempla
2405 3027 2474 3065 ex
2520 3007 2767 3066 Hesiodi

433 3087 726 3163 Operibus
772 3089 1210 3150 demonstravit
1255 3091 1617 3150 Lehrsius
1664 3093 1726 3149 in
1773 3091 2193 3151 dissertatione
2239 3111 2419 3168 supra
2463 3093 2722 3154 laudata.

601 3173 717 3231 Sed
766 3193 1151 3251 quaecunque
1195 3176 1385 3235 adhuc
1435 3178 1496 3234 in
1543 3177 1635 3235 his
1682 3176 1918 3236 Orcinis
1963 3176 2223 3236 tenebris
2269 3176 2768 3252 deprehendimus

429 3258 727 3334 pervideri
776 3263 978 3319 tamen
1033 3264 1313 3336 poterant
1373 3261 1661 3337 pleraque
1705 3263 1852 3321 satis
1910 3261 2239 3335 commode3
2300 3261 2371 3319 de
2426 3261 2547 3320 illis
2606 3280 2764 3336 vere,

432 3362 583 3419 quae
632 3348 865 3403 restant
906 3365 963 3404 v.
1013 3346 1346 3404 720-745
1404 3347 1551 3422 ipsis
1610 3346 1875 3405 tenebris
1920 3346 2410 3421 tenebricosiora‚
2458 3346 2604 3420 quid
2648 3347 2767 3405 iam
2855 3356 2862 3362 ’

433 3427 715 3487 faciamus
760 3429 911 3489 nos?
958 3417 1129 3489 'Bene
1175 3431 1419 3506 quidem
1462 3431 1707 3505 accidit,
1763 3428 1922 3506 quod
1986 3432 2103 3488 iam
2151 3431 2299 3489 duos
2354 3450 2429 3492 ex
2471 3430 2565 3491 his
2609 3433 2769 3491 locos

430 3514 574 3571 satis
618 3514 878 3573 incertos
923 3546 1002 3557 --
1055 3535 1104 3573 v.
1155 3517 1270 3574 731
1333 3535 1368 3573 a
1409 3517 1647 3574 nemine
1690 3516 1788 3573 hic
1849 3516 2169 3573 toleratum
2214 3518 2276 3573 et
2318 3536 2376 3574 v.
2427 3517 2762 3574 743-745

429 3630 511 3638 --
555 3598 620 3656 in
663 3598 788 3657 suis
845 3599 1086 3658 sedibus
1142 3600 1589 3675 collocavimus,
1648 3600 1863 3659 melius
1916 3601 2126 3674 etiam,
2188 3602 2347 3675 qnod
2406 3600 2557 3658 duae
2614 3621 2762 3676 quas

429 3681 760 3741 deteximus
806 3682 1293 3743 Titanomachiae
1337 3686 1708 3744 recensiones
1754 3685 1829 3742 de
1873 3686 2018 3760 ipsis
2064 3685 2185 3743 illis
2232 3703 2384 3760 quae
2427 3685 2501 3743 iis
2546 3684 2758 3743 adhae-

429 3769 565 3826 rent
608 3767 936 3826 corollariis
996 3771 1165 3845 quasi
1226 3771 1564 3843 „communi
1613 3769 1942 3828 dividundo
1987 3770 2244 3828 formula
2298 3768 2619 3829 dimicare“
2678 3771 2759 3828 vi-

428 3850 668 3926 dentur,
717 3856 785 3911 ut
828 3853 876 3911 si
922 3853 1047 3912 fieri
1104 3855 1298 3928 possit
1344 3855 1501 3912 iusto
1558 3853 1678 3913 fine
1721 3873 1797 3912 ne
1842 3854 2096 3913 careant.
2172 3854 2390 3912 Earum
2433 3855 2759 3931 priorem

426 3936 502 3993 ad
546 3937 654 3995 hos
701 3956 885 4013 usque
933 3957 1138 3997 versus
1184 3938 1534 3998 deduximus
1581 3939 1655 3996 de
1686 3938 2051 3998 Centimanis
2098 3939 2382 3998 Titanum
2426 3939 2757 3999 victoribus

426 4025 670 4097 agentes
717 4024 835 4080 717
869 4042 957 4097 sq.

688 4172 761 4180 -—
852 4174 935 4182 ——
1018 4138 1121 4199 καὶ
1162 4129 1297 4210 τούς
1341 4136 1452 4216 μὲν
1493 4133 1641 4200 ὑπὸ
1684 4130 1964 4218 χθονὸς
2010 4135 2352 4219 εὐρυοδείης

682 4220 930 4299 πέμψαν
973 4222 1074 4283 καὶ
1122 4223 1510 4304 δεσμοῖσιν
1554 4222 1621 4285 ἓν
1662 4218 2041 4305 ἀργαλέοισιν
2085 4223 2323 4303 ἔδησαν.

424 4359 674 4418 Factum
719 4361 780 4420 id
825 4380 954 4420 esse
997 4362 1205 4422 eodem
1249 4364 1404 4438 Ιοοο,
1450 4382 1572 4439 quo
1616 4364 1706 4422 illi
1750 4364 1864 4439 ipsi
1896 4365 2038 4424 olim
2069 4364 2281 4424 inclusi
2327 4365 2581 4439 fuerant,
2627 4384 2761 4424 sua·

427 4444 574 4503 dent
619 4464 770 4520 quae
815 4465 998 4521 supra
1055 4468 1110 4508 v.
1157 4448 1299 4507 618.
1348 4450 1471 4510 620
1501 4468 1588 4523 sq.
1638 4449 1761 4507 652
1793 4468 1884 4526 sq.
1933 4451 2054 4509 658
2086 4468 2173 4527 sq.
2220 4449 2432 4508 iisdem
2480 4449 2600 4508 fere
2633 4468 2760 4509 ver·
