3132 5129
1258 402 1545 465 -393
1643 441 1709 449 -

318 557 943 618 commemorantur?“
1009 556 1130 618 Cur
1175 577 1378 618 versus
1419 559 1535 617 hue
1579 578 1698 618 non
1741 562 2039 635 pertinere
2084 562 2325 636 putaret
2368 558 2651 635 Graefius,

318 662 494 702 causa
552 646 680 702 erat
738 644 1108 720 gravissima.
1197 643 1378 703 Recte
1424 645 1583 703 enim
1628 645 1728 703 ille
1773 646 2011 705 Indicos
2054 647 2260 715 leones,
2304 646 2408 721 qui
2452 647 2653 742 potius

313 728 527 787 Bacchi
588 731 788 803 eraut,
845 748 881 787 a
936 730 1048 787 Dei
1109 729 1320 787 marini
1379 748 1555 788 curru
1606 729 1811 789 abesse
1866 730 2076 789 voluit.
2167 729 2279 789 Sed
2337 731 2654 806 quominus

314 814 422 873 hos
477 831 686 873 versus
741 774 936 872 alieno
994 814 1127 873 loco
1188 815 1451 873 intrusos
1509 832 1724 890 eosque
1781 816 1852 873 de
1896 815 2112 874 Bacchi
2153 815 2421 874 vehiculo
2466 815 2651 874 dictos

315 917 442 957 esse
485 900 789 974 putemus,
845 898 1103 974 primum
1160 898 1385 974 obstat,
1449 899 1607 975 quod
1663 899 1768 958 illa
1825 899 2006 958 verba
2059 889 2260 971 ζεύξας
2304 896 2653 973 Ἴσθμιον

312 1003 474 1060 αρμα
528 1001 650 1042 11011
701 985 954 1059 possunt
1008 983 1084 1041 ad
1143 982 1467 1057 Bacchum,
1536 984 1638 1047 sed
1695 984 1915 1043 debent
1968 984 2040 1043 ad
2099 984 2388 1044 famulum
2442 985 2651 1044 referri

315 1069 612 1143 Neptuni,
672 1087 848 1144 quem
904 1069 1138 1127 constat
1191 1069 1254 1127 in
1297 1068 1524 1127 Isthmo
1583 1071 1838 1128 maxime
1892 1087 2019 1128 esse
2065 1069 2447 1129 celebratum.
2535 1069 2649 1128 Ex·

315 1156 605 1213 structum
662 1152 747 1212 ibi
804 1155 933 1212 erat
984 1152 1122 1213 huic
1166 1152 1292 1212 Deo
1344 1153 1664 1229 templum,
1722 1155 1783 1212 in
1842 1173 1958 1229 quo
2004 1154 2480 1231 conspiciebatur
2524 1156 2651 1230 ipse

315 1257 448 1297 cum
508 1237 877 1312 Amphitrite
932 1239 1133 1296 currui
1185 1237 1503 1297 artificiose
1555 1239 1711 1298 facto
1770 1242 2172 1315 quattuorque
2230 1241 2395 1314 equis
2450 1240 2653 1299 iuncto

313 1324 612 1391 insistens,
697 1321 836 1381 Vid.
884 1322 1134 1381 Pausan.
1181 1323 1270 1398 II,
1321 1326 1386 1398 1,
1437 1326 1631 1399 7—9,
1692 1343 1867 1399 quem
1925 1324 2117 1383 locum
2163 1325 2413 1383 fortasse
2457 1343 2653 1399 respe—

318 1409 409 1466 xit
454 1407 529 1465 N.
623 1407 852 1466 Deinde
896 1411 1124 1481 autem,
1185 1407 1327 1483 quid
1371 1411 1497 1467 tum
1543 1409 1728 1467 facias
1773 1409 2010 1467 hinnitu
2056 1410 2302 1484 equino,
2359 1410 2460 1484 qui
2510 1427 2653 1485 quo·

319 1493 496 1551 modo
542 1510 676 1551 cum
721 1491 917 1551 Rheae
963 1511 1157 1564 curru,
1203 1511 1319 1567 quo
1366 1492 1632 1551 Bacchus
1674 1493 1942 1568 vehitur,
1990 1497 2308 1571 congruat,
2354 1512 2475 1552 non
2519 1514 2648 1569 per-

321 1575 550 1652 spicio?
636 1574 729 1635 Ne
772 1577 986 1653 longus
1032 1577 1169 1636 sim:
1226 1580 1373 1652 puto
1418 1596 1529 1652 ego
1576 1579 1816 1636 omnino
1862 1539 1998 1637 ill⁷os
2044 1598 2279 1655 quoque
2323 1596 2536 1639 versus
2581 1579 2655 1637 ad

324 1661 684 1720 Melicertem
731 1666 1016 1738 spectare,
1063 1663 1148 1720 ita
1193 1665 1261 1720 ut
1288 1681 1397 1736 pro
1437 1654 1487 1717 I
1498 1656 1754 1719 νδωων
1795 1662 2034 1739 legatur
2091 1660 2461 1725 εἰναλίων.
2548 1664 2654 1721 Et·

320 1747 477 1805 enim
537 1745 641 1804 ille
684 1746 862 1805 simul
909 1765 1092 1822 equos
1136 1749 1199 1805 et
1243 1746 1440 1806 leones
1486 1746 1748 1845 marinos
1792 1748 1904 1807 sub
1950 1748 2154 1825 iugum
2203 1749 2467 1808 duxerat.
2558 1748 2657 1808 Sic

319 1831 476 1891 infra
521 1830 643 1890 264
675 1850 764 1907 sq.
813 1831 1059 1891 dicitur.

620 1947 720 2008 καὶ
761 1945 1018 2044 βλοσυρὴ
1068 1945 1406 2020 Πανόπεια,
1453 1949 1810 2010 διαΐσσουσα
1853 1947 2114 2029 γαλήνης

624 2024 854 2113 γλαυκὰ
896 2038 994 2091 θα
1012 2033 1365 2110 λασσαίης
1411 2028 1724 2110 ἑπεμάστιε
1767 2043 1926 2095 νῶτα
1970 2039 2097 2095 λεα
2113 2035 2237 2112 ίνη
2255 2060 2299 2108 ς.

319 2148 601 2222 Εἰνᾶλιος
643 2156 843 2212 autem
889 2156 1144 2214 occurrit
1187 2175 1242 2214 v.
1291 2157 1433 2213 226.
1482 2156 1627 2214 257.
1677 2156 1818 2214 267.
1866 2157 1991 2215 300
2035 2158 2096 2215 et
2137 2155 2304 2214 alibi.

490 2236 661 2308 Quod
707 2241 902 2297 autem
958 2238 1227 2298 Graefius
1271 2240 1483 2298 Bacchi
1530 2240 1773 2315 eiusque
1815 2241 1880 2298 in
1924 2239 2032 2298 hac
2075 2259 2279 2316 pugna
2322 2240 2652 2299 facinorum

318 2324 685 2382 mentionem
719 2324 1096 2399 desideravit,
1144 2326 1272 2382 iure
1303 2325 1524 2383 factum
1553 2323 1630 2383 ab
1662 2343 1730 2383 eo
1766 2325 2042 2384 arbitror.
2104 2325 2259 2382 Nam
2289 2343 2419 2383 cum
2453 2342 2656 2399 pugna

319 2408 426 2466 illa
467 2409 627 2467 inter
670 2409 965 2467 Bacchum
1010 2414 1086 2472 et,
1115 2409 1464 2483 Neptunum
1511 2410 1583 2468 de
1631 2409 1814 2468 Beroe
1861 2410 2299 2483 committatur,
2346 2411 2478 2468 uter
2520 2427 2652 2467 eam

297 2494 382 2551 .in
425 2493 871 2552 matrimonium
917 2495 997 2553 sit
1040 2494 1354 2567 ducturu83
1413 2496 1876 2553 consentaneum
1932 2496 2051 2569 est,
2098 2493 2423 2569 Bacchum,
2479 2493 2653 2553 vehe-

319 2580 689 2638 mentissimo
746 2579 999 2654 virginis
1057 2597 1256 2638 amore
1311 2580 1663 2654 fiagrantem
1720 2574 1923 2658 (quem
1979 2599 2241 2639 amorem
2287 2580 2440 2638 libro
2485 2597 2653 2654 prae-

319 2663 561 2722 cedente
591 2663 909 2738 descripsit
937 2661 1066 2742 N.)‚
1100 2663 1571 2738 pertinacissime
1602 2666 1785 2723 etiam
1814 2666 1878 2724 in
1909 2683 1977 2724 eo
2006 2665 2232 2741 proelio
2264 2664 2656 2722 dimicavisse.

319 2748 400 2806 Et
444 2748 703 2806 saeviter
746 2749 808 2806 in
839 2749 1108 2824 Neptuni
1139 2750 1407 2807 catervas
1437 2749 1735 2808 Bacchum
1765 2768 1894 2809 esse
1924 2754 2273 2825 grassatum,
2322 2768 2393 2808 ex
2424 2769 2475 2809 v.
2510 2749 2654 2807 359.

322 2834 444 2892 363
477 2851 609 2908 sqq.
658 2834 780 2891 375
813 2852 946 2908 sqq.
992 2833 1320 2893 certissime
1376 2837 1644 2910 apparet.
1732 2833 1946 2910 Itaque
1993 2853 2133 2894 sane
2178 2853 2381 2894 versus
2425 2835 2657 2909 aliquot

320 2917 602 2976 excidisse
657 2919 951 2993 suspicor,
1013 2918 1231 2994 quibus
1289 2918 1500 2978 Bacchi
1561 2919 1851 2978 fortitudo
1909 2919 2338 2979 celebrabatur.
2427 2918 2541 2976 Sed
2588 2937 2657 2975 ea

318 3002 530 3062 lacuna
572 3021 693 3061 11011
735 3002 851 3060 fuit
893 3001 950 3062 h.
985 3003 1027 3061 1.
1074 3005 1228 3062 circa
1270 3023 1328 3062 v.
1360 3005 1502 3078 200,
1550 3004 1671 3079 sed,
1719 3006 1768 3063 si
1813 3004 1956 3080 quid
2001 3005 2191 3080 viden,
2237 3006 2376 3080 post
2419 3024 2475 3064 v.
2509 3004 2654 3062 306.

319 3086 413 3145 Ibi
445 3087 602 3146 enim
633 3086 732 3162 N„
779 3088 1073 3147 recensito
1118 3087 1181 3146 in
1223 3088 1710 3150 antecedentibus
1741 3089 2009 3165 Neptuni
2054 3090 2330 3163 exercitu,
2377 3090 2656 3163 variaque

319 3172 447 3231 eius
502 3174 833 3244 armatura,
890 3174 1007 3231 iam
1063 3176 1467 3248 transgressus
1521 3174 1598 3232 ad
1643 3174 1856 3234 Bacchi
1915 3175 2138 3250 copiaS,
2203 3173 2498 3249 quomodo
2553 3192 2654 3231 eae

323 3257 646 3315 instructae
705 3256 931 3316 fuerint
987 3261 1047 3316 et
1101 3259 1325 3332 impetu
1384 3258 1543 3316 facto
1601 3259 1967 3318 marinorum
2011 3258 2274 3317 Deorum
2331 3276 2545 3334 agmen
2591 3258 2653 3315 in

325 3341 529 3416 fugam
574 3342 887 3417 verterint,
932 3362 989 3402 v.
1024 3344 1356 3402 307—357
1390 3343 1654 3417 exponit.
1729 3343 1844 3402 Hic
1888 3344 2074 3419 igitur
2117 3342 2295 3402 etiam
2341 3341 2653 3400 memorari

319 3425 619 3485 debebant
660 3445 755 3485 res
799 3446 833 3484 a
876 3426 1108 3486 Baccho
1154 3429 1216 3486 in
1261 3446 1332 3485 ea
1373 3444 1581 3503 pugna
1622 3432 1847 3503 gestae.

493 3510 675 3585 XLV,
724 3512 849 3570 220
879 3531 969 3587 sq.
1015 3511 1314 3571 Pentheus
1360 3530 1560 3572 servos
1604 3512 1772 3571 iubet
1813 3512 2111 3573 Bacchum
2156 3509 2654 3587 comprehendere
2749 3567 2763 3576 ,

319 3596 709 3671 vinosumque
751 3596 1074 3655 adducere:

622 3728 811 3804 δμῶες
856 3725 1001 3806 ἐμοί,
1048 3728 1370 3807 στείχοντες
1412 3726 1478 3788 ἐν
1520 3728 1735 3791 ἄστεϊ
1773 3729 1873 3790 καὶ
1916 3728 2097 3828 μέσον
2141 3724 2287 3807 υλης

624 3810 803 3889 αξατὲ
844 3836 943 3893 μοι
986 3813 1365 3894 βαρύδεσμον
1407 3809 1701 3876 ἀνάλκιδα
1746 3824 1958 3876 τοῦτον
1999 3807 2244 3893 ἀλήτην.

318 3952 587 4012 Graeflus
632 3953 773 4012 haec
814 3952 1158 4028 adscripsit.
1204 3947 1316 4028 „ssv
1357 3948 1528 4011 αστεϊ
1566 3954 1765 4014 nescio
1810 3972 1885 4011 811
1927 3971 2134 4012 verum
2179 3952 2290 4027 sit·
2336 3971 2368 4010 e
2416 3971 2471 4015 v.
2522 3951 2644 4009 323

319 4037 485 4096 urbis
542 4037 907 4096 mentionem
964 4037 1274 4113 defendas,
1335 4038 1437 4097 sed
1493 4041 1555 4097 in
1601 4039 1884 4113 proximis
1929 4058 1984 4098 v.
2034 4039 2154 4096 229
2188 4055 2322 4113 sqq.
2369 4037 2650 4095 omissam

322 4121 567 4180 miror.“
640 4123 822 4181 Recte
866 4123 950 4181 ita
994 4122 1097 4181 ille
1143 4124 1345 4182 sensit.
1419 4123 1573 4180 Nam
1618 4124 1680 4180 in
1727 4121 1874 4180 urbe
1907 4121 2146 4198 quidem
2175 4121 2473 4181 Pentheus
2503 4125 2650 4191 erat,

322 4209 490 4265 extra
535 4206 741 4265 urbem
787 4208 850 4266 in
893 4208 1166 4266 saltubus
1210 4206 1523 4283 palabatur
1552 4207 1815 4266 Bacchus
1860 4225 1992 4265 cum
2038 4208 2305 4266 exercitu
2351 4224 2456 4264 suo
2503 4203 2649 4282 (vid.

318 4290 532 4367 XLIV,
567 4292 710 4367 3sq.
746 4294 843 4351 15.
875 4290 1058 4367 XLV,
1093 4294 1312 4367 368qq.
1347 4290 1515 4368 286),
1548 4292 1622 4349 ad
1656 4311 1833 4366 quem
1865 4291 2072 4366 Agave
2107 4288 2347 4368 (XLIV,
2381 4293 2459 4350 95
2484 4285 2649 4370 sqq.)

320 4378 382 4434 et
440 4375 698 4436 Tiresias
753 4371 964 4455 (XLV,
1023 4379 1144 4434 216
1189 4376 1347 4452 sqq.)
1407 4396 1538 4437 011111
1595 4374 1816 4435 Cadmo
1872 4394 2143 4452 egressus
2199 4378 2346 4434 erat.
2440 4376 2651 4450 Itaque

325 4460 534 4519 famuli
579 4482 635 4520 v.
687 4462 808 4520 228
841 4480 967 4536 sqq.
1015 4462 1222 4520 statim
1269 4462 1334 4522 in
1376 4462 1610 4538 sylvam
1654 4479 1999 4538 properasse
2047 4460 2355 4519 dicuntur:
