3132 5129
1715 178 1754 213 Π

1357 378 1652 442 -302
1741 416 1816 426 -

419 534 501 593 Et
543 535 831 595 omittunt
887 535 1038 596 illud
1094 526 1184 606 οἷς
1230 534 1398 597 Vatt.
1446 535 1518 593 A.
1551 535 1625 593 Β.
1658 534 1722 595 C.
1759 537 1834 595 D.
1882 534 2271 609 Guelpherb.-
2310 537 2556 603 Vratisl.
2610 539 2756 599 Vin-

422 620 558 679 dob.
620 621 884 680 Florent.
952 620 1247 679 Brubach.
1306 619 1488 679 Basil.
1579 619 1750 691 Quod
1814 625 2011 681 autem
2076 622 2438 683 Hoerstelius
2504 626 2759 685 coniecit

420 697 801 782 ἑτάροισιν
846 701 1036 782 ἑοῖς,
1095 706 1339 781 propter
1382 706 1660 765 vitiosam
1722 725 2020 766 caesuram
2064 708 2304 783 probari
2361 728 2481 768 non
2537 713 2757 785 potest.

422 789 736 849 Praeterea
780 791 941 849 aliud
993 791 1319 866 permirum
1350 793 1468 865 est,
1525 790 1687 866 quod
1715 791 2003 851 Hercules
2044 793 2252 852 abiens
2282 795 2472 854 socios
2528 796 2756 869 probe

423 874 591 933 iubet
632 875 883 950 epulari.
959 875 1082 935 Cur
1110 893 1233 934 non
1278 874 1405 950 ipse
1433 875 1696 950 primum
1726 895 1862 935 cum
1907 877 1981 936 iis
2013 878 2313 953 epulatur,
2360 881 2488 937 tum
2519 880 2757 938 demum

420 959 604 1017 alium
651 960 764 1018 sibi
810 979 1039 1019 remum
1083 962 1400 1036 paraturus
1456 961 1689 1037 sylvam
1734 960 1933 1037 petit?
2007 962 2090 1020 Et
2134 961 2319 1032 Hylas
2372 982 2611 1040 quoque
2667 961 2753 1042 (v.

428 1044 786 1119 1207—10)
833 1044 987 1120 abit,
1033 1064 1247 1122 aquam
1280 1044 1526 1104 Herculi
1556 1046 1915 1105 cenatoriam
1958 1050 2373 1123 apportatum3
2422 1048 2567 1124 quid
2596 1050 2754 1125 quod

424 1128 825 1205 Polyphemus
870 1149 1106 1207 quoque
1150 1134 1501 1205 exspectans
1546 1129 1649 1188 ille
1680 1130 1763 1208 (v.
1801 1127 1994 1211 1242)
2037 1132 2387 1192 redeuntem
2436 1133 2753 1193 Herculem

427 1214 633 1288 epulas
677 1214 943 1291 reliquit.
1017 1216 1143 1276 Nec
1172 1220 1383 1276 oemmt
1427 1216 1599 1290 socii,
1646 1215 2057 1291 proficiscente
2088 1217 2372 1294 Hercule,
2420 1219 2523 1277 sed
2554 1237 2755 1279 cenam

408 1304 668 1371 param,
714 1302 785 1357 ut
824 1320 894 1360 ex
941 1321 994 1360 v.
1047 1302 1289 1360 1182—
1301 1302 1381 1360 86
1428 1300 1755 1359 clarissime
1797 1304 2089 1376 apparet:

674 1431 829 1493 ἔνθα
873 1427 931 1493 δ’
980 1428 1182 1494 ἔπειθ’
1199 1434 1289 1509 εἳ
1330 1429 1442 1512 μὲν
1483 1429 1633 1507 ξύλα
1676 1426 1969 1514 κάγκανα,
2017 1434 2104 1495 τοὶ
2147 1431 2214 1495 δὲ
2258 1435 2500 1515 λεχαίην

674 1513 952 1594 φυλλάδα
1006 1511 1315 1617 λειμωνων
1352 1515 1533 1618 φέρον
1577 1517 1842 1580 ἄσπετον
1881 1516 2221 1599 ἀμήσαντες

674 1601 1073 1681 στόρνυσθαι’
1121 1602 1208 1664 τοὶ
1251 1595 1315 1662 δ’
1362 1593 1516 1681 ἀμφὶ
1558 1602 1784 1684 πυρήια
1830 1604 2218 1666 δινεύεσκον·

672 1689 733 1745 οἳ
778 1684 837 1746 δ’
885 1680 1054 1748 οἶνον
1095 1689 1382 1768 κρητῆρσι
1424 1687 1648 1768 κέρων,
1692 1687 2050 1751 πονέοντό
2100 1713 2171 1750 τε
2214 1690 2464 1767 δαῖτα,

667 1767 963 1856 Ἐκβασίῳ
1007 1770 1278 1853 ῥέξαντες
1321 1770 1443 1834 ὑπὸ
1490 1772 1718 1852 κνέφας
1756 1769 2101 1836 Ἀπόλλωνι.

362 1908 543 1968 4Iam
587 1910 948 1985 Apollonius
991 1930 1230 1972 versum
1282 1913 1440 1971 1187
1501 1912 1612 1971 hoc
1655 1913 1864 1990 modo,
1922 1916 1992 1972 ut
2035 1914 2307 1989 equidem
2349 1916 2516 1989 puto,
2574 1915 2755 1990 scrip·

417 1997 545 2052 tum
590 1995 948 2054 subiecerat:

671 2104 859 2191 αὐτὰρ
902 2103 935 2172 ὃ
979 2112 1206 2172 δαῖτα
1249 2112 1626 2174 πένεσθαι
1671 2111 1996 2193 ἑταίροις
2042 2105 2124 2176 εὖ
2168 2112 2479 2187 ἐπιτείλας.

417 2231 705 2291 Hercules
748 2233 1021 2293 abiturus
1065 2235 1257 2294 socios
1300 2254 1503 2294 cenam
1548 2237 1840 2294 instruere
1884 2236 2076 2310 iubet,
2124 2239 2192 2294 ut
2233 2237 2420 2295 redux
2464 2255 2537 2294 ex
2582 2236 2754 2311 sylva

418 2317 615 2375 cibum
660 2321 934 2393 paratum
977 2319 1264 2378 inveniat.
1335 2314 1624 2392 Ἑταίροις
1681 2322 1902 2396 legitur
1944 2321 2008 2379 in
2053 2311 2484 2386 Vanam-213
2529 2327 2747 2397 autem,

417 2402 574 2476 quod
630 2402 992 2463 Wellauerus
1045 2403 1364 2462 admodum
1418 2408 1664 2465 otiosum
1717 2407 1918 2481 putat,
1972 2406 2035 2464 in
2091 2406 2198 2464 hac
2256 2406 2386 2481 ipsa
2446 2406 2751 2518 locutione

415 2485 964 2632 Homevri013151538t,
1012 2489 1085 2548 cf.
1134 2490 1190 2545 Κ
1223 2490 1322 2549 63.
1372 2490 1471 2549 72.
1518 2488 1586 2545 Ν
1616 2492 1756 2550 753.

673 2690 861 2767 Νηῦν
903 2685 969 2748 δὲ
1013 2689 1389 2789 πανημερίην
1429 2689 1647 2770 ἄνεμος
1692 2688 1833 2770 φέρε
1880 2691 2059 2752 νυκτί
2097 2715 2155 2754 τε
2150 2689 2363 2798 πάσῃ

670 2770 917 2853 λάβρος
964 2772 1306 2835 ἐπιπνείων·
1352 2768 1498 2857 ἆτάρ
1541 2771 1671 2836 οὐδ’
1724 2774 1821 2838 ἐπὶ
1865 2776 2093 2838 τυτθὸν
2135 2800 2286 2855 αητο
2330 2782 2441 2839 etc.

417 2911 805 2969 Praetulerim
852 2907 1111 2988 λάβρον
1155 2907 1511 2988 ἐπιπνείων,
1568 2915 1751 2974 etiam
1810 2919 2062 2991 propter
2106 2915 2443 2992 oppositum
2500 2911 2749 2975 τυτθόν.

417 2995 654 3054 Diserte
699 2999 896 3055 autem
940 2993 1165 3073 λάβρον
1210 3016 1245 3055 a
1289 2997 1606 3058 scholiasta
1650 2993 1871 3059 lectum
1916 3001 2064 3075 suit,
2113 3001 2310 3102 cuius„
2327 3000 2473 3060 haec
2516 3004 2608 3059 est
2650 3001 2753 3059 ad-

416 3081 674 3140 notatio:
723 3076 835 3156 τὴν
877 3075 944 3138 δὲ
971 3087 1146 3140 ναῦν
1189 3073 1272 3138 δι’
1316 3077 1457 3157 ολης
1513 3077 1736 3161 ἡμέρας
1780 3082 1882 3142 καὶ
1928 3079 2143 3154 νυκτὸς
2189 3078 2222 3144 ὁ
2264 3081 2483 3160 ἄνεμος
2542 3081 2752 3161 ἔφερεν

416 3162 755 3241 σφοδρῶς
812 3160 1126 3224 ἐπιπνέων.
1202 3165 1494 3227 Similiter
1551 3170 1732 3228 etiam
1777 3168 1894 3246 III,
1949 3172 2107 3231 1048
2170 3171 2298 3230 sine
2355 3170 2750 3230 haesitatione

416 3250 803 3308 correxerim.

869 3401 942 3411 ...
990 3401 1068 3411 -
1116 3401 1198 3412 -
1243 3363 1377 3430 οὐδ’
1425 3367 1717 3448 ασχετον
1758 3366 2055 3431 ἀΐσσουσα

668 3449 817 3528 φλὸξ
861 3447 1050 3512 ὀλοων
1092 3447 1346 3532 ταύρων.

415 3587 746 3665 Perexigua
788 3589 854 3648 in
895 3588 988 3649 his
1030 3589 1353 3666 librorum,
1408 3593 1668 3652 maxima
1722 3596 1924 3652 autem
1979 3612 2122 3654 usus
2176 3598 2238 3652 et
2306 3595 2751 3654 consuetudinis

413 3677 507 3731 est
551 3674 898 3733 auctoritas.

1397 3865 1619 3940 Liber
1673 3867 1764 3942 Π.

585 4018 656 4083 V.
705 4022 784 4079 92
815 4040 943 4097 sqq.
988 4022 1076 4079 ita
1120 4039 1244 4080 esse
1290 4024 1764 4084 constituendos:

1121 4189 1205 4200 —
1248 4190 1331 4200 -
1375 4189 1457 4200 —--
1501 4151 1540 4214 ὁ
1584 4155 1643 4216 δ’
1690 4152 1962 4232 ἀίξαντος
2005 4154 2255 4236 ὑπέστη,

667 4261 853 4318 κρατα
897 4240 1391 4317 παρακλίνας,ω
1344 4263 1486 4323 ωμῳ
1530 4237 1593 4299 δ’
1641 4237 1950 4316 ἀνεδέξατο
1992 4253 2226 4323 πῆχυν·

666 4322 920 4384 τυτθὸν
962 4321 1023 4385 δ’
1070 4321 1204 4403 αγχ’
1254 4321 1460 4386 αὐτοῖο
1501 4324 1692 4408 παρὲκ
1734 4349 1889 4408 yovv
1932 4328 2148 4407 γουνὸς
2192 4325 2455 4405 αμείβων
2485 4333 2597 4388 etc.

413 4443 685 4519 pluribus
731 4445 902 4503 docui
947 4446 1010 4503 in
1054 4446 1570 4506 emendationibus
1614 4449 1689 4507 ad
1738 4449 2026 4520 Quintum
2070 4449 2176 4524 IV,
2224 4450 2368 4507 347.
