3132 5129
1356 360 1814 423 -350-

726 514 1066 593 ἱππόκομον
1111 510 1506 617 τρυφάλειαν·
1556 512 1671 592 ἔφη
1719 510 1782 573 δέ
1827 510 1856 572 ἓ
1897 508 2115 573 πολλὸν
2158 506 2385 589 ἆμείνω

724 596 960 660 ἔσσεσθ’
1008 596 1077 670 ὃς
1121 597 1380 679 κέρσειεν
1420 591 1540 658 ἀπὸ
1588 598 1788 677 τρίχας
1834 592 1947 670 ὀξέι
1993 597 2215 679 χαλκῷ,

425 740 562 780 οιιιιι
605 720 880 779 Bonitius
926 720 1066 779 olim
1116 717 1385 798 [Annall.
1431 721 1621 794 antiq.
1669 718 1758 777 111
1806 715 2029 796 (1836)
2076 738 2134 793 p.
2175 714 2365 795 1232]
2414 713 2531 792 ἔφη
2574 712 2645 773 δέ
2683 736 2760 774 κε

431 806 807 881 coniecisset,
853 806 979 864 iure
1028 804 1116 863 Tu
1161 804 1306 863 mibi
1351 804 1575 864 videris
1618 805 1681 862 in
1726 804 2025 863 observatt.
2073 823 2129 878 p.
2163 804 2242 861 39
2290 821 2419 860 eam
2465 802 2760 862 coniectu-

421 910 548 948 ram
593 890 956 966 reprobasse,
1003 890 1275 965 quamvis
1320 889 1636 949 dubitante
1666 888 2011 947 Hermanno
2041 889 2105 945 in
2137 888 2476 946 recensione
2519 886 2759 944 laudata

422 994 481 1050 ρ.
532 976 657 1034 260
701 975 1192 1051 scribendumque
1237 975 1538 1034 monuisse
1581 978 1688 1033 aut
1744 969 2021 1043 ἔφασκε
2079 967 2164 1029 δέ
2216 975 2324 1030 aut
2367 967 2505 1046 ἔφη
2553 966 2629 1028 δέ
2670 988 2758 1031 τε.

422 1059 537 1118 Sed
583 1059 807 1118 oblitus
852 1079 929 1134 es,
977 1061 1050 1118 de
1096 1061 1467 1136 sequentium
1514 1060 1807 1136 scriptura
1849 1076 2106 1131 monere,
2154 1076 2302 1134 quae
2347 1076 2482 1116 cum
2528 1056 2591 1114 in
2621 1056 2761 1114 Ald.

422 1146 506 1203 ita
558 1145 871 1221 legantur:
934 1141 1156 1203 πολλὸν
1209 1137 1537 1218 α’μείνων
1588 1142 1598 1223 Ι
1649 1140 1945 1202 ἔσσεται
2004 1136 2072 1211 ὃς
2112 1139 2381 1217 κέρσειεν
2424 1144 2568 1216 etc.,
2615 1145 2761 1216 puto

421 1248 534 1306 ego
579 1230 690 1288 hoc
734 1231 860 1289 sine
906 1230 1277 1289 dubitatione
1321 1230 1777 1291 restituendum.
1857 1228 2100 1287 Transit
2127 1231 2305 1303 poeta
2332 1226 2407 1285 ab
2453 1227 2761 1301 indirecta,

422 1333 574 1390 quae
619 1314 857 1391 dicitur,
906 1316 981 1373 ad
1028 1315 1313 1374 directam
1361 1316 1710 1389 orationem,
1759 1313 1920 1390 quod
1962 1314 2121 1371 idem
2150 1312 2292 1371 fecit
2321 1312 2456 1386 XII,
2491 1312 2570 1370 35
2597 1330 2760 1386 sqq.:

299 1460 398 1508 712
683 1468 845 1520 οστις
889 1442 1276 1551 ὑποκρίναιτο
1319 1447 1462 1527 βίην
1507 1443 1844 1523 ὑπέροπλον
1879 1438 2139 1551 Ἀὄαιῶν

685 1532 845 1611 ῥέξαι
890 1528 1040 1609 ὑπὲρ
1086 1528 1322 1593 νόστοιο
1369 1532 1755 1608 λιλαιομένων
1799 1554 1901 1609 μιν
1944 1531 2157 1606 αλύξαι

682 1617 846 1699 ἵππῳ
892 1612 1235 1693 ὑποπτήξας
1278 1606 1535 1695 ευεργέι·
1580 1617 1660 1677 το
1685 1641 1722 1677 ν
1767 1613 1822 1675 δ’
1870 1611 2236 1694 ἐκάμοντο

682 1680 1026 1762 Παλλάδι
1068 1700 1405 1786 χωομένη
1453 1701 1719 1782 Τρώων
1762 1698 1945 1781 ὑπὲρ
1989 1694 2433 1781 αἰχμητάων.

429 1824 559 1895 Quo
606 1823 765 1898 loco,
823 1824 893 1880 ut
936 1842 1140 1899 saepe,
1201 1823 1547 1899 importuna
1602 1824 1899 1881 commata
1944 1821 2199 1881 delenda
2239 1825 2395 1883 sunt.
2487 1821 2569 1878 Et
2610 1820 2767 1880 idem

430 1911 653 1969 factum
696 1926 768 1967 eo
812 1908 962 1983 loce,
1009 1928 1187 1984 quem
1229 1910 1386 1968 recte
1432 1907 1766 1967 observasti
1810 1905 2033 1975 Quinto
2079 1907 2153 1965 ob
2199 1907 2400 1967 oculos
2446 1906 2645 1981 fuisse,
2691 1904 2768 1964 ab

428 1994 691 2053 Homero
742 1993 956 2053 Ψ853
988 2012 1116 2070 sqq.

735 2144 820 2155 —
864 2144 947 2154 —
994 2107 1057 2170 ἐκ
1102 2106 1166 2170 δὲ
1210 2106 1484 2190 τρήρωνα
1528 2106 1771 2169 πέλειαν

736 2198 924 2292 λεπτῇ
963 2196 1241 2277 μηρίνθω
1285 2195 1470 2272 δῆσεν
1511 2194 1727 2266 ποδός·
1771 2185 1846 2271 ἧς
1887 2188 1988 2272 ἄρ’
2034 2185 2257 2270 ανώγει

734 2273 962 2351 πάντας
1004 2274 1351 2360 αειροὶμενος
1395 2277 1675 2351 πελέκεας
1719 2271 1955 2339 οἶκόνδε
1975 2276 2294 2378 φερέσθω,

735 2386 802 2437 ος
845 2363 914 2425 δέ
956 2386 1022 2424 κε
1064 2365 1386 2444 μηρίνθοιο
1429 2360 1613 2447 τύχῃ,
1661 2361 1912 2442 ὄρνιθος
1954 2353 2237 2464 ἆμαρτων
2282 2397 2366 2407 -

735 2444 942 2526 ἥσσων
982 2445 1097 2529 γὰρ
1141 2450 1217 2527 δὴ
1266 2455 1588 2521 κεῖνος-
1633 2445 1673 2509 ὁ
1717 2445 1775 2507 δ’
1828 2448 2052 2509 οἴσεται
2095 2441 2470 2526 ἡμιπέλεκκα.

431 2571 705 2631 Eundem
761 2573 1081 2631 transitum
1152 2573 1332 2631 etiam
1387 2571 1590 2647 Apoll.
1636 2571 1826 2630 Rhod.
1874 2570 1979 2646 IV,
2025 2570 2152 2630 440
2181 2589 2270 2646 sq.
2327 2574 2387 2629 et
2446 2571 2605 2627 1117
2644 2587 2769 2644 sqq.

433 2657 696 2716 admisit.
776 2657 837 2715 Si
869 2659 1002 2733 quis
1033 2662 1230 2716 autem
1279 2659 1339 2716 in
1385 2657 1656 2732 optativo
1704 2650 1769 2725 ὃς
1817 2653 2075 2732 κέρσειεν
2120 2653 2449 2729 offenderit,
2496 2655 2599 2730 qui
2631 2673 2769 2712 sane

435 2764 466 2799 e
512 2742 812 2800 communi
859 2759 991 2799 cum
1049 2744 1317 2800 omnium
1363 2745 1492 2799 tum
1538 2745 1869 2799 ceterorum
1914 2741 2228 2815 Epicorum
2277 2759 2388 2799 usu
2432 2741 2532 2799 vix
2575 2739 2771 2797 locum

432 2826 704 2901 habebat,
749 2844 858 2900 pro
905 2845 973 2884 eo
1019 2826 1181 2886 facili
1213 2828 1458 2903 negotio
1492 2829 1600 2885 aut
1640 2821 2000 2906 κέρσῃσιν
2044 2828 2148 2882 aut
2191 2820 2315 2901 κέρ
2335 2840 2423 2904 σῃ
2465 2842 2593 2897 μιν
2638 2825 2771 2881 sub·

433 2911 603 2969 stitui
633 2910 872 2986 poterit.
948 2911 1033 2969 At
1064 2912 1221 2986 apud
1253 2909 1555 2986 Quintum,
1606 2910 1857 2986 optativi
1889 2913 1950 2968 et
1979 2910 2342 2968 coniunctivi
2388 2927 2560 2967 usum
2591 2910 2771 2967 etiam

434 2995 576 3053 alibi
608 2996 1315 3140 ἲιῙιιἰιὲἀὲοιιιιιιὶειοθιιίκιιιι,
1361 2995 1679 3072 ambiguus
1724 2995 1929 3054 iudicii
1972 2993 2162 3053 adhuc
2205 2995 2433 3053 haereo,

742 3190 1082 3274 Θαμβησαν
1124 3191 1182 3256 δ’
1231 3220 1353 3276 αρα
1394 3188 1649 3274 πάντες,
1694 3193 1841 3257 οσον
1883 3192 2051 3276 χερὸς
2096 3192 2431 3273 ἔξεποτήθη

740 3280 993 3360 χαλκός,
1038 3277 1116 3341 ὃν
1159 3275 1331 3361 ανὲρε
1376 3280 1538 3362 χερσὶ
1582 3280 1712 3342 δύω
1754 3279 2063 3361 μογέοντες
2104 3303 2334 3362 αειρςν.

434 3402 566 3461 Hoc
621 3402 668 3460 si
727 3402 973 3479 legitur,
1029 3404 1296 3477 profecto
1354 3421 1562 3462 sensus
1605 3402 1700 3462 hic
1744 3406 1864 3462 est:
1921 3403 2309 3478 „stupebant,
2368 3422 2544 3478 quam
2599 3404 2775 3478 longe

436 3488 796 3547 evolavisset
839 3487 1053 3562 discus,
1099 3507 1278 3563 quem
1326 3488 1441 3546 duo
1487 3488 1601 3545 viri
1644 3487 1921 3546 manibus
1964 3486 2306 3547 laborantes
2335 3488 2732 3546 sustulerunt.
2740 3488 2774 3516 “

437 3572 507 3630 Id
553 3571 1023 3648 intellegendum
1067 3572 1226 3631 foret
1265 3572 1336 3630 de
1368 3573 1527 3645 viris,
1577 3573 1681 3646 qui
1711 3574 1991 3632 emissum
2021 3572 2210 3630 telum
2241 3573 2544 3632 sublatum
2575 3591 2773 3648 repor-

437 3658 699 3717 taverint
752 3657 825 3715 ad
881 3656 1141 3716 Aiacem.
1229 3657 1315 3715 At
1369 3675 1508 3715 vero
1565 3656 1618 3715 is
1671 3658 1800 3732 ipse
1856 3657 2084 3716 discum
2129 3657 2315 3733 tollit,
2375 3658 2497 3716 vid.
2546 3677 2602 3715 v.
2650 3658 2771 3714 463

438 3732 621 3811 αὐτὸς
667 3737 727 3798 δ’
776 3731 916 3800 αὖτ’
964 3730 1202 3814 ἀνάειρε
1232 3733 1421 3817 μέγαν
1450 3735 1649 3815 σόλον,
1696 3742 1927 3817 opinor,
1972 3742 2115 3817 quia
2146 3743 2355 3801 ceteris
2386 3742 2778 3817 ponderosior

442 3826 776 3886 videbatur.
867 3826 944 3884 H.
979 3827 1018 3885 l.
1061 3826 1204 3902 quid
1247 3827 1603 3903 requiratur,
1652 3829 1955 3902 perspexit
1999 3826 2459 3886 Rhodomannus
2503 3829 2773 3886 vertenS.

440 3931 657 3986 „quem
701 3911 812 3970 vix
871 3929 1089 3988 magno
1152 3911 1352 3970 labore
1403 3911 1520 3969 duo
1577 3912 1693 3969 viri
1745 3911 2176 3972 sustulissentfl
2267 3911 2419 3970 Tum
2474 3930 2613 3971 vero
2674 3910 2774 3969 ad-

441 3996 635 4054 denda
678 3997 972 4072 particula
1015 3993 1110 4068 κε’,
1170 4016 1347 4071 quam
1406 3998 1509 4072 qui
1568 3998 1889 4057 inseruerit
1940 4001 2079 4072 post
2123 3997 2377 4055 Aldinae
2421 3997 2774 4071 scripturam

437 4077 747 4157 μογέοντε,
801 4101 920 4140 ιιοιι
975 4085 1066 4140 est
1110 4075 1454 4157 ohscurum,
1514 4101 1621 4140 cur
1661 4082 1764 4142 ille
1808 4101 1927 4142 non
1971 4082 2306 4141 restituisse
2349 4082 2650 4176 putandus
2697 4081 2777 4139 sit

440 4167 628 4240 ipsam
658 4169 866 4240 poetae
896 4186 1152 4226 manum
1233 4167 1416 4236 Quem
1465 4184 1576 4244 ego
1622 4168 1708 4225 ita
1752 4167 2054 4242 scripsisse
2100 4165 2388 4225 arbitr:or
2433 4160 2508 4224 ὅν
2549 4154 2686 4223 ανδ
2698 4183 2776 4239 ρε

440 4246 593 4307 δύω
655 4242 1013 4327 μογέοντὲ
1076 4270 1155 4308 κε
1219 4248 1480 4326 χερσὶν
1534 4246 1763 4327 ἄειραν.
1856 4251 2223 4326 Quamquam
2281 4250 2435 4308 haud
2494 4250 2640 4325 scic,
2700 4269 2777 4308 an

440 4335 622 4393 altius
668 4335 843 4394 huius
890 4336 1002 4394 loci
1048 4337 1266 4395 vulnus
1312 4337 1569 4395 resideat
1613 4355 1732 4394 non
1764 4336 2028 4410 corrupti
2059 4340 2313 4411 tantum,
2361 4355 2563 4395 verum
2596 4296 2772 4395 e’tiam

442 4419 722 4479 mutilati.
801 4419 1190 4496 comparanti
1232 4421 1390 4480 enim
1431 4420 1589 4481 locos
1633 4420 1978 4480 Homericos
2022 4421 2094 4479 de
2120 4439 2475 4496 magnorum
2509 4421 2773 4496 lapidum
