3132 5129
1428 388 1843 450 „34-

469 549 681 605 tarnen
736 546 1029 620 quandam
1090 546 1257 604 innui
1315 546 1748 620 confingerent,
1809 547 1914 602 aut
1968 564 2100 602 eam
2157 544 2334 602 simul
2388 564 2523 603 cum
2569 545 2808 603 Midea

470 634 532 687 et
574 632 704 705 ipsa
748 631 1013 706 alioquin
1059 634 1265 706 ignota
1307 631 1469 688 lacus
1500 629 1776 704 Copaidis
1806 630 2085 687 fluctibus
2115 628 2386 688 haustam
2431 649 2564 689 esse
2607 632 2804 705 perhi-

468 714 709 773 berent:
770 717 893 773 vid.
939 721 1172 791 praeter
1215 716 1438 774 scholia
1482 714 1680 772 Strab.
1725 714 1767 773 l.
1814 734 1862 772 c.
1911 734 1971 789 p.
2018 716 2164 772 413.
2252 715 2528 790 Denique
2573 736 2630 773 v.
2679 717 2804 773 607

471 799 783 870 Tegeam
840 804 904 858 et
946 801 1434 871 Mantineam,
1495 800 1716 874 oppida
1773 818 1912 858 sane
1959 800 2388 874 posterioribus
2432 801 2805 875 temporibus

468 885 724 942 maxima
752 889 814 944 et
844 885 1242 958 celeberrima,
1290 884 1624 942 Homericis
1669 903 1808 943 vero
1853 884 2217 942 carminibus
2261 884 2529 959 alioquin
2574 886 2800 960 ignota,

468 969 848 1028 verisimilius
878 974 974 1028 est
1014 975 1221 1045 postea
1266 970 1471 1027 addita
1514 988 1660 1040 esse,
1705 989 1882 1043 quam
1928 969 2272 1027 obscuriora
2314 969 2603 1043 quaedam
2649 988 2803 1044 quae

468 1073 526 1111 v.
560 1056 913 1114 604-606.
962 1057 1083 1113 608
1140 1055 1424 1131 leguntur
1481 1054 1742 1112 nomina.
1833 1054 1922 1111 De
1968 1054 2163 1111 tribus
2207 1054 2299 1113 his
2346 1054 2618 1113 versibus
2663 1073 2800 1113 cum

466 1138 729 1196 dubitari
775 1140 982 1215 possit,
1029 1143 1238 1198 contra
1283 1143 1443 1197 certo
1488 1140 1706 1197 certius
1751 1146 1844 1196 est
1885 1158 1943 1197 v.
1980 1140 2103 1196 535

720 1261 1003 1336 Λοκρῶν,
1059 1257 1119 1315 οἲ
1164 1256 1400 1316 ναίουσι
1443 1253 1634 1335 πέρην
1676 1255 1838 1332 ἱερῆς
1885 1244 2148 1333 Εὐβοίης

465 1393 728 1468 ineptam
778 1414 906 1454 esse
958 1393 1336 1470 geographici
1383 1393 1708 1469 magistelli
1738 1393 2203 1463 adnotationem,
2249 1393 2371 1467 qui,
2416 1412 2547 1451 cum
2583 1394 2801 1452 Locros

461 1478 598 1537 illos
666 1479 1032 1555 distinguere
1100 1479 1282 1536 vellet
1332 1478 1405 1535 ab
1452 1476 1650 1536 Ozolis
1705 1481 1767 1535 et
1821 1477 2238 1552 Epizephyriis
2295 1482 2503 1552 postea
2560 1478 2801 1536 demum

461 1562 604 1620 haec
648 1565 894 1622 nomina
937 1564 1298 1639 gerentibuS,
1345 1562 1759 1621 scholasticam
1808 1563 2160 1637 sapientiam
2204 1563 2405 1621 verbis
2435 1583 2507 1621 ex
2537 1563 2801 1622 Homero

461 1646 790 1722 desumptis
829 1682 897 1688 —
949 1668 1019 1706 ex
1069 1649 1187 1707 625
1223 1668 1307 1722 sq.
1340 1647 1475 1706 coll.
1516 1650 1571 1703 A
1603 1649 1740 1705 103.
1789 1643 1990 1725 (121.)
2037 1668 2084 1721 φ
2121 1648 2263 1706 108.
2311 1648 2375 1705 ,Ω
2408 1650 2527 1705 752
2577 1682 2658 1690 ——-
2704 1669 2800 1706 ex-

461 1734 696 1805 pressit,
746 1733 817 1791 de
863 1734 1012 1792 falso
1058 1732 1322 1791 adverbii
1368 1728 1557 1808 πέρην
1604 1752 1712 1790 usu
1758 1750 2015 1804 securus,
2060 1752 2237 1806 quem
2284 1733 2535 1791 abusum
2581 1733 2798 1792 vellem

459 1835 569 1874 nec
598 1817 1002 1876 Buttmannus
1048 1819 1110 1875 in
1156 1817 1341 1875 Lexil.
1382 1817 1472 1887 II,
1517 1818 1596 1874 26
1629 1836 1756 1891 sqq.
1804 1817 2182 1887 defendisset,
2241 1836 2349 1875 nec
2393 1836 2526 1875 cum
2571 1817 2798 1893 Payne·

460 1900 749 1977 Knightio
795 1903 971 1960 etiam
1017 1901 1500 1959 Bernhardus
1548 1901 2039 1960 Thierschius
2085 1903 2158 1960 de
2203 1905 2355 1977 patr.
2388 1902 2562 1960 Hom.
2588 1922 2646 1976 p.
2675 1904 2797 1960 269

463 1986 780 2061 „rhapsodi
838 1987 1145 2046 cuiusdam
1191 1987 1484 2044 Asiatici“
1542 2005 1671 2045 esse
1728 1990 2017 2061 putasset.
2107 1986 2366 2045 Tantum
2423 1988 2800 2045 auctoritatis

461 2075 565 2129 aut
609 2071 851 2130 honoris
895 2091 1016 2131 non
1064 2073 1222 2129 inest
1264 2072 1324 2128 in
1370 2070 1663 2129 eiusmodi
1708 2072 2112 2130 centunculis!

628 2156 722 2213 Ad
776 2156 1169 2214 secundam
1225 2156 1343 2213 iam
1401 2155 1940 2213 additamentorum
2000 2156 2249 2215 classem
2310 2159 2579 2228 transeo,
2646 2176 2798 2231 quae

456 2240 773 2300 Iliadica
818 2243 943 2301 sive
988 2241 1289 2317 poetica
1331 2239 1650 2315 appellavi,
1700 2240 1982 2314 quoniam
2027 2261 2094 2299 ea
2139 2240 2417 2316 rhapsodi
2446 2260 2515 2299 eo
2544 2242 2795 2300 consilio

458 2327 948 2397 interseruerunt,
1016 2328 1085 2382 ut
1140 2325 1476 2401 catalogum
1536 2329 1640 2382 aut
1683 2342 1814 2383 cum
1859 2326 1991 2384 aliis
2036 2326 2226 2400 ipsius
2270 2326 2480 2384 Iliadis
2527 2327 2796 2400 partibus

456 2411 644 2487 magis
698 2412 1191 2481 consentientem,
1263 2414 1367 2467 aut
1430 2409 1789 2467 accuratiore
1848 2409 2083 2469 fabulae
2145 2412 2488 2469 narratione
2552 2412 2795 2469 omnino

456 2496 840 2554 illustriorem
872 2495 1210 2553 redderent.
1284 2494 1446 2552 Haec
1475 2493 1901 2568 additamenta,
1948 2513 2100 2570 quae
2133 2495 2255 2552 fere
2302 2514 2370 2552 ex
2417 2496 2564 2569 ipsis
2608 2497 2794 2554 versi-

359 2586 418 2632 19
453 2582 564 2640 bus
608 2582 1042 2655 phrasibusque
1086 2580 1419 2638 Homericis
1465 2582 1711 2637 consuta
1754 2583 1909 2650 sunt,
1958 2581 2163 2638 littera
2192 2580 2242 2637 B
2287 2579 2591 2656 insignivi.
2665 2580 2795 2638 Pri·

456 2685 618 2723 mum
665 2665 841 2740 idque
887 2665 1329 2739 apertissimum
1377 2665 1714 2738 exemplum
1760 2665 2030 2722 versibus
2063 2665 2399 2724 528—530
2430 2665 2792 2736 continetur,

454 2768 604 2825 quos
663 2768 867 2807 omnes
914 2748 1283 2820 Zenodotus,
1342 2749 1490 2805 duos
1551 2752 1709 2806 certe
1752 2751 2113 2823 posteriores
2160 2767 2363 2807 eorum
2409 2749 2794 2808 Aristarchus

456 2835 681 2898 reiecit,
730 2834 888 2908 quod
936 2837 997 2891 et
1038 2834 1239 2907 inepte
1285 2836 1420 2908 post
1463 2831 1668 2907 μείων,
1728 2829 1859 2891 οὔτι
1917 2831 2088 2904 τόσος
2141 2855 2205 2912 γε
2252 2834 2602 2892 inferciatur
2642 2828 2794 2892 ἀλλὰ

453 2913 603 2976 πολὺ
648 2915 852 2993 μείων,
906 2937 1013 2976 nec
1056 2919 1299 2977 omnino
1346 2916 1575 2976 Oileius
1624 2917 1972 2976 Telamonio
2017 2921 2213 2978 minor
2258 2919 2440 2977 fuerit
2484 2916 2584 2996 (ad
2630 2921 2792 2994 quod

454 3003 982 3061 demonstrandum
1030 3002 1095 3058 N
1128 3003 1461 3060 701—704
1511 3001 1958 3079 adhibuerunt),
2007 3007 2068 3061 et
2112 3003 2321 3062 Graeci
2366 3001 2791 3078 χαλκοχίτωνες

455 3088 653 3146 linteis
712 3087 907 3146 loricis
964 3088 1056 3145 usi
1114 3105 1235 3145 non
1293 3087 1548 3158 fuerint,
1620 3091 1680 3144 et
1735 3082 2115 3164 Πανέλληνες
2170 3089 2245 3146 ab
2301 3107 2412 3147 usu
2470 3087 2791 3148 Homerico

452 3172 824 3242 abhorreant,
871 3175 935 3230 et
976 3171 1127 3230 illud
1169 3172 1329 3246 quod
1372 3190 1430 3229 v.
1463 3172 1588 3229 530
1632 3172 1703 3229 de
1747 3172 1928 3230 Aiace
1972 3174 2347 3248 praedicetur
2391 3176 2664 3247 apertum
2711 3174 2794 3232 sit

455 3257 847 3315 mendacium.
925 3256 1007 3315 Et
1046 3257 1204 3327 vide,
1249 3256 1545 3331 quomodo
1593 3256 1985 3331 interpolator
2026 3261 2090 3316 et
2133 3277 2255 3317 rem
2301 3261 2363 3316 et
2408 3257 2589 3315 verba
2631 3277 2790 3316 com·

454 3342 749 3415 pilaverit.
838 3341 1083 3399 Fundus
1127 3345 1222 3399 est
1265 3360 1408 3400 sane
1456 3339 1525 3395 N
1553 3342 1906 3413 712-722,
1953 3343 2055 3400 ubi
2101 3363 2250 3417 quae
2296 3342 2367 3399 de
2412 3342 2529 3400 levi
2571 3342 2789 3401 Locro·

451 3443 583 3484 rum
629 3430 929 3483 armatura
972 3426 1160 3484 fusius
1215 3429 1561 3495 narrantur,
1618 3427 1943 3485 recentiore
2000 3428 2094 3485 hic
2137 3427 2400 3502 epitheto
2445 3423 2789 3505 λινοθώρηξ

452 3510 527 3568 ad
588 3511 783 3586 ipsum
841 3511 1048 3568 ducem
1104 3510 1461 3568 referuntur.
1554 3510 1707 3567 Tum
1763 3509 1947 3585 μείων
2001 3512 2120 3570 vid.
2177 3512 2228 3567 Γ
2269 3512 2417 3583 193,
2474 3507 2606 3569 οὔτι
2648 3520 2791 3586 post

450 3595 905 3654 affirmationem
936 3598 994 3652 A
1023 3596 1146 3652 416
1179 3599 1242 3653 et
1269 3596 1432 3666 alibi,
1480 3589 1649 3663 τόσος
1694 3616 1732 3651 α
1767 3597 1908 3656 207.
1959 3595 1998 3654 Ι
2025 3598 2166 3667 546,
2221 3593 2591 3670 Τελαμώνιος
2626 3594 2788 3666 Αἴας

451 3682 820 3757 saepissime,
879 3673 1071 3756 ὀλίγος
1128 3699 1149 3734 ι
1196 3681 1348 3752 515,
1410 3673 1689 3736 ἐκέκαστο
1743 3675 1900 3756 ἔγχεϊ
1954 3680 2022 3736 Π
2061 3682 2183 3740 808
2225 3701 2343 3756 sq.;
2393 3676 2787 3757 Πανέλληνας

451 3765 695 3826 Hesiodi
742 3784 871 3825 esse
903 3767 1134 3824 constat
1181 3763 1334 3839 Opp.
1382 3766 1524 3832 528,
1571 3764 1672 3822 sed
1719 3764 2036 3824 admiscuit
2083 3767 2132 3822 B
2166 3767 2306 3826 684.

619 3851 771 3909 Tum
812 3871 868 3912 v.
902 3851 1046 3922 629,
1093 3851 1196 3925 qui
1241 3853 1486 3923 excepto
1533 3848 1772 3907 nomine
1817 3851 2055 3924 proprio
2101 3851 2309 3909 iisdem
2357 3851 2552 3909 verbis
2597 3871 2630 3908 ο
2661 3852 2785 3910 254

449 3937 698 4012 legitur,
756 3935 1014 3993 hominis
1059 3934 1298 3992 videtur
1341 3952 1495 4004 esse,
1553 3934 1657 4007 qui
1712 3953 1833 3992 non
1884 3938 2006 3992 tam
2053 3934 2316 4011 Phylei
2363 3936 2564 4011 fugam
2612 3935 2785 3994 Elide

450 4021 510 4078 in
556 4020 811 4079 insulam
844 4019 1188 4078 Dulichium
1219 4022 1549 4093 susceptam
1599 4018 1902 4091 adnotare,
1949 4038 2128 4095 quam
2175 4020 2281 4078 Me
2296 4024 2541 4095 getem
2589 4022 2783 4095 ipsum

449 4103 589 4162 alibi
622 4137 703 4146 —-
736 4104 786 4161 Ο
819 4107 960 4164 519.
997 4104 1062 4160 Ν
1085 4106 1203 4162 691
1241 4122 1326 4178 sq.
1356 4135 1437 4146 -—
1481 4102 1939 4178 utEpeorum
1972 4105 2181 4163 ducem
2210 4104 2617 4163 introductum
2649 4123 2785 4162 cum

449 4190 541 4248 his
585 4189 681 4246 hic
722 4208 972 4265 quoque,
1017 4192 1307 4264 quantum
1352 4188 1480 4247 fieri
1527 4191 1794 4261 poterat,
1852 4190 2214 4266 coniungere
2267 4189 2555 4248 studeret.
2647 4189 2785 4247 Iure

449 4273 771 4332 notabatur
826 4275 899 4332 ab
957 4273 1376 4333 Alexandrinis
1442 4272 1766 4348 neglegens
1833 4275 2198 4348 pronominis
2264 4269 2331 4343 ὅς
2395 4274 2778 4349 amphibolia,

448 4359 609 4434 quod
675 4377 795 4416 non
862 4359 1057 4417 minus
1126 4361 1276 4418 bene
1341 4358 1415 4417 ad
1485 4357 1783 4433 Megetem
1841 4378 2018 4432 quam
2087 4360 2160 4417 ad
2222 4359 2511 4434 Phyleum
2574 4359 2781 4417 referri

447 4446 661 4519 potest.
