3132 5129
1332 362 1754 427 -55-

369 542 423 597 p.
456 522 616 580 246:
665 518 817 595 „Als
844 519 1036 580 Achilz
1078 522 1261 579 durch
1304 522 1412 579 das
1456 539 1578 580 was
1620 539 1682 579 er
1723 539 1837 579 von
1867 519 2192 580 Getitmmel
2217 523 2344 579 und
2371 522 2704 597 Beweywny

364 608 459 666 des
512 607 806 681 Kampfes
858 608 966 667 sah
1018 624 1095 665 zu
1147 609 1365 664 seinem
1424 607 1687 665 betonten
1740 606 1792 664 J
1798 611 1941 665 etet
1999 607 2259 681 bewoyen
2313 608 2511 665 warde
2555 609 2700 665 —-.“

366 692 650 750 Iniuriam
698 692 882 751 facias
926 691 1055 750 viro
1101 689 1462 764 doctissimO,
1510 691 1655 750 talia
1697 690 1746 749 si
1792 690 2032 750 refutes.

530 776 651 836 Sed
697 777 890 853 magis
934 776 1114 835 etiam
1160 776 1555 850 suspiciosum
1588 776 1860 838 alterum.
1937 774 2081 846 Quis
2112 776 2318 848 nescit,
2370 778 2427 833 A
2459 778 2575 834 221
2607 796 2697 851 sq.

361 881 510 937 quae
554 863 631 922 de
676 862 947 921 Minerva
989 863 1307 920 narrantur
2478 881 2482 885 ·

667 1013 751 1023 —
800 1014 878 1023 —-
922 1011 1005 1022 ——·
1048 974 1091 1054 ἢ
1132 972 1191 1036 δ’
1242 971 1639 1054 Οὔλυμπόνδε
1683 973 1928 1076 βεβήκει

668 1057 893 1142 δώματ’
944 1060 1003 1135 ἐς
1047 1060 1330 1142 αἰγιόχοιο
1378 1061 1521 1134 Διὸς
1564 1082 1708 1139 μετα
1751 1062 2039 1141 δαίμονας
2083 1061 2336 1141 ἄλλους,

359 1205 651 1277 quantum
730 1201 957 1278 negotii
1036 1200 1447 1261 facessiverint
1521 1203 1585 1258 et
1662 1200 1928 1275 antiquis
2004 1200 2205 1276 lyticis
2273 1203 2334 1259 et
2397 1201 2697 1262 hodiernis

360 1288 672 1359 unitariis,
745 1287 968 1362 quippe
1021 1286 1272 1344 adverso
1333 1286 1527 1345 fronte
1585 1286 1920 1361 pugnantia
1976 1305 2112 1344 cum·
2154 1286 2259 1357 iis,
2330 1306 2482 1361 quae
2544 1286 2698 1345 infra

360 1373 481 1430 423
513 1391 651 1447 sqq.
699 1373 823 1430 493
854 1390 980 1446 sqq.
1029 1371 1101 1429 de
1147 1374 1586 1429 cunctorum
1617 1371 1881 1429 Deorum
1911 1370 2067 1446 apud
2097 1370 2420 1446 Aethiopes
2465 1390 2698 1430 secessu

358 1456 787 1532 exponuntur?
856 1457 946 1514 De
990 1457 1080 1514 his
1127 1455 1263 1513 audi
1294 1456 1660 1515 Nitzschium
1706 1454 1746 1529 ἓ
1784 1457 1900 1514 107
1936 1451 2024 1535 [p.
2066 1458 2181 1515 179
2215 1453 2332 1534 sq.]
2382 1474 2489 1515 suo
2532 1474 2696 1514 more

362 1542 771 1616 disputantem
801 1560 922 1600 non
954 1542 1079 1599 sinc
1124 1540 1541 1599 nationalis
1587 1540 1747 1598 illius
1792 1540 2130 1600 theoriae
2177 1559 2307 1616 ope,
2353 1559 2521 1615 quae,
2568 1540 2693 1598 ubi-

357 1645 588 1702 cunque
632 1627 899 1685 rationes
944 1626 1018 1684 ab
1065 1644 1132 1684 eo
1177 1625 1409 1684 adlatae
1464 1625 1688 1683 habent
1743 1643 1847 1683 cur
1891 1625 2199 1684 clariorem
2263 1626 2454 1685 lucem
2505 1626 2693 1684 refor-

356 1712 619 1783 mident,
667 1711 913 1787 benigni
958 1711 1220 1769 numinis
1264 1711 1454 1769 instar
1496 1709 1777 1768 nebulam
1823 1711 2101 1768 tutricem
2146 1711 2217 1769 iis
2262 1710 2692 1785 superfundere

355 1796 526 1855 solet.
618 1796 734 1854 Sed
789 1796 902 1855 hoc
957 1796 1097 1854 nolo
1154 1795 1473 1872 exagitare.
1571 1793 1728 1864 Quid
1784 1813 1925 1853 vero
1983 1798 2074 1854 est
2137 1795 2297 1870 quod
2355 1786 2693 1855 Nitzschius

353 1899 472 1939 non
528 1882 723 1939 solum
776 1881 870 1939 bis
925 1899 995 1938 ex
1053 1879 1158 1939 illo
1211 1881 1345 1939 loco
1404 1882 1642 1939 tantum
1696 1875 1839 1955 μετὰ
1897 1877 2188 1952 δαίμονας
2242 1875 2459 1950 ἄλλους
2513 1881 2693 1939 ivisse

356 1966 691 2024 Minervam
722 1965 920 2038 refert,
968 1965 1279 2026 sedetiam
1310 1966 1395 2023 ita
1440 1965 1513 2023 de
1556 1985 1626 2024 ea
1667 1983 1731 2023 re
1777 1958 2035 2036 disserit,
2084 1966 2253 2040 quasi
2301 1983 2407 2023 nec
2455 1960 2690 2040 Οὔλυμ-

354 2044 538 2108 πόνδε
581 2069 692 2109 nec
736 2043 962 2125 δώματ’
1012 2044 1070 2120 ἐς
1116 2045 1401 2126 αἰγιόχοιο
1447 2046 1596 2120 Διός
1640 2050 2109 2125 praecessisset?
2185 2048 2543 2108 Calumniari
2599 2070 2692 2108 me

361 2135 591 2210 putas?
677 2135 772 2193 En
815 2135 1113 2210 ipsissima
1157 2136 1285 2194 eius
1331 2135 1528 2209 accipe
1576 2135 1785 2194 verba:
1836 2180 1864 2207 „
1888 2133 2026 2193 Wer
2054 2153 2185 2194 mm
2231 2136 2317 2193 bei
2359 2136 2488 2193 dem
2528 2136 2692 2195 Wort

356 2240 469 2279 von
513 2222 618 2279 der
657 2221 963 2280 Riickkehr
1004 2223 1105 2279 der
1145 2217 1389 2288 Athene,
1443 2222 1524 2278 sie
1568 2222 1650 2279 sei
1687 2238 1990 2295 yeyanyen
2042 2216 2184 2295 μετὰ
2241 2217 2530 2296 δαίμονας
2589 2211 2690 2277 ἅ).-

355 2308 494 2374 λους
545 2302 746 2384 (222),
787 2322 1048 2380 qenaucr
1090 2306 1401 2374 ausdenkt,
1459 2306 1657 2364 wohin
1698 2307 1807 2364 das
1844 2323 2132 2380 aewesen,
2188 2307 2292 2364 der
2343 2306 2509 2363 kann
2565 2311 2689 2364 ent-

353 2392 539 2449 weder
582 2391 935 2457 vermuthen,
979 2391 1071 2449 die
1101 2388 1502 2449 Griechischen
1531 2392 1746 2458 Horer,
1785 2391 1990 2449 welche
2016 2392 2098 2448 alt
2126 2392 2254 2448 und
2281 2391 2693 2464 vollylc'iubiyer

352 2494 435 2534 an
477 2477 587 2533 das
642 2475 874 2534 Walten
928 2476 1029 2533 der
1070 2476 1459 2550 Schutzyo‘ttcr
1501 2493 1702 2534 waren
1744 2476 1833 2534 als
1875 2474 1971 2534 die
2009 2476 2331 2534 deutenden
2372 2472 2690 2533 Gramma-

353 2562 517 2629 tiker,
562 2562 646 2620 sie
686 2567 892 2635 moyen
935 2561 1082 2619 wohl
1123 2561 1244 2619 sich
1284 2561 1599 2635 voryestellt
1641 2561 1850 2629 haben,
1894 2561 2052 2620 Here
2093 2560 2221 2619 und
2268 2557 2493 2627 Athene
2533 2561 2692 2620 scien

354 2647 500 2705 noch
555 2649 682 2704 eine
724 2645 991 2720 Zeiaany
1049 2647 1114 2703 in
1164 2647 1266 2704 der
1327 2645 1498 2704 Nc'ihe
1551 2647 1711 2704 ihrer
1764 2646 2130 2720 Schatzlinye
2178 2645 2500 2720 aeblieben,
2555 2647 2692 2704 oder

347 2734 432 2790 sic
475 2731 667 2790 habe-n
707 2731 857 2790 auch
903 2731 990 2789 bei
1032 2731 1146 2788 den
1187 2727 1507 2803 Aethiopem
1549 2732 1664 2789 den
1713 2731 1890 2789 Streit
1931 2731 2224 2790 derselben
2273 2732 2500 2806 yeho'rt,
2556 2733 2691 2791 oder

350 2817 576 2875 endlich
602 2817 754 2875 auch
785 2848 867 2857 —
898 2833 1020 2875 was
1046 2817 1131 2875 sie
1158 2816 1458 2888 spa'terhin
1490 2816 1579 2875 bei
1611 2816 1797 2874 vielen
1824 2815 2036 2876 Stellen
2065 2817 2290 2874 denkcn
2318 2821 2576 2878 mnes-ten
2605 2849 2690 2859 —

350 2901 455 2959 'cler
494 2901 735 2960 Dichter
773 2901 893 2984 hat·
916 2902 1041 2959 hier
1081 2901 1209 2969 das,
1251 2918 1376 2960 was
1419 2919 1539 2959 nur
1581 2901 1733 2959 Ein-
1776 2902 1905 2960 und
1931 2901 2365 2976 Fernwirltuny
2408 2920 2555 2969 war,
2599 2902 2689 2960 als

351 2985 683 3060 leibhal‘tiye
724 2986 1057 3060 Handluny
1099 2986 1516 3060 ausyeprdyt.“
1603 2985 1787 3044 Vides
1830 2985 2058 3044 nullam
2108 2985 2311 3057 trium,
2359 3005 2509 3061 quae
2553 3005 2685 3061 pro-

350 3074 683 3144 ponuntur,
742 3070 1107 3129 solutionum
1164 3088 1298 3128 cum
1342 3069 1640 3145 Olympi
1696 3072 1877 3145 atque
1932 3070 2137 3130 Iovis
2198 3070 2477 3146 palatii
2522 3089 2686 3130 men-

352 3155 513 3213 tione
560 3153 936 3214 concordare.
1201 3219 1207 3227 ,

522 3238 639 3298 Sed
694 3240 839 3298 haec
893 3240 1039 3299 satis
1095 3243 1300 3312 sunto,
1360 3259 1712 3315 quamquam
1761 3239 2013 3300 fortasse
2057 3239 2331 3314 pluribus
2376 3241 2687 3300 ostendere

351 3323 658 3396 debebam,
703 3343 883 3400 quam
927 3324 1076 3383 mire
1118 3324 1459 3384 Nitzschius
1504 3343 1705 3383 secum
1752 3325 1878 3400 ipse
1924 3327 2171 3401 pugnet,
2218 3326 2337 3399 qui,
2382 3345 2515 3384 cum
2563 3326 2683 3385 Ho-

352 3428 580 3467 merum
635 3429 807 3469 suum
864 3410 1205 3485 antiquiora
1244 3410 1521 3488 >carmina
1574 3427 1695 3468 non
1740 3409 2018 3469 habuisse
2061 3411 2295 3468 tantum
2340 3413 2519 3486 atque
2565 3430 2684 3468 ma·

352 3495 538 3553 teriae
581 3493 721 3554 inde
764 3495 1058 3569 petendae
1103 3492 1300 3570 gratia
1343 3496 1631 3555 tractasse
1661 3494 1764 3553 sed
1795 3494 1974 3553 etiam
2003 3495 2137 3570 plus
2168 3495 2440 3555 minusve
2471 3496 2682 3553 immu-

359 3582 483 3637 tata
526 3579 840 3639 retinuisse
885 3582 1070 3654 atque
1114 3579 1237 3638 suis
1282 3580 1600 3639 inseruisse
1645 3580 1875 3654 saepius
1923 3579 2273 3654 pronuntiet
2304 3579 2451 3654 (vid.
2483 3600 2547 3654 p.
2581 3581 2681 3638 75.

351 3666 449 3724 87.
499 3665 638 3722 109.
691 3664 829 3722 123.
880 3665 1020 3723 126.
1074 3665 1212 3722 128.
1261 3665 1403 3723 220.
1451 3665 1595 3723 225.
1643 3665 1787 3723 254.
1835 3666 1979 3724 255.
2040 3665 2181 3725 257.
2244 3660 2426 3742 273),
2481 3667 2684 3722 tamen

349 3751 410 3806 et
464 3748 606 3807 haec
662 3748 790 3824 ipsa
842 3749 1183 3823 antiquiora
1238 3750 1501 3808 carmina
1555 3747 1896 3825 inquirendi
1951 3751 2127 3824 atque
2171 3748 2517 3808 enucleandi
2559 3752 2681 3807 stu·

350 3832 512 3890 dium
556 3835 628 3890 ut
666 3833 949 3892 historiae
994 3835 1175 3909 atque
1221 3834 1506 3893 nationali
1550 3833 1814 3893 theoriae
1858 3852 2199 3910 repugnans
2229 3832 2512 3892 acerrimo
2545 3852 2680 3893 con-

349 3918 500 3977 vicio
546 3915 645 3997 (ut
685 3936 746 3993 p.
778 3917 886 3976 IV.
938 3921 1075 3977 177.
1127 3919 1266 3977 185.
1317 3921 1457 3977 186.
1506 3919 1649 3980 250.
1698 3918 1847 3994 267)
1893 3919 2165 3990 damnet,
2211 3937 2319 3977 nec
2365 3918 2682 3995 intellegat

345 4021 463 4061 non
507 4002 802 4079 ingeniosi
848 4007 1056 4079 poetae
1100 4004 1420 4062 unitariam
1464 4004 1569 4064 sed
1617 4003 1876 4062 sollertis
1920 4003 2240 4061 redactoris
2281 4035 2364 4045 -
2406 4003 2548 4061 licet
2590 4004 2680 4063 uti

348 4087 540 4147 verbis
584 4088 856 4148 barbaris
901 4122 983 4132 —
1029 4089 1529 4148 concinnatoriam
1590 4092 1779 4146 artem
1836 4089 1944 4146 hac
1988 4088 2221 4146 ratione
2264 4087 2523 4147 Homero
2570 4107 2678 4148 suo

347 4172 648 4232 vindicari.
726 4173 919 4244 Quam
962 4174 1435 4234 redactionis
1480 4174 2068 4234 continuitatem
2113 4176 2347 4233 tantum
2394 4172 2568 4233 abest
2611 4178 2681 4232 ut

345 4258 403 4314 in
434 4257 720 4317 hodierna
747 4257 951 4318 Iliadis
981 4260 1164 4334 atque
1197 4258 1497 4334 Odysseae
1528 4276 1811 4335 compage
1841 4258 2261 4332 desideremus,
2308 4261 2379 4318 ut
2421 4259 2681 4319 libenter

345 4343 736 4402 concedamus
793 4343 1192 4419 componendi
1261 4362 1330 4403 ex
1385 4343 1544 4402 hisce
1600 4343 1965 4402 carminibus
2020 4341 2138 4401 duo
2198 4362 2445 4419 corpora
2497 4363 2677 4422 nego-

346 4425 493 4485 tium
547 4446 657 4488 nec
716 4427 860 4487 olim
917 4427 1183 4505 potuisse
1239 4448 1346 4489 nec
1398 4447 1558 4487 nunc
1611 4446 1783 4503 posse
1842 4427 2054 4486 melius
2112 4428 2342 4500 confici,
2407 4449 2587 4506 quam
2641 4450 2675 4487 a

2729 2214 2793 2261 10
