3132 5129
1157 286 1618 352 —249—

388 442 463 503 V.
511 444 912 502 329=3452
959 441 1129 518 φίλος
1172 434 1254 521 ἦν
1296 437 1510 520 ἡμῖν,
1556 436 1867 519 ὁμότροφά
1910 436 1964 500 τ’
2014 438 2246 519 ἐνέμετο
2295 476 2368 484 -

948 526 1169 601 φονίαν
1211 547 1306 586 πα
1323 537 1482 602 ντα
1526 525 1791 607 πτέρυγά
1837 548 1895 586 τε
1939 525 2216 606 περίβαλε
2265 558 2362 587 —-.

387 612 460 671 V.
509 615 651 674 360.
689 609 1050 709 κατάπηξον
1089 603 1237 690 πρὸς
1280 603 1515 691 αὐτήν
1559 615 1710 674 nach
1755 614 1890 671 dem
1924 612 2317 673 Scholiasten:
2364 612 2554 688 πῆξον
2589 617 2653 664 27

189 687 402 756 αὐτὸν
444 691 593 774 πρὸς
635 687 748 771 τὴν
790 694 1033 773 χύτραν.

384 799 458 857 V.
506 800 649 858 361.
718 798 1005 876 προθοῦ.
1064 800 1391 877 Essignapf
1443 800 1587 860 oder
1627 834 1706 843 —
1749 799 1951 858 besser
1993 800 2144 859 noch
2193 833 2271 841 —-
2319 799 2550 874 Speise·

205 883 488 943 schussel
535 882 647 943 soll
695 883 783 942 als
829 883 1003 942 Helm
1048 903 1154 942 zur
1196 885 1488 962 Deckung
1531 885 1635 945 des
1667 886 1869 960 Auges
1915 884 2245 960 ausgeeetzt
2289 883 2549 942 werden.

204 968 359 1044 Vgl.
420 967 573 1026 Aen.
637 968 806 1026 Tact.
856 969 956 1043 40,
1006 964 1074 1046 [4
1119 988 1178 1045 p.
1224 972 1451 1042 86,17
1500 966 1669 1048 Hug]
1724 961 1859 1026 αντὶ
1909 963 2112 1025 ὅπλων
2164 965 2264 1026 καὶ
2317 986 2551 1041 περικε-

199 1050 492 1127 φαλαίων
538 1045 677 1122 τούς
722 1073 780 1111 τε
826 1049 1050 1124 κάδους
1096 1049 1196 1110 καὶ
1242 1044 1311 1111 τὰ
1353 1048 1659 1131 ὁμότροπα
1704 1049 1910 1123 δόντες
1955 1044 2319 1128 χαλκωματα.

391 1153 464 1212 V.
514 1155 693 1214 381st
728 1150 850 1212 ἔστι
893 1150 1005 1231 μὲν
1050 1149 1250 1249 λόγων
1283 1145 1535 1214 ἀκοῦσαι
1582 1154 1844 1254 πρῶτον,
1892 1147 1972 1224 ὥς
2016 1148 2163 1230 ἡμῖν
2204 1151 2393 1211 δοκεῖ·

725 1231 1009 1316 χρήσιμον
1050 1237 1165 1315 γὰρ
1210 1261 1289 1296 αν
1329 1237 1517 1315 μάθοι
1564 1260 1631 1296 τι
1674 1231 1830 1297 κάπὸ
1889 1246 2012 1297 των
2055 1234 2295 1315 ἐχθρῶν
2350 1233 2555 1310 σοφός.

392 1324 462 1383 V.
513 1326 728 1383 386-
750 1327 871 1384 392
919 1317 1065 1401 (387
1089 1357 1170 1369 -
1194 1327 1420 1383 392-
1342 1354 1421 1374 =
1447 1327 1568 1385 393
1596 1357 1676 1367 —
1703 1323 1885 1402 399):

522 1424 746 1501 μᾶλλον
788 1422 1036 1502 εἰρήνην
1076 1419 1327 1522 ἄγουσιν
1370 1417 1551 1502 ἧμιν,
1597 1420 1727 1504 <ὡ’ς
1772 1419 1830 1503 γ’
1877 1420 2002 1500 ἐμοὶ
2050 1424 2222 1484 δοκεῖ
2229 1423 2290 1501 ·>

699 1505 847 1569 ὥστε
894 1506 1035 1614 <ml
1077 1500 1194 1590 συ>
1239 1498 1346 1587 τὴν
1389 1508 1616 1587 χύτραν
1660 1530 1732 1569 τε

696 1589 821 1652 καὶ
868 1615 943 1652 το
992 1593 1280 1673 τρυβλίον
1324 1594 1558 1654 καθίει·

695 1670 845 1757 (εἶτ’
893 1674 1025 1759 ἀεὶ)
1070 1677 1181 1759 χρὴ
1227 1676 1331 1740 τὸν
1375 1676 1684 1759 ὀβελίσκον

696 1768 1043 1841 περιπατεῖν
1087 1763 1350 1866 ἔχοντας
1366 1760 1521 1843 ἡμᾶς

696 1857 814 1908 τῶν
858 1845 1059 1908 ὅπλων
1104 1841 1273 1923 ἐντὸς
1317 1842 1499 1927 ὑπὲρ
1542 1837 1739 1923 αὐτὴν

695 1923 802 2010 την
847 1955 1070 2010 χυτραν
1111 1955 1307 2009 ακραν
1341 1930 1625 2038 ὁρῶντας

874 2013 1114 2090 ἐκτός·
1159 2014 1240 2090 ὥς
1284 2041 1357 2079 ου
1405 2013 1715 2091 φευκτέον.

223 2118 546 2193 Euelpides
599 2118 709 2176 soll
759 2119 958 2178 Schild
1016 2122 1136 2178 und
1184 2121 1361 2181 Helm
1406 2154 1483 2163 -
1532 2120 1591 2177 d.
1636 2119 1697 2177 h.
1757 2120 1923 2193 Topf
1973 2119 2096 2177 und
2154 2118 2432 2177 Schflssel
2477 2148 2560 2160 —

228 2202 659 2275 niedersetzen,
705 2202 831 2261 also
876 2202 1159 2261 τίθεσθαι
1205 2226 1273 2262 τα
1318 2201 1702 2263 οπλα.1)οιι
1748 2203 2084 2279 Bratspiess
2129 2202 2271 2261 aber
2315 2209 2557 2261 mussan

231 2285 418 2344 Boide
463 2286 609 2344 nach
656 2286 1207 2348 lakedzimonischor
1251 2288 1607 2349 Ordonnanz
1651 2288 1714 2346 in
1758 2288 1864 2347 der
1894 2287 2070 2346 Hand
2115 2286 2393 2345 bohalten
2439 2286 2558 2346 und

224 2371 341 2429 mit
384 2370 725 2429 demselben
768 2373 1184 2447 patrouilliren
1229 2371 1519 2448 (Xenoph.
1568 2372 1688 2430 lak.
1723 2371 1896 2431 Staat.
1939 2371 2072 2447 XII,
2119 2371 2158 2428 4
2204 2366 2443 2444 ἔχοντας
2489 2390 2558 2427 τα

223 2452 449 2528 δόρατα
494 2447 585 2512 ἆεὶ
629 2451 961 2533 περιιέναι),
1010 2457 1206 2517 indem
1257 2459 1343 2518 sie
1387 2458 1535 2517 uber
1580 2456 1694 2515 den
1737 2455 1938 2515 Schild
1985 2475 2116 2531 weg
2160 2455 2368 2514 hinaus
2410 2455 2561 2513 nach

226 2540 340 2601 den
390 2539 654 2600 Feinden
708 2542 953 2618 εριιὶιοιι.
1050 2537 1130 2603 Τὸ
1191 2539 1340 2620 δόρυ
1384 2544 1506 2603 388
1559 2541 1642 2600 ist
1685 2538 1892 2601 Glosse
1949 2560 2020 2600 zu
2077 2535 2181 2599 τὸν
2225 2531 2558 2617 ὀβελίσκον.

398 2641 471 2702 V.
517 2643 641 2703 404
673 2644 715 2706 f.
774 2665 873 2701 και
918 2638 1117 2705 πόθεν
1159 2640 1476 2721 έπέμολον
1506 2640 1530 2722 n
1562 2637 1658 2701 ἐπὶ
1702 2639 1834 2700 τίνα
1878 2634 1950 2700 θ’
1998 2632 2225 2720 (ἡμῖν)
2272 2636 2559 2700 ἐπίνοιαν.

400 2726 473 2787 V.
522 2730 890 2790 406—425:
965 2728 1040 2788 α’.
1280 2722 1349 2788 ἰώ
1397 2726 1612 2801 ἔποψ,
1634 2722 1701 2785 σέ
1744 2746 1834 2784 τοι
1877 2730 2065 2786 καλῶ·

1090 2814 1222 2872 ΕΠ.
1270 2817 1467 2885 καλεῖς
1513 2810 1578 2871 δὲ
1620 2820 1724 2870 τοῦ
1769 2804 1973 2870 κλύειν
2014 2807 2243 2876 θέλων;

964 2897 1041 2962 α’
1090 2898 1220 2960 XO.
1265 2896 1427 2969 τίνος
1470 2890 1625 2954 ποθ’
1673 2893 1798 2954 οἵδε
1842 2894 1943 2954 καὶ
1984 2893 2212 2960 πόθεν;

1080 2985 1217 3043 ΕΠ.
1266 2979 1413 3057 ξένω
1455 2989 1646 3057 σοφῆς
1688 2969 1802 3050 ἀφ’
1841 2970 2139 3052 Ἑλλάδος.

961 3064 1039 3145 β’.
1091 3068 1218 3126 XO.
1267 3065 1415 3145 τύχη
1460 3062 1526 3125 δὲ
1571 3064 1711 3123 ποία
1757 3063 1916 3141 κομί-

1268 3154 1350 3224 ζει
1391 3146 1522 3210 ποτ’
1571 3139 1736 3209 αὐτοὶ
1780 3146 1956 3236 πρὸς
1970 3169 2068 3221 ορ-

1271 3240 1448 3305 νιθας
1492 3231 1728 3300 ἕλθεῖνς

1713 3319 1849 3376 ΕΠ.
1895 3315 2041 3394 ἔρως

965 3404 1044 3483 β’.
1269 3403 1407 3480 βίου
1451 3402 1680 3479 διαίτης
1724 3425 1782 3464 τε
1826 3399 1928 3463 καὶ

1272 3485 1389 3548 σοὶ
1436 3490 1737 3562 ξυνοικεῖν
1780 3510 1838 3549 τε
1884 3484 2007 3548 καὶ

1278 3571 1392 3633 σοὶ
1435 3573 1703 3645 ξυνεῖναι
1743 3569 1809 3632 τὰ
1856 3582 1998 3635 πᾶν.

968 3655 1042 3736 γ’.
1102 3658 1230 3721 ΧΟ.
1276 3656 1335 3716 τί
1372 3651 1517 3738 φῄςς

1274 3680 1458 3818 λέγει
1471 3738 1539 3800 δέ
1584 3738 1761 3821 <σοι>
1809 3742 1971 3813 τίνας
2016 3734 2256 3821 λόγουςς

962 3826 1035 3904 γ’.
1084 3828 1220 3886 ΕΠ.
1267 3816 1511 3906 (ἄπιστ’
1520 3822 1582 3905 ,>

1267 3908 1489 3972 απιστα
1532 3909 1633 3969 καὶ
1674 3906 1825 3986 πέρα
1868 3905 2088 3970 κλυειν.

969 3989 1041 4056 δ’.
1089 3997 1221 4060 ΧΟ.
1266 3991 1384 4078 δρᾷ
1426 4016 1481 4054 τι
1525 3991 1729 4073 κέρδος
1772 3986 1984 4053 ἐνθάδ’
2031 3986 2094 4052 ἄ-

1272 4055 1404 4156 ξιον
1443 4087 1664 4157 μονῆς,
1709 4101 1828 4177 nup
1870 4075 2070 4138 πέποι-

1355 4161 1436 4224 θέ
1473 4184 1578 4241 μοι
1619 4155 1817 4261 ξυνών

1269 4253 1505 4328 κρατεῖν
1546 4271 1629 4308 αν
1672 4269 1710 4324 η
1755 4248 1854 4309 τὸν
1898 4244 2118 4327 ε’χθρὸν
2161 4238 2205 4324 ἢ

1269 4335 1534 4411 φίλοισιν
1577 4323 1828 4409 ωφελεῖν
1870 4330 2052 4412 ἔχεινς
