3132 5129
1335 336 1752 398 ...37-

366 511 615 568 prorsus
646 491 799 551 nihil
831 493 969 551 novi
1000 494 1337 561 continent:
1388 495 1507 552 707
1531 519 1615 541 =
1640 513 1670 550 τ
1706 494 1854 567 184;
1903 495 2023 553 708
2049 518 2131 543 ====
2158 496 2216 551 A
2249 496 2362 553 102
2388 493 2463 569 -Ι-
2495 496 2544 552 Β
2566 497 2708 567 698,

362 582 425 636 et
465 569 612 635 οὐδέ
657 597 713 634 τι
756 577 1032 652 quintum
1078 581 1145 637 ut
1187 575 1321 635 λαοί
1360 582 1595 637 sextum
1639 577 1852 653 pedem
1898 578 2054 636 haud
2087 597 2218 637 raro
2249 580 2536 655 complet3
2585 583 2706 640 709

365 663 685 721 maximam
733 666 965 737 partem
1009 681 1083 720 ex
1113 664 1255 724 703.
1292 664 1412 721 726
1459 663 1810 737 desumptus
1858 668 1963 734 est,
2013 665 2115 723 sed
2162 665 2341 723 simul
2385 665 2460 723 ob
2506 665 2706 723 oculos

361 748 574 806 habuit
635 746 688 804 Θ
735 748 852 805 126
898 766 986 822 sq.
1041 740 1189 805 οὐδ’·
1246 740 1349 825 ἄρ’
1420 742 1501 804 ἔτι
1545 742 1663 823 δὴν
1700 746 1711 826 Ι
1751 744 1914 805 ἵππω
1969 744 2273 825 δευέσθην
2317 746 2705 829 σημάντορος,

371 833 439 889 Ψ
465 834 543 891 15
576 852 668 907 sq.
714 832 984 907 quamvis
1028 832 1183 891 alius
1226 833 1492 909 generis:

671 947 983 1009 δεύοντο
1027 944 1330 1047 ψάμαθοι,
1376 947 1693 1009 δεύοντο
1736 946 1803 1008 δὲ
1848 948 2053 1027 τεύχεα
2099 960 2318 1026 φωτῶν

672 1031 957 1112 δάκρυσι·
1005 1040 1167 1094 τοῖον
1209 1025 1319 1114 γὰρ
1364 1030 1647 1094 πόθεον
1688 1033 1967 1115 μήστωρα
2013 1030 2245 1115 φόβοιο,

361 1159 419 1215 et
470 1158 524 1212 Δ
566 1157 688 1213 471

671 1271 939 1345 ἐσθλὸς
985 1270 1071 1332 ἔιό
1091 1297 1152 1348 ν,
1196 1269 1420 1352 μεγάλη
1464 1269 1531 1332 δὲ
1577 1263 1775 1350 ποθὴ
1824 1278 2116 1333 Δαναοῖσι
2159 1270 2418 1352 γένηται,

362 1395 621 1471 denique
667 1390 893 1453 ἐσθλὸν
936 1386 1105 1450 ἐόντα
1139 1395 1199 1450 Χ
1231 1396 1371 1452 176.
1440 1394 1655 1471 Itaque
1687 1396 1907 1453 maiore
1938 1395 2191 1452 fortasse
2222 1395 2351 1453 iure
2392 1394 2451 1453 hi
2499 1413 2705 1456 versus
2735 1403 2800 1450 22

364 1481 439 1538 ad
485 1480 738 1539 tertium
786 1479 1119 1554 vulgarium
1167 1479 1692 1554 interpolationum
1737 1497 1926 1554 genus
1973 1480 2324 1538 referantur.

533 1566 625 1624 De
679 1565 1011 1623 Philocteta
1067 1564 1323 1639 primum
1380 1564 1604 1622 bonum
1657 1564 1940 1622 habemus
1997 1582 2236 1622 versum
2293 1565 2447 1636 723,
2516 1566 2698 1623 inter-

369 1651 669 1726 positum,
732 1654 801 1709 ut
853 1650 916 1707 in
975 1649 1155 1707 variis
1198 1649 1270 1707 de
1318 1648 1651 1707 Philocteta
1694 1649 1913 1707 fabulis
1958 1649 2155 1707 clades
2200 1650 2325 1708 cius
2371 1652 2700 1708 accuratius

361 1735 812 1813 designaretur-3
878 1734 982 1792 sed
1037 1754 1095 1793 v.
1130 1735 1250 1791 724
1294 1752 1415 1808 sq.,
1477 1752 1627 1808 quos
1682 1734 1798 1791 iam
1847 1733 2185 1793 Zenodotus
2241 1727 2565 1809 ἠθέτηκεν,
2627 1736 2700 1793 ab

357 1820 564 1879 eodem
612 1821 858 1878 adsutos
905 1837 1061 1888 esse,
1124 1819 1226 1894 qui
1270 1838 1330 1877 v.
1366 1819 1700 1877 691-694
1746 1818 2039 1893 procudit,
2114 1838 2345 1878 summa
2390 1820 2699 1895 utriusque

357 1904 588 1964 feturae
632 1905 965 1964 similitudo
1010 1903 1295 1962 ostendit.

527 1990 841 2048 Postremo
886 1991 1134 2064 propter
1177 1990 1340 2047 illam
1396 1987 1704 2048 amborum
1761 1988 2152 2063 Lapitharum
2213 1989 2576 2065 Polypoetae
2640 1995 2703 2049 et

360 2075 616 2134 Leontei
676 2074 943 2133 aristiam
987 2092 1135 2149 quae
1181 2074 1265 2130 M
1305 2075 1421 2132 129
1456 2093 1586 2149 sqq.
1634 2074 1857 2149 legitur
1905 2106 1982 2114 —-
2027 2075 2203 2132 etiam
2260 2075 2328 2130 Ψ
2363 2075 2697 2133 836-849

354 2161 419 2219 in
465 2160 614 2219 disci
662 2159 986 2219 certamine
1031 2158 1478 2234 coniunguntur
1508 2190 1588 2199 ·—-
1636 2157 1894 2217 adiectos
1938 2178 2066 2217 esse
2112 2177 2318 2218 versus
2363 2159 2697 2218 742-746

355 2246 582 2303 nemini
650 2245 796 2313 iam,
863 2244 1103 2318 opinor,
1172 2243 1419 2302 dubium
1488 2244 1619 2302 erit.
1714 2242 1958 2301 Praeter
2021 2243 2193 2302 illum
2257 2243 2452 2302 locum
2517 2244 2694 2302 etiam

356 2332 417 2385 A
460 2325 797 2388 262-268
854 2329 1143 2402 respexit,
1200 2328 1355 2387 unde
1409 2332 1470 2387 et
1525 2327 1824 2387 Caeneum
1881 2330 1942 2386 et
1997 2328 2157 2403 ipsos
2201 2328 2421 2386 Pheres
2465 2328 2694 2403 hausit3

354 2433 719 2490 quamquam
763 2414 898 2472 aliis
942 2413 1184 2487 insuper
1228 2414 1516 2488 bonisque
1562 2414 1830 2473 fontibus
1875 2432 2049 2471 usum
2095 2432 2224 2472 esse
2269 2433 2339 2470 ex
2380 2412 2696 2473 Aethicum

353 2503 420 2557 et
472 2496 700 2558 Coroni
743 2496 1048 2557 mentione
1093 2516 1380 2574 apparere
1424 2497 1679 2557 videtur.
1765 2497 1990 2556 Verum
2036 2499 2098 2556 in
2144 2497 2416 2557 versibus
2461 2498 2693 2557 concin-

284 2603 293 2614 ·
356 2585 571 2645 nandis
626 2603 794 2643 suam
852 2583 1107 2642 indolem
1163 2584 1352 2641 celare
1410 2602 1531 2642 non
1576 2585 1803 2659 potuit:
1866 2604 1922 2646 v.
1969 2585 2088 2641 742
2136 2582 2408 2658 imperite
2453 2587 2515 2640 et
2558 2603 2694 2659 pro-

353 2688 576 2728 nomen
620 2670 937 2728 relativum
983 2665 1218 2745 (eodem
1264 2668 1437 2727 modo
1483 2672 1551 2726 ut
1596 2666 1748 2745 629)
1795 2671 1859 2726 et
1902 2663 2095 2726 τέκετο
2138 2688 2208 2726 ex
2241 2669 2358 2726 741
2393 2670 2692 2743 repetivit,

354 2758 663 2830 praeterea
707 2756 851 2812 714.
899 2755 1040 2811 728.
1090 2753 1151 2809 Χ
1185 2753 1265 2811 48
1310 2754 1576 2829 aliosque
1621 2754 1783 2815 locos
1826 2753 2148 2829 expressit3
2205 2773 2266 2812 v.
2313 2754 2435 2811 743
2482 2754 2689 2812 tritum

353 2839 503 2920 illud
559 2835 739 2915 ἤματι
792 2844 871 2918 τῷ
928 2839 1073 2897 satis
1134 2838 1450 2897 infeliciter
1494 2838 1768 2896 adhibuit
1813 2839 1884 2896 ad
1931 2837 2383 2913 significandam
2427 2858 2692 2914 pugnam

353 2925 510 2982 inter
557 2923 845 2999 Lapithas
890 2926 952 2981 et
982 2923 1324 2994 Centauros,
1370 2942 1550 2998 quam
1596 2925 1659 2982 in
1703 2923 1850 2998 ipsis
1879 2922 2138 2981 Pirithoi
2170 2926 2230 2981 et
2263 2923 2692 2998 Hippodamiae

356 3011 586 3082 nuptiis
630 3011 958 3084 pugnatam
1004 3026 1130 3067 esse
1175 3012 1453 3067 constans
1498 3011 1631 3066 erat
1679 3008 1864 3078 fama,
1928 3026 2002 3065 ne
2046 3008 2222 3066 huius
2266 3008 2508 3081 quidem
2555 3009 2687 3080 loci,

351 3094 509 3169 quod
559 3093 807 3163 mireris,
853 3091 1205 3151 auctoritate
1252 3092 1511 3151 turbata.
1586 3092 1712 3151 Nec
1744 3094 1804 3151 in
1848 3092 1994 3168 ipsis
2040 3092 2236 3151 verbis
2282 3092 2442 3150 ultra
2488 3094 2690 3150 notam

352 3178 717 3236 contextoris
761 3181 946 3236 artem
990 3177 1326 3236 adscendit:
1387 3172 1617 3235 ἐτίσατο
1661 3197 1730 3236 ex
1775 3177 2009 3252 aliquot
2052 3175 2352 3252 Odysseae
2396 3177 2542 3236 locis
2587 3177 2688 3236 de-

350 3262 665 3339 prompsit,
710 3280 780 3320 ex
823 3262 1039 3338 quibus
1083 3263 1355 3336 proxime
1389 3262 1619 3323 accedit
1646 3281 1678 3319 ο
1709 3263 1830 3321 235
1863 3281 1951 3337 sq.
2025 3257 2249 3338 ἤλασε
2294 3260 2441 3338 βοῦς
2486 3256 2686 3338 ἐριμύ-

351 3366 494 3417 κους
544 3349 554 3421 1
604 3343 663 3416 ἐς
724 3339 933 3404 Πύλον
996 3341 1071 3404 ἔκ
1126 3344 1410 3421 Φυλάκης
1477 3344 1580 3405 καὶ
1649 3342 1973 3412 ἕτίσατο;
2039 3351 2169 3405 tum
2232 3350 2293 3405 ct
2359 3345 2688 3423 λαχνήεντα

353 3431 607 3491 Volcani
667 3428 897 3507 στήθεα
952 3430 1230 3490 dicuntur
1285 3432 1346 3488 Σ
1383 3434 1536 3506 415,
1595 3436 1658 3491 et
1714 3432 1874 3491 idem
1934 3431 2293 3491 adiectivum
2354 3431 2389 3488 Ι
2433 3433 2556 3490 548
2614 3433 2687 3492 de

350 3517 478 3592 apri
533 3517 691 3592 pelle
745 3517 995 3594 dicitur3
1049 3536 1156 3577 nec
1210 3518 1394 3577 verba
1448 3507 1566 3576 ωσε
1621 3513 1721 3575 καὶ
1765 3514 2086 3575 Αἰθίκεσσι
2137 3512 2430 3575 πέλασσεν
2483 3516 2689 3576 multis

350 3607 553 3661 carent
603 3602 925 3678 analogiis,
982 3621 1053 3660 ex
1109 3603 1327 3677 quibus
1371 3623 1393 3659 ι
1438 3605 1517 3662 39
1566 3599 1892 3661 Κικόνεσσι
1947 3596 2263 3676 πέλασσεν,
2327 3621 2685 3677 quamquam

350 3688 547 3761 aptius
593 3686 667 3744 de
711 3692 891 3745 vento
938 3686 1175 3759 dicitur,
1219 3688 1418 3747 verbis
1462 3691 1663 3748 tamen
1709 3688 1962 3747 maxime
1989 3687 2341 3762 respondet;
2387 3679 2497 3743 οὐκ
2541 3677 2685 3761 οἶος,

346 3765 472 3847 ἅμα
528 3792 610 3854 τῳ
670 3791 735 3847 γε
781 3769 847 3827 Ω
888 3773 1030 3834 573.
1075 3771 1115 3848 β
1163 3775 1259 3829 11.
1310 3772 1368 3828 Γ
1406 3775 1545 3831 143.
1591 3794 1630 3829 α
1673 3774 1815 3832 331.
1862 3786 1898 3828 σ
1941 3773 2061 3831 207
2125 3771 2369 3846 legitur:
2429 3771 2567 3830 binc
2623 3775 2686 3829 et

348 3861 556 3916 nostro
613 3874 683 3914 ex
735 3855 866 3915 loco
924 3856 1254 3931 desumpsit
1319 3859 1678 3917 novissimus
1748 3856 2144 3933 interpolator
2211 3855 2366 3914 infra
2418 3876 2474 3915 v.
2525 3856 2681 3931 8223

348 3938 652 4011 Λεοντεὺς
704 3936 835 4012 ὄζος
891 3936 1106 4018 ’Ἄρηος
1163 3942 1416 4002 habetur
1474 3944 1551 3998 M
1596 3944 1714 4001 188
1759 3946 1820 4000 et
1868 3944 1938 3999 Ψ
1975 3943 2128 4015 841;
2190 3944 2492 4015 postremo
2549 3937 2681 4012 υίὸς

348 4020 725 4106 ὑπερθύμοιο
770 4058 845 4067 --
902 4026 972 4082 Ψ
1009 4027 1134 4084 302
1180 4029 1240 4085 et
1284 4023 1599 4104 Κρείοντος
1643 4020 2022 4105 ὑπερθύμοιο
2065 4021 2341 4103 θύγατρα
2385 4027 2417 4082 λ
2450 4028 2594 4087 269.

514 4113 729 4173 Restat
783 4111 1024 4170 tertia
1080 4111 1284 4171 classis
1342 4112 1901 4187 interpolationum,
1962 4111 2166 4187 quales
2211 4110 2429 4185 ubique
2474 4112 2678 4188 depre-

339 4198 716 4264 henduntur,
772 4197 991 4271 quibus
1046 4196 1305 4255 litteram
1362 4197 1407 4256 C
1462 4198 1723 4274 appinxi.
1809 4198 2051 4256 Praeter
2088 4216 2146 4255 v.
2195 4197 2562 4276 ⁷07—709,
2607 4198 2679 4257 de

336 4285 555 4360 quibus
602 4283 724 4342 iam
769 4281 1015 4354 dictum,
1059 4280 1173 4339 huc
1215 4282 1403 4341 refero
1447 4302 1686 4342 versum
1732 4280 2192 4342 insulsissimum
2241 4282 2364 4339 514

750 4395 1055 4477 παρθένος
1099 4397 1326 4477 αἰδοίη,
1370 4394 1672 4478 ὖπερῶιον
1714 4398 2104 4479 εἰσαναβᾶσα,
