3132 5129
307 1968 370 2016 18

1345 308 1808 406 -31'2-

582 503 657 563 V.
704 503 845 562 466.

703 597 853 667 Ὀψὲ
899 594 960 658 δ’
1007 596 1472 678 ἆπολλήξασα
1517 596 1619 659 καὶ
1663 592 2056 677 ἆμπνεύσασα
2100 597 2336 677 μόθοιο.

408 724 547 783 Νοιι
575 727 783 799 aptum
813 726 908 781 est
936 721 1184 782 verbum
1227 709 1712 797 ἆπολλήξασα
1759 721 1831 779 de
1878 721 2023 779 urbe
2067 721 2139 779 ab
2184 720 2454 778 hostibus
2487 721 2745 797 obsessa,

411 827 563 883 quae
607 828 643 866 a
688 808 1009 885 pugnando
1052 825 1177 866 non
1221 807 1381 866 ultro
1426 807 1694 865 desistere
1753 809 1991 880 potest,
2050 805 2148 863 sed
2210 808 2442 866 tantum
2489 807 2746 875 liberari,

409 893 679 953 hostibus
723 893 979 968 repulsis
1018 894 1081 950 et
1121 891 1365 967 fugatis.
1439 890 1636 949 Etiam
1669 890 1868 948 libris
1842 890 2239 966 suspicionem
2269 895 2528 950 movent.
2591 890 2745 950 Nam

409 978 473 1035 in
494 976 683 1037 Paris.
712 979 747 1035 2
779 977 1030 1053 legitur:
1073 968 1369 1053 ἆποπλή
1385 977 1534 1048 ξασα
1564 994 1698 1034 οιιιιι
1727 975 1927 1052 glossa
1956 969 2373 1075 ἅποφυγοῦσᾳ,
2402 976 2468 1034 in
2492 974 2682 1035 Palat.
2711 979 2742 1034 1

408 1054 831 1135 ἆπαλύξασα.
921 1061 1070 1119 Inde
1115 1060 1370 1120 fortasse
1412 1059 1790 1119 scribendum
1848 1063 1966 1118 est:
2026 1052 2509 1135 ἀπαλλάξασα,
2573 1079 2745 1120 sensu

409 1147 699 1206 neutrali:
747 1148 1010 1215 liberata,
1058 1164 1413 1222 quamquam
1457 1145 1609 1204 alius
1654 1144 1854 1219 locus,
1876 1144 2004 1202 ubi
2050 1144 2330 1203 similiter
2372 1144 2546 1204 huius
2575 1145 2747 1205 verbi

410 1233 671 1291 activum
730 1232 993 1307 positum
1050 1230 1160 1306 sit,
1219 1250 1289 1289 ex
1346 1229 1527 1305 epicis
1572 1230 1765 1305 poetis
1808 1247 1966 1288 nunc
2008 1247 2127 1288 non
2173 1229 2481 1288 succurrit.
2570 1229 2743 1291 Certe

410 1317 686 1375 similiter
717 1336 899 1390 supra
927 1335 986 1374 v.
1021 1314 1138 1373 351
1190 1315 1263 1375 de
1305 1315 1540 1374 nautilo
1588 1313 1767 1373 dixit:
1812 1301 2021 1390 ἆήταις
2067 1309 2421 1389 ἐπιτρέψας,
2471 1315 2746 1389 qualibus

411 1402 482 1460 de
513 1400 710 1461 verbis
754 1401 987 1477 copiose
1034 1401 1314 1459 disseruit
1354 1399 1696 1459 Lobeckius
1721 1399 1795 1457 ad
1841 1400 2007 1459 Aiac.
2051 1419 2110 1474 p.
2152 1400 2481 1458 188--192
2516 1395 2623 1480 [?],
2671 1419 2746 1459 ne

415 1486 577 1546 illius
623 1486 867 1561 quidem
910 1485 1024 1544 loci
1068 1484 1401 1543 immemor.

578 1569 655 1630 V.
689 1571 831 1631 508.

720 1673 887 1730 Τοῖσι
919 1664 980 1728 δ’
1032 1661 1065 1727 ‘o'
1111 1690 1216 1729 κεν
1257 1663 1627 1747 προβάληται
1670 1662 1823 1746 ὁμοῦ
1865 1666 2069 1750 γάμῳ
2114 1661 2385 1747 εὕρατο
2429 1670 2661 1746 νίκην.

584 1790 749 1850 Haec
780 1790 832 1849 si
862 1809 1004 1850 vera
1048 1792 1211 1850 esset
1254 1788 1583 1865 scriptura,
1629 1791 1869 1849 victoria
1913 1788 2090 1849 debet
2135 1808 2262 1849 esse
2306 1810 2398 1850 res
2444 1792 2745 1868 primaria,

417 1894 568 1951 quae
603 1894 715 1949 per
757 1876 969 1935 coitum
1013 1894 1048 1933 a
1089 1874 1351 1950 piscibus
1382 1877 1711 1949 expetatur.
1793 1874 1909 1932 Sed
1940 1874 2138 1949 potius
2169 1876 2394 1934 coitum
2426 1876 2746 1951 pugnando

410 1962 475 2019 et
528 1959 819 2019 vincendo
878 1959 992 2019 sibi
1037 1960 1283 2019 student
1335 1978 1562 2035 parare.
1665 1958 1805 2018 Sine
1862 1958 2044 2018 dubio
2103 1958 2411 2035 Oppianus
2476 1960 2744 2020 dederat:

407 2037 564 2119 ὁμοῦ
620 2038 829 2122 γάμον
873 2036 1098 2125 ἤρατο
1147 2041 1326 2124 νίκῃ,
1381 2046 1422 2102 i.
1454 2063 1504 2106 e.
1554 2044 1659 2119 „in
1700 2043 1793 2103 his
1825 2043 1926 2119 qui
1958 2044 2201 2119 vicerit,
2248 2045 2426 2104 simul
2459 2063 2593 2103 cum
2625 2047 2740 2105 vic-

389 2130 565 2206 „toria
609 2130 951 2206 coniugium
998 2129 1286 2204 accepit.u
1371 2127 1509 2187 Huc
1553 2146 1789 2204 quoque
1832 2128 1972 2186 libri
2018 2128 2259 2188 ducunt.
2326 2129 2480 2188 Nam
2510 2133 2746 2189 tantum

405 2215 469 2273 in
505 2215 691 2277 Paris.
726 2217 752 2272 1
807 2217 868 2273 et
897 2214 1087 2273 Palat.
1125 2217 1156 2271 1
1205 2214 1429 2290 legitur
1470 2208 1668 2293 γάμῳ,
1714 2212 1896 2272 ceteri
1941 2213 2139 2289 inepte
2182 2234 2300 2290 φαμ
2315 2233 2398 2271 ου
2442 2215 2747 2290 praebent.

407 2332 491 2342 —
535 2295 718 2379 ᾔρατο
762 2300 1001 2359 restitui
1044 2318 1114 2357 ex
1159 2298 1355 2374 lunt„
1412 2298 1549 2357 Ald.
1606 2302 1667 2357 et
1709 2298 1895 2357 Paris.
1941 2299 2016 2374 2,
2072 2302 2133 2357 et
2177 2299 2388 2357 habuit
2429 2299 2541 2359 hoc
2585 2300 2747 2360 scho-

409 2371 617 2459 liasta,
666 2384 995 2459 explicans,
1043 2380 1233 2460 ἔλαβε.
1302 2383 1500 2459 Cf.11,
1554 2385 1661 2442 18:
1707 2379 1891 2464 ἤρατο
1935 2380 2127 2459 τιμήν.
2195 2384 2284 2441 De
2314 2383 2420 2442 illa
2448 2384 2748 2445 locutione

416 2470 489 2527 cf.
525 2488 579 2527 v.
611 2470 731 2528 579
777 2464 964 2549 πέτρῃ
995 2463 1061 2526 δὲ
1098 2458 1392 2527 συνωλεσε
1423 2464 1522 2525 καὶ
1556 2463 1736 2545 δέμας
1765 2467 1863 2550 lon
1908 2467 1986 2543 II,
2018 2470 2142 2527 476
2174 2459 2391 2526 αὐτίκα
2422 2466 2485 2525 οἶ
2506 2462 2748 2529 κάκεῖνο

407 2549 747 2629 συνέφθιτο
791 2543 1076 2652 καρτερὸν
1117 2543 1254 2650 ἆορ,
1293 2549 1304 2634 Ι
1342 2544 1507 2637 αὐτῷ
1554 2543 1614 2609 δ’
1664 2546 1853 2613 οπλον
1895 2545 2107 2611 ἄνακτι
2153 2548 2497 2633 συνέσβετο;
2544 2558 2603 2614 et
2643 2556 2746 2633 IV,

418 2641 538 2699 163
583 2633 758 2718 πόθῳ
803 2634 864 2696 δ’
914 2630 1036 2715 ἅμα
1078 2630 1305 2715 πότμον
1351 2614 1568 2698 ἕλοντο.

583 2723 664 2781 V.
697 2699 837 2785 560

885 2858 961 2869 —
1051 2858 1133 2868 -
1218 2821 1416 2884 πάντα
1460 2818 1519 2882 δ’
1570 2818 1835 2884 ὀδόντων

715 2907 925 2969 ἕπτυσε
969 2903 1360 2988 πευκεδανόν,
1404 2907 1628 2988 ζαμενῆ
1670 2902 1874 2986 χόλον,
1921 2905 2148 2986 ὄλβον
2192 2898 2469 2986 ὀλέθρου.

319 3041 322 3042 ’
411 3048 780 3123 Quamquam
835 3045 987 3105 illud
1041 3043 1223 3124 ὄλβον
1277 3049 1454 3107 etiam
1509 3068 1544 3105 a
1599 3047 1920 3106 scholiasta
1974 3047 2348 3122 agnoscitur,
2408 3049 2508 3123 qui
2565 3049 2747 3124 expli-

409 3135 504 3190 cat
556 3150 663 3207 per
717 3128 1002 3208 πλοῦτον,
1074 3137 1272 3192 tamen
1336 3152 1457 3192 non
1510 3132 1754 3190 videtur
1808 3130 2121 3190 ferendum
2182 3150 2329 3190 esse.
2430 3129 2744 3210 Equidem,

407 3215 661 3275 Nonnici
705 3236 846 3276 usus
890 3236 1119 3277 memor
1159 3217 1292 3313 (nec
1323 3216 1610 3277 dissimile
1653 3220 1748 3275 est
1790 3217 1948 3274 infra
1978 3215 2086 3290 III,
2121 3216 2199 3272 22
2232 3212 2420 3287 πυρὸς
2450 3213 2746 3298 ὄμβροις),

411 3301 787 3360 scribendum
841 3306 1190 3377 putaveram
1234 3292 1518 3380 ὄμβρον
1562 3289 1848 3376 ὀλέθρου,
1908 3301 2066 3376 quod
2113 3301 2286 3359 hodie
2331 3306 2488 3362 certe
2532 3323 2749 3362 memo-

411 3389 545 3443 ratu
607 3385 854 3461 dignum
911 3387 1258 3461 videbatur,
1307 3405 1666 3484 quamquam
1712 3386 1905 3445 fateor
1948 3404 2070 3444 non
2117 3387 2313 3444 minus
2358 3388 2749 3461 probabiliter

412 3489 447 3528 a
489 3471 827 3615 Lelgsigffl?
851 3490 900 3530 c.
936 3491 995 3547 p.
1035 3472 1157 3531 308
1203 3467 1437 3529 ὅπλον
1480 3464 1739 3544 ὀλέθρου
1785 3472 2118 3531 coniectum
2164 3489 2312 3530 esse.

716 3650 876 3714 Οὐδὲ
921 3648 1108 3731 πάρος
1154 3652 1366 3716 τεκέων
1411 3652 1549 3727 ἑκὰς
1596 3654 1827 3714 ἵσταται
1876 3649 2008 3714 οὐδ’
2056 3649 2392 3756 ἀπολείπει,

716 3740 860 3819 πρίν
902 3736 961 3819 γ’
1011 3736 1163 3799 όταν
1204 3736 1472 3819 ἡβήσωσι
1517 3735 1838 3822 τελεσφόρα
1881 3745 2024 3819 γυῖα
2065 3761 2165 3798 και
2210 3733 2420 3817 αλκήν.

410 3862 504 3920 Ita
547 3869 687 3937 apte
732 3861 1033 3922 concludit
1075 3865 1250 3936 poeta
1304 3880 1544 3922 suavem
1596 3861 1760 3920 illam
1815 3862 2297 3938 descriptionem,
2359 3881 2477 3936 qua
2536 3864 2672 3923 inde
2716 3885 2752 3923 a

410 3968 466 4007 v.
501 3948 620 4006 654
652 3947 1020 4007 vividissime
1065 3965 1307 4022 operam
1353 3950 1413 4005 et
1452 3966 1620 4006 curas
1661 3947 1955 4023 depinxit,
2002 3946 2219 4023 quibus
2263 3907 2498 4021 delphis
2529 3949 2749 4009 femina

409 4032 606 4108 pullos
662 4051 800 4092 suos
862 4033 1016 4091 alere
1071 4037 1133 4090 et
1189 4033 1357 4107 quasi
1430 4032 1678 4092 educare
1734 4033 1957 4092 studet.
2056 4031 2233 4091 Hunc
2288 4036 2477 4092 totum
2537 4036 2746 4111 locum,

411 4134 531 4192 quo
564 4135 796 4191 semper
827 4136 1005 4175 unam
1049 4119 1291 4175 tantum
1337 4117 1677 4192 delphinem
1722 4120 1889 4193 quasi
1937 4121 2074 4177 ante
2120 4119 2324 4178 oculos
2370 4117 2599 4195 habuit,
2646 4121 2748 4179 ubi

408 4201 760 4277 perlegeris,
808 4202 923 4261 iam
969 4202 1137 4277 vide,
1198 4221 1375 4278 quam
1420 4203 1760 4278 importune
1806 4207 1868 4262 et
1910 4203 2190 4279 languide
2234 4208 2372 4279 post
2401 4223 2457 4263 v.
2487 4206 2606 4264 668
2651 4205 2751 4264 hic

411 4304 616 4345 versus
661 4286 980 4346 adiciatur:

712 4393 834 4462 ἀλλ’
884 4399 999 4463 αιέὶ
1046 4402 1297 4482 ῥυτῆρες
1341 4399 1646 4463 ἐπίσκοποι
1692 4395 1863 4484 ἐγγυς
1907 4401 2168 4466 ἕπονται.
