3132 5129
1313 417 1379 428 -
1481 381 1764 445 145-

377 537 574 612 Atque
621 535 713 594 his
758 535 938 594 radiis
984 535 1266 594 delectari
1311 537 1645 612 quicunque
1689 531 1801 616 ὁρᾷ
1829 532 1985 611 φάος
2024 531 2238 613 ἠελίοιο
2268 539 2413 597 satis
2443 541 2707 598 constat:

370 621 443 678 de
498 620 753 680 ventis
810 640 978 694 vero,
1043 640 1189 695 quos
1246 624 1462 681 scimus
1515 623 1671 680 haud
1731 641 1864 680 raro
1921 623 2067 682 satis
2125 623 2495 696 importunos
2551 643 2699 698 esse,

367 707 556 781 magis
600 705 785 762 dubia
827 724 921 763 res
968 709 1153 781 esset,
1210 707 1325 765 nisi
1372 707 1676 766 commode
1722 711 2135 766 succurrerent
2172 699 2456 765 Ἠλύσιον
2498 706 2711 766 πεδίον

365 787 465 847 καὶ
526 787 837 866 πείρατα
888 787 1139 866 γαίης,
1203 790 1304 849 ubi
1361 791 1812 851 Rhadamantho
1870 796 1932 850 et
1976 792 2243 850 Menelao
2288 789 2498 868 ῥηίστη
2543 785 2711 869 βιοτὴ
2744 806 2811 854 30

364 871 562 942 πέλεν,
609 876 892 950 quoniam
935 874 1073 934 huic
1115 876 1359 951 quidem
1405 881 1641 952 „terrae
1686 876 1898 952 pater“
1929 895 2037 936 nec
2083 877 2320 952 „nivis“
2351 896 2457 935 nec
2503 878 2710 951 „dirae

367 959 716 1036 grandinis“
759 960 883 1020 vim
927 961 1223 1036 immittit,

669 1053 800 1118 ἀλλ’
846 1056 962 1119 αἰεὶ
1013 1060 1391 1140 Ζεφύροιο
1433 1054 1566 1141 λιγύ
1608 1062 1923 1133 πνείοντας
1967 1055 2195 1138 ἀήτας

665 1138 950 1216 Ὠκεανὸς
994 1140 1241 1224 ἀνίησιν
1282 1140 1628 1224 ἀναψύχειν
1669 1140 2054 1225 ἀνθρώπους.

369 1265 479 1324 His
535 1266 722 1342 igitur
774 1267 969 1326 ventis
1026 1270 1296 1326 carentes
1351 1267 1493 1327 fecit
1558 1287 1698 1327 suos
1753 1259 2223 1344 ὑποταρταρίους
2279 1263 2384 1346 (cf.
2416 1267 2510 1324 'N
2566 1270 2709 1326 274.

380 1345 531 1429 279)
577 1351 853 1427 egregius
898 1351 1198 1411 inventor.

545 1435 662 1494 Sed
709 1437 828 1494 iam
874 1439 1114 1512 tempus
1160 1441 1269 1512 est,
1315 1441 1384 1496 ut
1427 1436 1572 1497 haec
1616 1437 1926 1496 imitatorii
1957 1437 2082 1496 stili
2113 1436 2390 1496 exercitia
2419 1437 2711 1513 relinqua·

369 1540 501 1579 mus
555 1524 617 1579 et
672 1524 898 1597 cetera,
954 1541 1105 1596 quae
1161 1525 1365 1582 nostro
1421 1523 1484 1580 in
1539 1522 1694 1581 libro
1739 1527 2086 1598 supersunt,
2150 1523 2485 1598 fragmenta
2529 1524 2710 1598 paulo

368 1605 702 1665 accuratius
746 1607 1148 1684 inspiciamus.
1237 1606 1540 1666 Habemus
1584 1608 1680 1666 hic
1736 1607 1993 1682 primum
2039 1607 2307 1666 Teucri
2349 1607 2710 1667 Aristiam

370 1691 735 1766 266—334,
792 1694 894 1768 qui
951 1694 1267 1767 postquam
1324 1695 1458 1752 octo
1516 1693 1713 1752 missis
1760 1692 1997 1768 sagittis
2041 1693 2293 1751 totidem
2336 1693 2536 1752 hostes
2582 1712 2711 1768 per-

371 1777 589 1850 cussit,
638 1776 1104 1853 Agamemnonis
1148 1777 1319 1836 laude
1365 1777 1691 1853 instigatus
1735 1776 1979 1836 Hectori
2025 1778 2141 1851 ipsi
2185 1795 2387 1836 arcum
2433 1777 2711 1852 intendit,

368 1861 474 1920 sed
519 1862 596 1919 ab
642 1881 730 1936 e0,
775 1882 811 1922 a
853 1881 970 1937 quo
1001 1861 1174 1920 binae
1204 1863 1463 1938 sagittae
1492 1862 1921 1922 aberraverunt
1948 1862 2084 1921 aliis
2113 1861 2387 1921 hostibus
2419 1862 2709 1936 funestae,

368 1946 726 2022 gravissimo
768 1947 982 2022 lapidis
1027 1946 1150 2005 ictu
1195 1947 1329 2006 telis
1361 1947 1709 2022 viribusque
1751 1948 2010 2016 exuitur.
2050 1947 2228 2006 'Esse
2259 1947 2369 2005 hoc
2399 1948 2711 2023 epyllium,

369 2032 528 2106 quod
586 2031 742 2089 haud
811 2031 1130 2090 infeliciter
1195 2050 1327 2090 cum
1391 2031 1581 2091 altera
1649 2031 1911 2090 eiusdem
1973 2031 2168 2090 herois
2224 2033 2433 2091 aristia
2489 2037 2713 2091 certare

372 2116 610 2174 videtur
667 2115 1198 2194 Epinausimachae
1254 2117 1480 2175 inserta
1539 2116 1592 2173 Ο
1635 2117 2003 2192 436-485,
2069 2116 2228 2174 haud
2296 2117 2712 2176 contemnendi

370 2205 582 2276 poetae
627 2204 849 2277 optime
894 2202 1116 2261 sentiet
1161 2201 1500 2277 quicunque
1546 2201 1729 2259 alacri
1773 2201 1970 2259 animo
2014 2221 2049 2259 a
2080 2202 2292 2261 vicinis
2321 2202 2593 2277 legendis
2638 2202 2714 2259 ad

374 2286 523 2344 illud
568 2288 901 2346 accesserit.
990 2285 1061 2344 In
1108 2305 1175 2345 eo
1221 2286 1440 2361 epyllio
1485 2289 1554 2344 ut
1599 2306 1749 2362 quae
1792 2305 1915 2345 non
1958 2287 2134 2344 nimis
2189 2286 2377 2344 multa
2432 2287 2714 2361 leguntur

372 2372 554 2429 etiam
587 2372 733 2430 alibi
763 2371 940 2431 obvia
968 2387 1100 2429 eam
1129 2371 1322 2446 legem
1354 2390 1475 2430 non
1505 2372 1786 2447 migrant,
1832 2390 2010 2446 quam
2042 2372 2105 2429 in
2135 2369 2436 2430 dissertat.
2495 2370 2548 2427 V
2580 2392 2639 2445 p.
2675 2373 2712 2427 8

379 2453 583 2532 [supra
624 2477 684 2532 p.
718 2458 797 2515 93
822 2451 941 2533 sq.]
987 2455 1248 2514 breviter
1298 2456 1678 2531 adumbravi,
1735 2457 1821 2515 ita
1859 2455 2150 2514 nonnulla
2190 2456 2398 2514 insunt
2440 2458 2502 2514 et
2542 2474 2715 2530 pecu·

373 2540 548 2601 liaria
589 2545 652 2601 et
694 2560 836 2601 vero
882 2540 1153 2618 egregia,
1200 2559 1271 2600 ex
1314 2542 1529 2617 quibus
1572 2560 1756 2601 unum
1800 2541 1953 2601 illud
1993 2541 2414 2601 suavissimum
2456 2540 2714 2616 adscrip-

378 2627 523 2686 sisse
568 2628 737 2686 iuvat
782 2626 1006 2687 simile:

679 2721 890 2806 μήκων
933 2721 994 2786 δ’
1041 2718 1121 2801 ὣς
1168 2722 1407 2804 ἑτέρωσε
1451 2724 1605 2807 κάρη
1649 2725 1853 2806 βάλεν,
1900 2720 1939 2802 ἥ
1984 2723 2037 2786 τ’
2088 2723 2176 2787 ἐνὶ
2218 2723 2391 2810 κήπῳ

678 2820 895 2895 καρπῷ
939 2809 1270 2892 βριθομένη
1317 2811 1550 2895 νοτίῃσί
1593 2834 1649 2872 τε
1695 2812 2055 2895 εἰαρινῇσιν·

678 2893 760 2969 (ὃς
807 2893 1048 2976 ἕτέρωσ’
1095 2892 1286 2976 ἤμυσε
1334 2895 1487 2976 κάρη
1530 2896 1754 2977 πήληκι
1794 2894 2140 2977 βαρυνθέν,

379 3001 536 3076 quod
581 3001 871 3062 imitando
917 3002 1040 3061 fere
1084 3006 1484 3076 corruperunt
1527 3001 1902 3076 recentiores,
1949 3005 2017 3060 ut
2049 3001 2329 3077 Apollon.
2364 3002 2558 3059 Rhod.
2606 3001 2715 3076 III,

389 3087 819 3161 1399—1401,
867 3085 1070 3155 Quint.
1105 3087 1226 3145 Sm.
1258 3085 1363 3161 IV,
1411 3088 1767 3160 423—429,
1814 3104 1935 3144 non
1982 3087 2134 3144 male
2182 3089 2382 3145 tamen
2427 3087 2721 3161 expressit

380 3169 609 3246 Vergil.
655 3171 803 3230 Aen.
850 3172 952 3246 IX,
998 3173 1123 3231 434
1141 3192 1292 3247 sqq.,
1339 3172 1659 3230 dummodo
1703 3191 1777 3230 ne
1822 3190 2088 3246 pannum
2131 3172 2565 3246 praetexuisset
2608 3168 2718 3229 Ca·

383 3256 530 3313 tullo
576 3255 703 3331 (XI,
752 3257 832 3314 23
858 3276 948 3332 sq.
992 3256 1178 3332 LXII,
1227 3259 1305 3316 39
1336 3254 1452 3331 sq.)
1499 3256 1880 3332 subreptum:

681 3391 763 3399 —
853 3360 1071 3433 „inque
1114 3357 1386 3418 humeros
1431 3359 1630 3417 cervix
1675 3358 1934 3432 collapsa
1969 3358 2278 3433 recumbit,

681 3442 1026 3519 Purpureus
1067 3444 1253 3503 veluti
1300 3463 1434 3501 cum
1477 3444 1586 3501 flos
1632 3444 1890 3502 succisus
1934 3446 2132 3501 aratro

682 3528 1045 3605 Languescit
1088 3529 1377 3600 morienS,
1423 3528 1720 3605 lassove
1763 3547 2146 3604 papavera
2190 3528 2387 3586 collo

682 3613 1069 3673 Demisere
1116 3616 1364 3689 caput,
1412 3613 1678 3687 pluvia
1722 3631 1877 3671 cum
1925 3614 2122 3671 forte
2167 3611 2635 3688 gravantur.“

381 3816 419 3874 b
537 3730 669 3876 38ξὲ
700 3730 1013 3875 dqupyllii
1043 3733 1227 3807 exitu,
1273 3731 1376 3807 qui
1422 3730 1659 3806 quidem
1689 3749 1848 3790 nunc
1876 3734 1967 3789 est
1995 3734 2274 3790 constans
2306 3730 2405 3789 ille
2436 3750 2505 3788 ex
2540 3729 2719 3788 versi-

423 3836 491 3875 us
672 3848 748 3857 —
891 3836 904 3875 ε

690 3914 851 3989 Αἴας
896 3911 957 3976 δ’
1005 3911 1116 3976 ούκ
1159 3913 1412 3994 ἀμέλησε
1455 3912 1839 3995 κασιγνήτοιο
1880 3913 2199 3992 πεσόντος,

682 3995 829 4061 ἀλλὰ
872 3998 1039 4062 θέων
1081 4002 1295 4081 περίβη
1338 4001 1445 4060 καί
1483 4000 1546 4061 οἱ
1585 3997 1769 4072 σάκος
1811 3993 2243 4078 ἀμφεκάλυψε·

687 4085 792 4146 τὸν
830 4083 943 4165 μὲν
986 4082 1174 4147 ἔπειθ’
1221 4081 1520 4147 ὑποδύντε
1566 4083 1693 4145 δύω
1739 4082 1964 4165 ἐρίηρες
2011 4082 2260 4165 ἑταῖροι,

688 4169 1040 4249 Μηκιστεὺς
1078 4166 1293 4250 Ἐχίοιο
1336 4169 1477 4244 πάις
1521 4169 1621 4230 καὶ
1668 4168 1793 4241 δῖος
1832 4167 2146 4249 Ἀλάστωρ,

686 4264 836 4334 νῆας
883 4254 980 4316 ἔπι
1022 4256 1331 4337 γλαφυρὰς
1376 4254 1631 4335 φερέτην
1673 4252 1857 4334 βαρέα
1905 4253 2296 4332 στενάχοντα,

383 4360 482 4437 qui
515 4378 725 4418 versus
753 4365 999 4435 excepto
1042 4362 1236 4437 primo
1280 4393 1364 4401 —
1407 4350 1532 4416 ἀλλ’
1577 4352 1711 4415 οὐδ’
1758 4351 2090 4435 ἀχνύμενός
2135 4377 2245 4432 περ
2291 4352 2392 4417 ἑοῦ
2435 4350 2727 4432 ἀμέλησεν
2760 4365 2822 4411 31

383 4441 615 4521 ἑταίρου
661 4477 741 4486 -
787 4465 1029 4521 prorsus
1071 4446 1249 4505 iidem
1296 4446 1367 4502 N
1397 4444 1733 4502 419—423
1779 4445 2063 4521 leguntur
2106 4443 2177 4501 de
2210 4442 2525 4503 Antilocho
2572 4444 2725 4500 eius-

482 4551 737 4600 Koohly.
765 4552 996 4592 Schriften
1021 4553 1060 4593 1.
2259 4544 2319 4593 10
