3132 5129
1354 347 1767 411 -39-

386 502 779 583 Δημητριαδα
808 502 1060 580 πόλεων,
1104 500 1186 576 ὥς
1216 503 1465 581 εἴρηται.
1522 498 1758 582 ἀνάγκη
1799 499 1866 563 δὲ
1906 501 2006 562 καὶ
2050 500 2159 580 τὴν
2190 501 2475 607 Βοιβηίδα
2505 502 2724 580 λίμνην

379 582 529 649 εἶναι
581 590 872 666 πλησίον,
893 586 1135 685 ἐπειδὴ
1180 587 1281 648 καὶ
1323 584 1362 665 ἡ
1412 588 1597 667 Βοίβη
1654 597 1776 648 τῶν
1818 588 2200 695 περιοικίδων
2242 579 2322 666 ἦν
2365 597 2469 665 τῆς
2519 593 2720 667 Δημη-

384 673 621 750 τριάδος
679 671 782 733 καὶ
834 665 979 733 αὐτὸ
1034 672 1097 733 τὸ
1148 670 1472 752 Ὀρμένιον.
1561 671 1626 733 τὸ
1680 669 1793 751 μὲν
1847 695 1963 733 ουν
2011 669 2315 752 Ὀρμένιον
2368 668 2568 750 ἀπέχει
2617 674 2779 751 τῆς*
2750 671 2814 718 ⁰4

384 755 800 836 Δημητριάδος
864 760 1009 841 πεζῇ
1074 758 1352 830 σταδίους
1420 748 1565 818 ἑπτα
1620 755 1721 818 καὶ
1781 757 2042 830 εἴκοσιν,
2108 753 2140 817 ὁ
2199 756 2264 819 δὲ
2323 766 2427 837 τῆς
2483 753 2728 819 Ἰωλκοῦ

380 842 558 917 τόπος
603 842 674 904 ἐν
716 838 842 927 ὁδῷ
885 844 1158 921 κείμενος
1202 852 1306 923 τῆς
1347 840 1460 922 μὲν
1492 842 1907 922 Δημητριαδος
1953 840 2098 902 ἑπτὰ
2129 844 2405 914 σταδίους
2435 840 2725 921 διέστηκε,

380 938 481 989 τοῦ
546 925 607 989 δ’
675 906 982 1007 Ὀρμενίου
1050 926 1185 1001 τοὺς
1239 926 1480 1000 λοιποὺς
1545 928 1825 1001 σταδίους
1887 927 2092 994 εἴκοσι,
2189 931 2343 989 Tum
2408 933 2725 1006 postquam

377 1016 793 1092 quaestionem
848 1017 1128 1075 tractavit
1172 1016 1246 1073 ab
1292 1016 1555 1092 antiquis
1600 1017 1910 1090 iactatam,
1956 1036 2099 1074 num
2146 1015 2494 1075 Ormenium
2538 1015 2721 1074 Phoe-

378 1102 530 1161 nicis
584 1102 783 1177 patria
834 1101 1045 1172 fuerit,
1109 1120 1167 1176 p.
1210 1101 1331 1159 439
1391 1101 1463 1160 de
1522 1102 1798 1177 Hyperea
1852 1103 2046 1172 fonte,
2106 1101 2321 1159 Titano
2377 1105 2438 1159 et
2480 1100 2724 1159 Asterio

376 1186 647 1246 breviter
677 1186 823 1262 agit.
881 1186 1094 1260 Itaque
1136 1187 1328 1261 primo
1370 1185 1658 1261 adspectu
1703 1187 1924 1259 eadem,
1971 1204 2092 1244 non
2131 1185 2305 1260 plura
2331 1185 2464 1243 loca
2506 1186 2570 1243 in
2601 1185 2722 1244 Ho-

376 1289 541 1329 mero
574 1290 681 1330 suo
709 1272 930 1347 legisse
962 1270 1233 1330 videatur
1259 1271 1658 1347 geographus.
1708 1272 1924 1329 Mirum
1956 1273 2174 1343 tamen,
2206 1270 2368 1345 quod
2398 1272 2459 1328 et
2490 1270 2724 1330 Boebae

377 1355 731 1431 paludisque
779 1355 1093 1415 Boebeidis
1138 1358 1314 1431 atque
1356 1355 1503 1414 Iolci
1548 1355 1766 1414 iterum
1811 1357 1954 1415 facit
1999 1356 2377 1427 mentionem,
2411 1359 2472 1414 et
2501 1354 2721 1414 diserte

376 1441 631 1500 lectores
675 1440 752 1499 ad
796 1460 933 1500 eum
978 1441 1173 1500 locum
1207 1473 1286 1482 —-
1319 1460 1376 1515 p.
1413 1441 1536 1499 436
1568 1473 1650 1481 —
1680 1440 1948 1518 ablegat,
2004 1458 2124 1516 quo
2170 1440 2244 1498 ad
2287 1461 2341 1502 v.
2374 1442 2490 1498 711
2527 1460 2614 1516 sq.
2649 1440 2722 1498 de

376 1526 614 1585 Eumeli
661 1544 848 1621 regno
895 1528 1246 1601 exposuerat
1290 1525 1403 1583 ita:
1445 1518 1622 1600 Ἑξῆς
1667 1519 1733 1583 δὲ
1778 1522 1915 1597 τοὺς
1960 1517 2080 1582 ὑπὸ
2123 1531 2204 1605 τῷ
2235 1518 2494 1605 Ευμήλῳ
2539 1545 2719 1582 κατα-

373 1606 564 1687 λέγει,
623 1600 733 1685 τὴν
786 1611 1006 1686 συνεχῆ
1059 1607 1388 1687 παραλίαν,
1440 1605 1594 1711 ἥπερ
1651 1606 1811 1668 ἐστὶν
1864 1608 1984 1688 ἤδη
2043 1608 2408 1687 Μαγνησίας
2462 1631 2562 1668 και
2618 1608 2719 1685 τῆς

376 1693 850 1772 Πελασγιώτιδος
902 1701 1030 1797 γῆς.
1119 1691 1346 1770 Φεραὶ
1398 1688 1512 1770 μὲν
1583 1685 1696 1753 οὖν
1750 1694 1859 1754 είσι
1913 1692 2096 1795 πέρας
2155 1696 2273 1752 τῶν
2337 1696 2722 1772 Πελασγικων

372 1778 599 1838 πεδίων
652 1776 801 1857 πρὸς
860 1777 969 1856 τὴν
1014 1777 1419 1858 Μαγνησίαν,
1477 1774 1519 1836 α’
1563 1779 1903 1858 παρατείνει
1945 1775 2111 1857 μέχρι
2155 1786 2260 1838 τοῦ
2307 1778 2539 1855 Πηλίου
2584 1795 2717 1837 στα-

371 1862 542 1935 δίους
588 1861 803 1923 ἑκατὸν
859 1860 1163 1941 ἑξήκοντα.
1254 1860 1515 1922 ἐπίνειον
1570 1860 1635 1922 δὲ
1692 1871 1812 1924 τῶν
1859 1866 2080 1937 Φερων
2125 1862 2469 1942 Παγασαὶ
2522 1860 2721 1941 διέχον

374 1944 737 2026 ἐνενήκοντα
797 1948 1070 2019 σταδίους
1137 1943 1372 2024 αὐτῶν,
1439 1937 1739 2008 Ἰωλκοῦ
1803 1946 1868 2008 δὲ
1933 1948 2176 2009 εἴκοσιν.
2273 1943 2311 2025 ἡ
2369 1943 2429 2007 δ’
2483 1942 2718 2020 Ἰωλκὸς

373 2031 772 2093 κατέσκαπται
824 2029 936 2110 μὲν
991 2030 1057 2092 έκ
1099 2033 1390 2109 παλαιοῦ,
1449 2029 1737 2093 ἐντεῦθεν
1791 2030 1852 2093 δ’
1910 2031 2120 2093 ἔστειλε
2177 2025 2279 2091 τὸν
2329 2028 2563 2092 Ἰάσονα
2618 2033 2719 2094 καὶ

375 2115 485 2193 τὴν
524 2113 711 2197 Ἀργω
750 2118 1001 2190 Πελίας·
1045 2114 1165 2177 απὸ
1208 2114 1275 2177 δὲ
1320 2125 1425 2195 τῆς
1471 2118 1809 2197 ναυπηγίας
1855 2125 1961 2196 τῆς
2001 2112 2248 2221 Ἀργοῦς
2294 2115 2392 2176 καὶ
2427 2112 2717 2197 Παγασας

376 2199 659 2281 λέγεσθαι
721 2197 1060 2280 μυθεύουσι
1127 2200 1235 2263 τὸν
1300 2200 1653 2262 τόπον·οί
1713 2200 1780 2262 δὲ
1844 2201 2263 2282 πιθανωτερον
2327 2204 2492 2282 (fort.
2539 2205 2714 2280 -οι)

372 2284 660 2365 ἡγοῦνται
725 2309 987 2365 τουνομα
1060 2288 1140 2371 τῷ
1205 2283 1362 2369 τόπῳ
1436 2292 1691 2365 τεθῆναι
1756 2296 1928 2348 τοῦτο
1991 2283 2110 2347 απὸ
2189 2295 2312 2347 ταῖν
2369 2287 2580 2367 πηγῶν
2650 2290 2718 2349 αἳ

371 2372 586 2432 πολλαί
639 2395 700 2434 τε
760 2372 862 2432 καὶ
914 2373 1189 2447 δαψιλεῖς
1247 2370 1478 2452 ρέουσι·
1538 2372 1790 2451 πλησίον
1842 2373 1910 2433 δὲ
1967 2371 2067 2431 καὶ
2127 2368 2429 2448 Ἀφέται
2489 2368 2571 2444 ὥς
2637 2397 2717 2434 αν

369 2453 699 2561 ἆφετηριόν
743 2480 797 2516 τι
841 2466 961 2518 τῶν
998 2454 1431 2562 Ἀργοναυτῶν.
1524 2466 1628 2537 τῆς
1673 2455 1740 2518 δὲ
1788 2455 2200 2538 Δημητριαδος
2246 2455 2391 2517 ἑπτα
2437 2458 2715 2531 σταδίους

368 2538 713 2644 ὑπέρκειται
768 2551 872 2622 τῆς
926 2544 1227 2621 θαλαττης
1273 2537 1533 2616 Ἰωλκός.
1623 2540 1810 2605 ἔκτισε
1868 2540 1936 2604 δὲ
1995 2540 2331 2643 Δημήτριος
2389 2537 2421 2603 ὃ
2479 2547 2714 2625 πολιορ-

374 2651 560 2707 κητης
606 2624 925 2707 έπωνυμον
969 2626 1185 2688 ἑαυτοῦ
1229 2627 1340 2705 τὴν
1372 2627 1758 2708 Δημητριάδα
1802 2620 2021 2707 μεταξυ
2067 2628 2330 2706 Νηλείας
2376 2627 2477 2688 καὶ
2510 2632 2712 2709 Παγα-

369 2722 494 2773 σῶν
538 2712 636 2774 ἐπὶ
667 2709 936 2796 θαλαττῃ
967 2736 1070 2785 τας
1100 2713 1352 2792 πλησίον
1379 2713 1661 2792 πολίχνας
1692 2714 1776 2787 εἰς
1805 2710 1999 2793 αὐτὴν
2025 2713 2395 2789 συνοικίσας,
2444 2713 2715 2791 Νήλειάν

373 2822 431 2861 τε
486 2799 589 2860 καὶ
636 2797 927 2878 Παγασας
983 2798 1083 2859 καὶ
1131 2794 1543 2878 Ὀρμένιον,
1602 2797 1684 2858 ἔτι
1741 2795 1808 2858 δὲ
1854 2794 2152 2873 Ῥιζοῦντα
2199 2796 2484 2877 Σηπιάδα
2522 2794 2711 2858 Ὀλι-

370 2886 459 2956 ζω
480 2908 565 2943 να
624 2883 905 2963 Βοίβην
956 2879 1277 2958 Ἰωλκόν,
1334 2885 1400 2942 αι
1444 2882 1520 2962 δὴ
1569 2892 1686 2944 νῦν
1730 2885 1842 2944 εἰσι
1884 2893 2079 2963 κωμαι
2123 2891 2227 2963 τῆς
2277 2884 2709 2963 Δημητριάδος.

371 2971 483 3030 Hic
537 2973 798 3047 primum
854 2971 1102 3030 offendit
1160 2971 1517 3047 Pagasae,
1576 2971 1772 3031 locum
1827 2972 2337 3048 antiquissimum,
2399 2972 2460 3030 in
2504 2976 2710 3032 nostro

370 3056 645 3132 catalogo
676 3074 798 3115 non
827 3055 1152 3130 nominari;
1196 3056 1409 3115 deinde
1441 3055 1712 3115 videmus
1745 3056 2117 3130 Strabonem,
2152 3076 2283 3115 cum
2315 3056 2462 3115 fines
2493 3076 2707 3132 regno-

366 3160 498 3200 rum
530 3140 767 3200 Eumeli
797 3143 859 3200 et
886 3141 1180 3217 Eurypyli
1210 3141 1354 3200 satis
1398 3141 1624 3200 vicinos
1668 3144 1731 3200 et
1773 3160 1962 3215 paene
2007 3142 2288 3201 confusos
2332 3159 2460 3201 esse
2490 3141 2707 3216 videat,

368 3227 483 3284 iam
547 3226 658 3285 hoc
714 3226 846 3285 loco
899 3225 972 3284 de
1028 3225 1326 3286 Ormeni
1392 3244 1716 3301 exponere,
1783 3226 1948 3286 cuius
2015 3230 2076 3286 et
2135 3226 2320 3302 ipsius
2382 3226 2609 3286 incolae
2675 3248 2711 3286 a

365 3310 674 3370 Demetrio
720 3312 783 3369 in
825 3329 1040 3370 novam
1084 3311 1499 3388 cognominem
1547 3311 1753 3370 urbem
1799 3312 2022 3370 fuerint
2066 3312 2269 3370 coacti.
2346 3311 2456 3370 Cui
2487 3313 2708 3387 oppido

364 3414 495 3454 cum
539 3396 637 3455 bic
681 3396 1009 3456 arctissime
1054 3395 1285 3455 Neliam
1331 3399 1393 3455 et
1435 3395 1698 3473 Pagasas
1742 3397 1878 3457 illas
1922 3397 2210 3473 adiungat
2253 3396 2468 3457 diserte
2513 3398 2589 3455 ab
2635 3417 2706 3456 eo

364 3482 631 3556 quinque
689 3481 837 3540 alias
891 3481 1097 3554 urbes,
1153 3499 1227 3539 ex
1279 3480 1497 3556 quibus
1552 3481 1751 3541 Iolcus
1806 3484 1868 3542 et
1908 3482 2110 3542 Boebe
2156 3481 2436 3553 Eumelo,
2498 3480 2708 3541 Olizon

365 3585 421 3626 v.
469 3567 591 3624 717
641 3565 1007 3624 Philoctetae
1052 3566 1423 3643 adsignatur,
1471 3584 1778 3642 separans;
1836 3586 1970 3627 cum
2015 3586 2192 3644 porro
2239 3567 2300 3625 in
2344 3567 2531 3625 altero
2577 3568 2706 3626 loco

365 3650 437 3708 ad
484 3650 848 3710 Boebeidem
892 3651 1171 3726 paludem
1221 3670 1427 3711 rursus
1470 3653 1833 3724 revertatur,
1880 3652 2035 3710 haud
2080 3652 2201 3711 scio
2245 3671 2321 3710 an
2367 3652 2527 3726 ipsas
2571 3652 2705 3711 illas

366 3736 545 3795 urbes
590 3736 701 3795 hoc
746 3736 871 3795 fere
914 3735 1088 3794 modo
1132 3740 1272 3811 post
1317 3757 1372 3798 v.
1407 3737 1530 3796 734
1574 3737 1819 3815 legerit:

674 3843 944 3922 Νηλείην
988 3842 1281 3923 Παγασάς
1327 3867 1386 3905 τε
1431 3844 1616 3925 παραὶ
1662 3845 1948 3924 Βοιβηίδα
1992 3844 2224 3924 λίμνην.

365 3957 539 4016 Certe
596 3957 742 4016 olim
800 3956 860 4015 in
918 3948 1352 4016 constituendis
1410 3958 1800 4020 finitimorum
1856 3978 2174 4036 regnorum
2231 3958 2449 4017 finibus
2500 3958 2702 4018 turba-

364 4045 489 4100 tum
547 4059 680 4102 esse
735 4041 916 4100 etiam
971 4061 1044 4100 ex·
1096 4042 1171 4100 iis
1228 4046 1505 4119 apparet,
1572 4064 1724 4118 quae
1782 4044 1971 4106 Schol.
2017 4044 2089 4103 ad
2146 4044 2321 4103 Pind.
2369 4043 2546 4121 Pyth.
2594 4043 2701 4114 IV,

365 4128 480 4184 221
545 4125 631 4204 [p.
681 4127 801 4185 357
849 4126 1136 4205 Βοθοὶὼ]
1193 4129 1407 4188 refert‘
1475 4122 1605 4186 κατ’
1671 4124 1867 4199 ένίους
1923 4123 1990 4187 δὲ
2046 4149 2146 4187 και
2201 4125 2496 4199 ἔκδυσις
2553 4123 2700 4207 παρ’

352 4205 582 4293 Ομήρω
627 4230 816 4281 ουτως
861 4206 1006 4287 {ssa

670 4310 731 4370 οι
774 4307 841 4369 δὲ
886 4302 1082 4390 Φερας
1127 4309 1402 4389 ἐνέμοντο
1447 4310 1559 4374 ίδὲ
1605 4311 1891 4391 κρήνην
1926 4308 2323 4392 Ὑπέρειαν.

526 4416 659 4474 Iam
703 4414 754 4474 si
799 4433 918 4474 uno
973 4414 1190 4474 obtutu
1247 4417 1636 4493 catalogistae
1692 4420 1881 4475 artem
1939 4418 2363 4492 percurrimus,
2433 4418 2703 4479 videmus
2734 4429 2798 4476 ‘25
