3132 5129
1265 454 1346 464 -
1433 417 1582 503 489,
1649 454 1727 465 -

328 574 658 633 Meinekius
716 574 779 632 in
834 574 1128 649 supplem.
1177 595 1235 649 p.
1284 576 1437 649 476,
1504 576 1915 651 persuasitque
1967 577 2304 655 Hartungo.
2398 577 2515 637 Sed
2570 578 2666 637 hic

330 659 572 735 quidem
630 655 854 734 μισθός
908 660 1186 733 displicet
1240 658 1314 717 de
1371 660 1652 719 victoriae
1707 661 1970 736 praemio
2026 662 2273 721 dictum.
2334 694 2415 704 —
2461 663 2533 721 V.
2587 665 2663 721 13

327 736 786 820 λιποματορα
832 764 902 803 ex
947 745 1169 819 optima
1199 743 1468 804 Piersoni
1515 746 1928 805 emendatione
1974 747 2203 821 scripsi.
2267 748 2464 823 Vulgo
2510 747 2662 806 ἰσο-

323 825 583 906 μᾰιορα,
645 830 803 904 quod
860 833 923 888 et
977 829 1260 888 insolenti
1316 830 1483 889 verbi
1540 826 1650 898 θές
1704 830 2093 906 productione
2139 836 2200 889 et
2242 834 2435 909 magis
2479 834 2661 892 etiam

331 914 766 992 significatione
812 914 1091 973 offendit:
1148 934 1338 989 neque
1394 916 1551 974 enim
1599 914 1781 992 Verg.
1828 915 1979 977 Aen.
2027 916 2127 991 IX,
2177 918 2296 975 627
2344 918 2661 993 „iuven-
2711 926 2718 931 '

326 1019 489 1058 cum
552 998 904 1058 candentem
961 999 1415 1075 pariterque
1473 1004 1700 1075 caput
1755 1019 1910 1059 cum
1966 1005 2204 1060 matre
2248 1002 2663 1063 ferentem“

329 1086 566 1144 adferre
610 1083 934 1176 debebant,
994 1103 1129 1142 cum
1174 1084 1325 1143 alius
1381 1085 1462 1143 sit
1503 1086 1816 1160 iuvencus,
1874 1085 2027 1145 alius
2071 1087 2289 1161 agnus!
2340 1118 2413 1128 —-
2464 1086 2538 1147 V.
2589 1091 2662 1146 17

328 1171 512 1246 vulgo
564 1156 641 1224 τὸ
697 1164 877 1226 πλέον
919 1130 1264 1245 legebatur,
1325 1188 1433 1244 pro
1490 1188 1608 1244 quo
1654 1170 1985 1229 Ahrensius
2031 1163 2118 1227 τύ
2163 1172 2419 1246 scripsit.
2512 1172 2666 1230 Tum

329 1276 382 1314 v.
430 1254 703 1329 sequenti
749 1272 867 1311 non
914 1272 1154 1347 possum
1199 1272 1322 1312 non
1365 1254 1603 1329 mirari,
1652 1255 1812 1330 quod
1855 1257 2211 1314 recentiores
2256 1275 2460 1315 οιιιιιο3
2496 1255 2665 1314 War-

328 1341 455 1398 toni
530 1337 927 1402 coniecturam
990 1327 1182 1394 καλᾶν
1248 1335 1381 1414 ἔχω
1447 1343 1800 1414 receperunt
1866 1360 2015 1416 quae
2079 1344 2219 1416 post
2277 1330 2356 1398 ἃν
2422 1336 2667 1434 ἐποίησα

327 1424 577 1483 mirifice
608 1423 886 1498 languet3
932 1423 1106 1497 plane
1136 1424 1256 1483 alia
1286 1427 1379 1482 est
1420 1424 1825 1499 responsionis
1871 1445 1928 1484 v.
1975 1426 2051 1483 21
2096 1426 2271 1519 rati0,
2319 1425 2422 1484 ubi
2468 1414 2666 1503 κήγω

325 1511 400 1567 ad
450 1508 801 1567 antecedens
845 1502 959 1584 ἐγώ
1004 1509 1263 1584 respicit,
1312 1508 1405 1567 cui
1449 1527 1626 1567 nemo
1655 1527 1778 1568 non
1823 1530 1892 1568 ex
1938 1507 1998 1567 τί
2034 1498 2155 1585 μὰν
2197 1513 2464 1584 θησεῖς
2508 1512 2665 1586 cogi·

331 1593 515 1653 tando
560 1592 739 1651 addet
779 1591 1003 1668 θησῶ.
1053 1625 1129 1635 —-
1176 1593 1302 1652 Nec
1342 1593 1539 1652 minus
1585 1594 1938 1670 mirandum,
1987 1596 2147 1670 quod
2190 1615 2246 1657 v.
2288 1597 2361 1654 19

678 1701 897 1770 λευκὸν
939 1703 1128 1789 παρὸν
1172 1709 1409 1788 ἔχωσαν
1452 1710 1588 1770 ἴσον
1630 1705 1790 1771 κάτω
1837 1703 1964 1771 ἴσον
2009 1705 2252 1774 ανωθεν

331 1834 486 1891 male
535 1832 715 1908 vulgo
762 1833 1056 1907 repetitus
1099 1835 1237 1906 post
1266 1851 1324 1890 v.
1360 1832 1438 1889 21
1469 1832 1565 1891 hic
1597 1851 1631 1889 a
1660 1834 1896 1892 nemine
1943 1833 2082 1892 dum
2128 1834 2399 1892 sublatus
2444 1837 2669 1892 est.—-
2613 1850 2620 1855 ·

332 1917 405 1979 V.
455 1918 533 1974 24
580 1935 650 1975 ex
696 1917 883 1976 altera
930 1916 1210 1975 Meinekii
1255 1917 1668 1976 emendatione
1714 1919 1999 1993 supplem.
2040 1940 2098 1994 p.
2131 1920 2253 1977 477
2301 1918 2457 1978 dedi.
2530 1918 2669 1977 Ele-

341 2006 556 2078 ganter
598 2006 797 2059 tamen
844 2005 1021 2076 atque
1066 2001 1316 2060 fortasse
1361 2021 1498 2061 vere
1543 2001 1761 2060 collato
1791 2003 1862 2078 X,
1897 2003 1977 2060 55
2010 2003 2363 2098 Hartungus
2409 1993 2670 2078 κάλαμος

327 2083 427 2142 διά
491 2106 588 2143 νιν
644 2082 912 2161 σχισθεὶς
973 2081 1311 2161 ἐπέτμηξεν.
1418 2086 1535 2145 Sed
1583 2086 1743 2161 quod
1796 2085 1979 2163 vulgo
2023 2088 2247 2183 legitur
2287 2079 2545 2163 κάλαμός
2596 2108 2668 2162 με

332 2167 704 2246 διασχισθεὶς
751 2165 1058 2244 διέτμαξεν
1100 2176 1223 2229 tam
1266 2171 1522 2229 immane
1568 2174 1660 2230 est
1688 2204 1770 2213 —
1804 2176 1934 2229 tum
1965 2173 2122 2230 enim
2169 2172 2431 2233 calamus
2474 2174 2667 2247 ipsum

328 2276 579 2332 puerum
604 2255 921 2314 dividisset
940 2274 1127 2330 aeque
1152 2255 1387 2313 fortiter
1426 2258 1659 2330 atque,
1666 2255 2009 2328 ,fortissima
2032 2256 2551 2332 Tyndaridarum“
2569 2289 2665 2331 -,

329 2345 398 2401 ut
428 2340 758 2417 indigneris
788 2340 1064 2400 relictum
1097 2359 1221 2398 esse
1253 2339 1560 2415 discipulis
1590 2359 1627 2396 a
1653 2339 2002 2399 FritzschiO.
2021 2373 2101 2381 -—
2129 2340 2204 2400 V.
2231 2334 2311 2401 25
2344 2342 2665 2412 Menalcae,

330 2447 390 2486 v.
423 2429 501 2485 26
536 2444 622 2500 sq.
655 2425 957 2529 Daphnidi
1001 2426 1232 2500 primus
1278 2429 1438 2483 recte
1482 2424 1824 2501 adsignavit
1865 2425 2216 2500 Abrensius,
2262 2426 2365 2501 qui
2410 2429 2472 2484 et
2503 2445 2557 2485 v.
2588 2427 2665 2483 27

331 2532 362 2572 e
408 2511 722 2571 scholiasta
768 2531 814 2569 ω
866 2509 1037 2570 dedit
1078 2528 1187 2586 pro
1224 2497 1303 2613 ὦ.
1339 2539 1418 2549 —-
1449 2508 1672 2568 Contra
1715 2509 1877 2585 quod
1919 2509 2080 2569 idem
2123 2509 2484 2586 obsequente
2516 2510 2666 2569 Har-

332 2603 517 2672 tungo
554 2629 628 2638 —
660 2597 762 2671 qui
793 2614 865 2655 ex
899 2615 967 2656 eo
998 2615 1054 2655 v.
1095 2596 1175 2654 28
1212 2568 1385 2671 ηθελ’
1431 2587 1688 2652 ἀκοῦσαι
1729 2596 1931 2670 posuit
1958 2627 2038 2636 —
2069 2616 2127 2654 v.
2161 2597 2239 2655 29
2273 2596 2464 2668 eiecit,
2514 2596 2667 2654 male

331 2681 489 2740 fecit.
558 2682 741 2740 Amat
775 2681 932 2739 enim
969 2682 1165 2756 poesis
1203 2679 1483 2740 bucolica
1502 2679 1611 2738 tali
1652 2678 1936 2739 similium
1972 2680 2290 2740 verborum
2321 2680 2668 2740 assonantia

330 2785 526 2825 rerum
572 2767 1051 2842 progressionem
1094 2764 1373 2837 indicare,
1422 2767 1483 2824 et
1526 2765 1706 2824 latuit
1748 2765 2108 2840 interpretes
2150 2765 2323 2824 illum
2370 2786 2424 2826 v.
2457 2767 2537 2825 25

584 2896 729 2959 ἄλλά
774 2922 859 2972 τις
902 2897 1061 2977 ἄμμε
1105 2904 1379 2976 κρινεῖς
1426 2898 1511 2970 τίς
1556 2893 1870 2969 ἐποίκους
1913 2896 2137 2958 ἔσσεται
2180 2894 2413 2976 ἆμέων;

332 3023 425 3081 his
482 3021 712 3080 duobus
767 3020 1190 3081 circumscribi.
1287 3019 1445 3079 Hinc
1502 3022 1565 3079 et
1620 3040 1677 3080 v.
1727 3022 1806 3079 28
1860 3039 1930 3078 ex
1990 3020 2233 3095 optimis
2299 3020 2470 3078 libris
2535 3038 2667 3077 cum

332 3105 628 3165 Ahrensio
674 3101 1062 3163 ἐπακοῦσαι
1122 3105 1498 3165 scribendum
1546 3104 1665 3163 fuit
1708 3123 1819 3179 pro
1864 3100 2237 3180 ἐπακούσας,
2282 3105 2442 3180 quod
2488 3104 2668 3163 ceteri

333 3192 740 3267 retinuerunt,
788 3189 851 3250 et
892 3186 1074 3267 ἤθελε
1117 3187 1377 3266 κρίνειν
1387 3209 1443 3250 v.
1490 3191 1569 3249 29
1617 3190 1690 3248 de
1735 3190 1990 3264 caprarii
2034 3191 2268 3249 intento
2315 3190 2455 3248 dum
2500 3189 2668 3264 pueri

331 3279 554 3336 canunt
613 3274 776 3352 (hinc
830 3265 1063 3351 αειδον,
1117 3293 1239 3334 ιιοιι
1294 3270 1537 3351 ἄεισαν)
1585 3274 1885 3334 iudicandi
1930 3274 2129 3335 studio
2175 3274 2667 3350 intellegendum,

331 3381 452 3421 non
496 3362 567 3420 de
612 3361 861 3420 consilio
905 3361 1031 3420 eius
1075 3363 1213 3436 post
1257 3360 1456 3421 finitas
1502 3361 1741 3418 demum
1799 3361 2102 3466 cantiones
2147 3359 2462 3420 declarato,
2553 3357 2669 3417 Sed

330 3447 435 3522 qui
478 3450 619 3522 post
664 3466 719 3508 v.
768 3447 845 3504 31
893 3446 1075 3522 vulgo
1119 3445 1341 3522 legitur
1384 3463 1592 3505 versus

636 3576 1029 3659 βουκολικάν·
1076 3575 1236 3639 οὕτω
1280 3575 1344 3638 δὲ
1392 3571 1715 3651 Μενάλκας
1759 3577 1977 3658 ἄρξατο
2021 3585 2278 3658 πρᾶτος,

336 3719 647 3794 ignoratus
693 3717 872 3775 ctiam
915 3717 980 3775 in
1024 3717 1281 3792 scholiiS,
1329 3736 1462 3776 eum
1508 3735 1696 3775 unum
1739 3717 1865 3777 sine
1909 3717 2090 3776 dubio
2136 3718 2254 3775 iam
2300 3714 2525 3774 dudum
2572 3712 2670 3770 de·

335 3802 581 3860 lendum
628 3801 920 3861 vidissent
960 3803 1347 3877 interpretes,
1403 3802 1521 3861 nisi
1577 3800 1817 3859 omnino
1873 3802 1935 3860 in
1980 3799 2367 3878 discerpendo
2413 3797 2672 3858 carmine

339 3888 515 3946 nimis
560 3889 806 3962 fortes,
814 3887 1080 3962 ,minima
1124 3886 1371 3945 curare“
1415 3887 1588 3945 obliti
1633 3888 1850 3944 essent.

504 3973 593 4031 De
646 3973 908 4031 carmine
965 3971 1259 4047 dactylico
1316 3970 1535 4031 Graefii
1591 3971 1966 4045 aliorumque
2017 3990 2133 4066 ope
2188 3970 2470 4028 restituto
2529 3968 2672 4025 satis

335 4059 453 4114 iam
514 4076 695 4132 supra
751 4056 996 4115 dictum.
1088 4057 1401 4114 Praeterea
1444 4076 1501 4114 v.
1548 4057 1628 4114 33
1673 4051 1858 4131 γάνος
1919 4054 2125 4130 scripsi
2170 4073 2280 4130 pro
2325 4049 2494 4130 γένος
2539 4071 2672 4111 cum

339 4141 667 4218 Meineki03
715 4161 772 4200 v.
809 4142 888 4200 34
932 4131 1051 4221 ᾆσα
1094 4159 1202 4216 pro
1246 4130 1355 4223 ᾇσε
1400 4160 1431 4200 e
1477 4141 1647 4199 libris
1692 4159 1822 4199 cum
1871 4139 2192 4216 Ahrensio;
2250 4159 2308 4198 v.
2356 4140 2434 4198 36
2480 4132 2672 4215 α’γων,

337 4225 496 4300 quod
540 4245 650 4302 ego
698 4244 930 4324 quoque
975 4227 1035 4285 in
1081 4203 1534 4286 scholiastarum
1581 4220 2029 4302 ἐπιφερόμενος,
2075 4221 2298 4300 νέμων,
2345 4218 2673 4284 ἐπιστατων

337 4310 744 4372 notationibus
801 4312 1172 4388 inveneram,
1244 4331 1378 4372 cum
1440 4311 1786 4369 Ahlwardto
1839 4309 2136 4369 Meinekio
2192 4310 2510 4388 Hartungo
2564 4327 2671 4385 pro

338 4390 521 4470 ἔχωνς
568 4398 697 4454 tum
731 4418 786 4456 v.
819 4397 900 4454 44
931 4392 1033 4454 καὶ
1077 4389 1149 4454 τὰ
1193 4393 1342 4473 βοτά
1387 4416 1495 4472 pro
1539 4394 1644 4472 χαί
1679 4391 1931 4473 βοτάναι
1974 4414 2106 4454 οιιιιι
2137 4395 2450 4468 Meinekio,
2497 4413 2673 4473 quem

339 4484 576 4541 secutus
642 4485 733 4543 est
798 4481 1177 4561 Hartungus3
1246 4503 1300 4544 v.
1346 4483 1428 4539 42
1494 4478 1752 4540 πιδῶσιν
1818 4500 1889 4541 ex
1955 4481 2315 4558 optimorum
2379 4480 2669 4542 librorum

2700 2909 2768 2956 26
