3132 5129
1221 371 1683 435 -409—

284 527 617 589 attulimus,
709 528 781 585 V.
821 528 935 586 194
980 528 1140 586 haud
1186 530 1306 588 scio
1352 549 1427 587 an
1472 548 1581 603 pro
1628 522 1737 586 ἑνὶ
1779 525 2008 609 πέτρῃ
2052 529 2372 605 legendum
2417 530 2497 588 sit
2543 524 2620 587 ἐν

285 607 569 693 ἕρίπνῃ.
648 611 868 671 Statim
912 614 1028 671 tria
1070 613 1188 672 alia
1229 615 1372 672 noto
1418 614 1479 672 M
1529 614 1808 673 beneficia
1853 614 1914 672 in
1960 614 2167 673 eodem
2211 614 2364 673 libro
2411 615 2617 675 obvia:

284 718 342 756 v.
392 699 509 756 201
573 715 681 772 pro
728 700 1008 773 corrupto
1054 693 1294 774 αἰθέρος
1339 695 1576 775 αἴγων
1617 693 1857 783 &quue
1901 698 2158 758 dilucide
2203 699 2477 774 praebet:
2535 698 2618 758 αι’.

284 778 505 839 ἔνδον
549 779 697 858 ἄγω
739 797 848 856 σε,
896 783 1054 857 quod
1088 781 1362 841 Cunaeus
1408 786 1702 858 repperit,
1750 783 2089 857 repudiavit
2121 782 2390 843 Graefius
2434 776 2621 840 οἰστὸν

284 858 407 943 ἄγω
450 882 514 925 σε
558 867 915 942 praeferens·
1002 867 1155 925 Tum
1198 887 1254 927 v.
1302 868 1423 926 273
1470 868 1949 928 emendationem
1992 866 2253 943 perficit:

587 1006 630 1043 π
642 987 674 1043 λ
689 1005 716 1043 ε
728 1006 763 1043 κ
778 1005 807 1042 τ
820 992 875 1067 ᾧ
919 977 1259 1063 βοτρυόεντι
1303 1005 1338 1041 κ
1353 979 1396 1042 v'
1405 986 1536 1062 μαζ
1577 979 1898 1064 ἐβαρύνετο
1940 990 2185 1067 καρπῷ,
2661 994 2721 1041 13

286 1104 389 1163 ubi
440 1122 548 1180 pro
605 1100 801 1180 κύμαζ
854 1102 966 1182 (ita
1020 1106 1199 1163 etiam
1257 1105 1345 1180 M)
1405 1125 1440 1163 a
1484 1105 1930 1181 Falkenburgio
1987 1105 2050 1163 in
2108 1100 2346 1179 κόμας
2387 1107 2620 1165 mutato

286 1190 525 1266 egregie
581 1188 853 1249 Graefius
907 1191 971 1247 in
1025 1190 1209 1265 praef.
1255 1210 1314 1265 p.
1360 1189 1505 1247 XIII
1552 1183 1745 1264 κᾶμαξ
1791 1189 2045 1265 scripsit.
2135 1188 2358 1247 Verum
2404 1196 2624 1271 καρπῷ

287 1275 442 1332 male
485 1277 547 1332 et
591 1274 811 1350 duplici
858 1276 919 1332 et
962 1294 1080 1332 uno
1127 1275 1329 1350 inepto
1375 1277 1655 1333 oneratur
1697 1275 1992 1350 epithetO,
2037 1275 2197 1349 quod
2243 1293 2349 1334 suo
2393 1275 2621 1334 nomini

286 1362 442 1418 recte
486 1358 776 1417 adtribuit
822 1360 912 1417 M:
958 1356 1257 1431 πλεκτή.
1332 1360 1640 1419 Postremo
1684 1380 1743 1419 v.
1770 1360 1898 1419 400
1922 1354 2180 1436 ἑορταῖς
2224 1359 2618 1434 confirmavit,

284 1444 446 1519 quod
477 1443 775 1519 Lehrsius,
824 1443 1203 1504 acutissimus
1248 1445 1449 1521 legum
1493 1444 1794 1519 epicarum
1841 1443 2209 1519 observator,
2255 1444 2318 1502 in
2361 1448 2619 1519 quaestt.

285 1548 422 1604 epp.
454 1549 512 1603 p.
538 1530 659 1587 256
706 1547 816 1602 pro
863 1530 1127 1605 vulgate,
1171 1528 1275 1589 sed
1302 1528 1441 1587 huic
1470 1532 1684 1604 poetae
1714 1529 1983 1588 inaudito
2016 1522 2256 1606 ἑορτῶν
2285 1529 2620 1604 proposuit.

458 1612 659 1687 XVII,
708 1614 807 1672 86.

592 1706 857 1792 Βότρυος
901 1708 1224 1773 οἰνοτόκοιο
1269 1732 1304 1770 v
1390 1734 1426 1774 *
1509 1734 1545 1774 *
1629 1736 1665 1774 ια
1748 1735 1784 1774 *

294 1835 448 1905 Quid
508 1834 616 1909 sit,
674 1834 1019 1910 scriptorem
1078 1853 1250 1893 suum
1297 1833 1479 1910 probe
1523 1851 1726 1909 nosse,
1785 1851 1855 1891 ex
1899 1833 2011 1892 hoc
2055 1834 2323 1910 exemplo
2369 1834 2622 1910 perspici

286 1922 503 1995 potest.
592 1918 843 1977 Versum
900 1920 963 1977 in
1021 1919 1111 1977 ed.
1172 1938 1262 1995 pr.
1310 1919 1522 1978 misere
1565 1920 1903 1978 truncatum
1950 1919 2249 1995 praeclare
2295 1922 2623 1979 restaurare

276 2005 530 2063 studuit
573 2002 874 2063 Graefius:

590 2119 839 2198 βότρυος
883 2118 1210 2180 οἰνοτόκοιο
1255 2116 1475 2192 νέους
1518 2117 1859 2200 ὄρπηκας
1905 2116 2239 2199 ἐγείρειν.

287 2241 368 2299 Et
410 2241 614 2316 priora
657 2241 774 2299 duo
820 2241 1061 2299 nomina
1105 2240 1480 2305 confirmavit
1518 2240 1600 2316 M,
1648 2240 1710 2298 in
1741 2260 1858 2315 quo
1890 2239 2066 2315 paulo
2096 2240 2385 2316 integrior
2419 2260 2625 2299 versus

162 2394 165 2397 ¹
286 2325 397 2385 hoc
440 2325 614 2385 modo
658 2325 907 2403 legitur:
960 2318 1215 2396 Βότρυος
1261 2321 1737 2383 οἰνοτόκοιον
1781 2321 1988 2401 ἔορας
2032 2343 2270 2399 πηκας
2314 2315 2377 2381 o'c’
2429 2320 2622 2402 (sic!).

291 2409 409 2469 Sed
456 2430 531 2469 ne
572 2411 719 2469 illud
767 2404 932 2485 ἄλφα
976 2411 1216 2486 quidem
1262 2410 1505 2469 inutile:
1553 2410 1728 2469 docet
1770 2410 1931 2468 enim
1974 2409 2224 2468 verbum
2270 2428 2387 2468 non
2433 2403 2624 2487 ἐγεί-

289 2514 449 2574 ρειν
492 2495 705 2571 fuisse,
755 2495 856 2553 sed
898 2485 1161 2568 ἀέξειν.

457 2580 615 2640 Ibid.
666 2581 808 2639 222.

592 2678 713 2740 Καὶ
756 2673 926 2760 χροὸς
970 2677 1145 2759 ἔβλυε
1190 2678 1476 2759 λύθρον
1520 2673 1837 2759 ἐπήρατον.

293 2803 381 2860 De
425 2800 714 2878 sanguine
759 2801 854 2859 hic
897 2819 1018 2860 non
1050 2818 1382 2860 sermonem
1416 2819 1562 2875 esse,
1611 2819 1743 2859 cum
1777 2800 2093 2875 „laciniam
2124 2800 2455 2860 curiosulus
2488 2818 2623 2860 ven·

291 2891 390 2946 tus
441 2887 590 2945 satis
633 2889 904 2944 amanter
948 2886 1263 2945 lasciviens
1308 2885 1509 2960 reflat,
1569 2888 1638 2944 ut
1681 2886 1907 2944 dimota
1950 2905 2020 2945 ea
2062 2888 2268 2960 pateat
2310 2885 2419 2944 flos
2465 2888 2620 2944 aeta-

290 2970 511 3046 tulae“,
561 2973 740 3029 etiam
784 2971 1093 3046 sequentia
1138 2970 1379 3044 docent,
1426 2971 1529 3029 ubi
1575 2970 1806 3029 Baccha
1849 2970 2355 3059 vestemcolligit

592 3083 789 3165 γυμνὰ
834 3084 1254 3165 φυλασσομένη
1299 3083 1615 3164 χιονώδεος
1658 3084 1832 3166 ὄργια
1874 3094 2090 3166 μηροῦ.

291 3208 499 3284 Itaque
559 3226 681 3266 non
734 3207 969 3283 dubito,
1038 3209 1183 3283 quin
1235 3206 2033 3285 ‹plitoov‘emendandum
2079 3208 2188 3282 sit,
2240 3207 2398 3283 quod
2441 3207 2624 3266 etiam

293 3293 569 3368 ambiguo
616 3292 796 3351 verbo
845 3288 1017 3369 ἕβλυε
1060 3294 1329 3367 apprime
1371 3292 1708 3351 concordat.

460 3376 692 3452 XVIII,
740 3379 841 3436 59.

595 3477 1015 3554 Οἰστρομανεῐς
1058 3473 1181 3535 καὶ
1227 3475 1432 3549 Πᾶνες
1476 3472 1777 3553 έθήμονος
1822 3471 2031 3549 ὑψόθι
2070 3473 2287 3554 πέτρης
2333 3509 2414 3518 -

289 3597 560 3656 Insolens
607 3599 699 3656 est
740 3597 1008 3671 positura
1051 3598 1401 3673 particulae.
1472 3597 1717 3656 Poterat
1760 3595 1834 3654 οἰ.
1881 3589 1941 3653 δ’
1991 3590 2033 3653 ἅ
2044 3617 2141 3672 μα
2176 3597 2382 3665 Πᾶνες
2427 3595 2624 3656 scribi.

290 3681 636 3826 ggdssilcofflz
670 3681 1084 3808 antecedentia
1127 3682 1497 3758 respicimus,
1542 3685 1711 3757 patet
1755 3699 1890 3740 eum
1932 3681 2167 3740 dedisse
2198 3714 2277 3723 —-
2311 3698 2505 3741 sermo
2535 3683 2626 3738 est
2670 3719 2692 3735 ,

592 3863 827 3944 μόχθον
871 3861 1318 3926 ὖποκλέπτουσα
1363 3864 1823 3945 βαθυκρήμνοιο
1865 3858 2160 3925 κελεύθου

594 3948 957 4028 οἶστρομανή
962 3975 992 4023 ς
1010 3969 1024 3983 ·
1072 3973 1108 4010 κ
1120 3973 1159 4009 α
1176 3949 1196 4011 ἶ
1243 3951 1446 4023 Πᾶνες
1493 3948 1790 4028 έθήμονος
1842 3945 2038 4022 ὑψόθι
2081 3946 2295 4028 πέτρης
2339 3954 2452 4010 etc.

457 4053 737 4197 Ib¹dk321
749 4058 861 4216 1Κ.ρ
874 4159 906 4198 ο
919 4162 957 4198 ν
970 4138 1096 4215 [δη
1138 4160 1176 4197 ν
1190 4137 1262 4197 lx
1277 4159 1304 4197 ε
1316 4152 1351 4195 σ
1364 4154 1400 4197 σ
1415 4158 1442 4197 ε
1486 4135 1588 4196 καὶ
1629 4133 1817 4212 ἤθελε
1860 4137 2099 4212 μείζονα
2144 4135 2340 4213 νίκην.

288 4239 488 4317 Verba
516 4261 801 4333 corrupta
828 4260 892 4318 in
930 4256 1260 4337 Κρονίδην
1292 4255 1626 4316 νείκεσσε
1658 4259 2062 4315 mutaverunt.
2126 4256 2295 4327 Quod
2326 4254 2626 4332 quomodo

288 4342 545 4402 invidiae
589 4343 822 4418 Bacchi,
878 4345 980 4419 qui
1027 4365 1082 4404 v.
1109 4345 1232 4403 313
1278 4342 1495 4402 dicitur
1540 4340 1717 4420 ζῆλον
1747 4338 1897 4417 ἔχων
1925 4338 2244 4418 Κρονίδαο,
2288 4341 2623 4415 conveniat,

285 4445 408 4486 non
453 4427 599 4487 satis
641 4429 954 4504 perspicio,
1045 4429 1253 4488 Potius
1316 4424 1545 4505 Κρονίδ
1557 4448 1596 4507 ῃ
1645 4421 1999 4502 νεμέσησε
2045 4425 2523 4486 desideraverim.
