3132 5129
1363 372 1821 435 -140-

422 535 594 593 huius
640 533 754 593 loci
799 531 1042 607 ineptiis
1087 549 1324 591 causam
1369 529 1691 590 habeamus
1736 530 1882 590 satis
1926 547 2190 605 gravem,
2239 529 2316 588 ob
2360 546 2537 602 quam
2584 527 2765 585 inter-

423 619 681 694 polatori
725 616 1215 692 interpolatorem
1261 615 1676 690 supervenisse
1718 618 2070 676 statuamus.

595 703 860 778 Sequens
910 718 1117 760 versus
1161 701 1598 760 contaminatus
1644 718 1715 758 ex
1761 699 1817 756 Ε
1856 699 1978 757 443
2024 704 2085 758 et
2129 699 2188 755 A
2238 700 2356 758 189
2403 693 2603 774 (alibi)
2645 697 2765 755 iam

423 787 724 847 veteribus
771 785 1117 860 scrupulum
1163 785 1450 844 iniecerat
1496 817 1576 826 —-
1622 783 1749 854 πῶς
1795 776 1906 841 δύο
1949 779 2134 841 εἰπών
2179 779 2293 841 τὸν
2325 776 2643 856 Διομήδην
2669 800 2765 858 με·

424 879 735 950 ριμνῆσαι,
776 869 849 929 ’ἐν
893 865 1123 947 ἐπάγω
1158 902 1231 911 -
1254 915 1268 944 ,
1314 872 1383 927 ut
1428 870 1670 945 quidam
1718 870 1791 928 de
1836 869 2331 944 interpretatione
2377 866 2769 942 desperantes

427 959 574 1016 adeo
619 961 757 1032 post
807 956 923 1014 168
967 956 1224 1014 alterum
1267 954 1602 1013 membrum
1646 954 1938 1013 adderent
1980 953 2248 1013 subiecto
2293 969 2467 1012 versu

731 1069 771 1151 ἢ
813 1070 958 1151 μήτε
1002 1069 1249 1150 στρέψαι
1294 1063 1433 1148 μήτ’
1480 1063 1756 1150 ἀντίβιον
1797 1068 2207 1148 μαχέσασθαι,

424 1195 627 1269 inepte
684 1194 956 1268 quidem,
1015 1194 1065 1253 si
1109 1192 1291 1252 verba
1335 1193 1669 1267 spectamus
1714 1191 1985 1266 imperite
2028 1211 2099 1249 ex
2142 1191 2633 1250 antecedentibus
2678 1210 2769 1248 re-

423 1279 639 1354 petita,
697 1280 797 1338 sed
857 1282 1043 1353 recte,
1103 1278 1153 1337 si
1209 1297 1281 1335 ex
1326 1277 1614 1335 formulae
1658 1295 1768 1335 usu
1814 1275 2171 1335 iudicamus:
2237 1278 2294 1332 A
2330 1277 2447 1334 189
2477 1294 2609 1351 sqq.
2706 1276 2774 1333 N

429 1365 551 1422 455
581 1383 732 1439 sqq.,
791 1383 825 1421 a
878 1381 995 1438 quo
1051 1380 1160 1421 nec
1217 1361 1365 1420 illud
1423 1358 1515 1419 σοὶ
1575 1356 1638 1418 δὲ
1696 1355 2043 1436 διάνδιχα
2102 1356 2284 1418 δῶκε
2333 1352 2570 1435 Κρόνου
2625 1355 2768 1430 πάις

428 1448 680 1510 abludit.
769 1448 850 1505 Et
894 1449 968 1505 cf.
1016 1447 1074 1502 Ε
1104 1448 1222 1505 671
1242 1466 1376 1523 sqq.
1425 1446 1488 1502 Π
1517 1447 1787 1522 4358qq.

597 1533 750 1590 Tum
792 1552 852 1592 v.
903 1534 1020 1591 169
1040 1550 1171 1607 sqq.

732 1629 887 1704 τρὶς
931 1627 1064 1708 μὲν
1106 1628 1418 1709 μερμήριξε
1461 1627 1612 1690 κατὰ
1659 1626 1851 1707 φρένα
1894 1628 1995 1689 καὶ
2037 1619 2188 1688 κατὰ
2233 1628 2471 1709 θυμόν,

649 1780 658 1790 ,
730 1713 891 1794 τρὶς
938 1711 997 1774 δ’
1045 1711 1155 1794 ἄρ’
1202 1711 1311 1774 ἀπ’
1354 1709 1592 1774 Ἰδαίων
1633 1709 1826 1788 ὀρέων
1870 1713 2056 1774 κτύπε
2099 1715 2340 1791 μητίετα
2387 1711 2540 1787 Ζεὺς

726 1808 883 1879 σῆμα
928 1798 1117 1871 τιθεὶς
1166 1798 1457 1879 Τρώεσσι,
1502 1797 1694 1877 μάχης
1741 1796 2047 1879 ἑτεραλκέα
2096 1800 2268 1875 νίκην

423 1924 530 1979 aut
580 1921 956 1980 immodicam
999 1921 1396 1980 imitationem
1440 1924 1548 1980 aut
1592 1920 1851 1995 lepidam
1896 1920 2199 1995 parodiam
2244 1921 2555 1980 continent
2601 1940 2771 1996 prae·

429 2006 569 2064 clari
613 2006 729 2065 loci
779 2005 835 2062 Ε
863 2007 986 2065 436
1007 2025 1099 2081 sq.

729 2104 882 2183 τρὶς
927 2102 1066 2182 μὲν
1109 2099 1294 2164 ἔπειτ’
1339 2099 1627 2184 ἐπόρουσε
1671 2104 2109 2182 κατακτάμεναι
2150 2103 2507 2181 μενεαίνων,

727 2188 887 2280 τρὶς
935 2187 1010 2250 δέ
1053 2189 1115 2249 οἱ
1155 2187 1491 2266 ἐστυφέλιξε
1536 2188 1796 2268 φαεινὴν
1837 2183 2051 2249 ἀσπίδ’
2095 2184 2414 2250 Ἀπόλλων.
2520 2252 2526 2257 ,

424 2310 696 2380 Quantus
750 2312 908 2370 enim
953 2311 1052 2370 hic
1094 2314 1186 2371 est
1227 2312 1428 2384 heros,
1486 2312 1655 2369 cuius
1701 2311 1987 2387 fugientis
2034 2310 2105 2368 de
2151 2310 2481 2370 resistendo
2526 2311 2621 2369 vel
2675 2330 2769 2371 so-

423 2397 539 2454 lam
599 2397 1137 2473 cogitationem
1182 2401 1273 2455 ter
1317 2399 1661 2470 conceptam
1711 2396 1894 2455 ternis
1940 2415 2203 2454 summus
2248 2395 2517 2471 Iuppiter
2562 2397 2769 2472 fulgu-

425 2482 591 2539 ribus
645 2482 1081 2556 reprimendam
1137 2480 1416 2557 putavit'?
1502 2481 1585 2539 Et
1637 2482 1699 2539 in
1758 2480 1972 2540 ultimo
2031 2499 2202 2540 versu
2259 2498 2380 2539 non
2436 2480 2578 2539 satis
2630 2501 2769 2539 con·

424 2585 635 2636 gruere
681 2573 840 2641 σῆμα
885 2561 1076 2636 τιθεὶς
1128 2558 1390 2643 Τρώεσσι
1435 2585 1570 2625 cum
1612 2566 1831 2625 usitata
1874 2566 2167 2640 clausula,
2215 2566 2287 2624 de
2332 2585 2450 2642 qua
2480 2586 2668 2642 nuper
2700 2568 2765 2626 in

424 2651 726 2710 dissertat.
765 2651 815 2708 V
838 2670 895 2725 p.
921 2653 956 2710 9
986 2647 1194 2727 [supra
1214 2671 1273 2726 p.
1296 2648 1405 2730 94]
1440 2651 1667 2726 scripsi,
1702 2651 1821 2709 iam
1852 2654 2166 2711 senserunt
2192 2669 2261 2708 ex
2282 2651 2544 2726 antiquis
2571 2652 2631 2725 ii,
2662 2654 2768 2727 qui

424 2735 901 2811 inter-pungendo
930 2736 1083 2793 male
1108 2740 1416 2831 compacta
1442 2754 1747 2794 secernere
1775 2734 2124 2795 studebant:
2170 2731 2361 2812 βραχὺ
2393 2731 2771 2793 διασταλτέον

428 2815 523 2877 ἐπὶ
577 2814 641 2876 τὸ
704 2815 1108 2890 Τρώεσσιν·
1168 2809 1316 2877 αυτό
1370 2810 1479 2895 γὰρ
1534 2815 1599 2878 τὸ
1656 2823 1932 2895 σημεῖον,
1994 2816 2143 2891 πρὸς
2204 2816 2266 2879 τὸ
2329 2816 2770 2896 σημαινόμενον

425 2897 804 2978 ὑπαντήσας,
849 2900 1044 2979 εἴρηκε
1092 2901 1283 2980 νίκην.
1361 2894 1469 2961 ἐᾶν
1499 2899 1561 2962 δὲ
1593 2901 2018 2979 συνάπτωμεν,
2064 2900 2292 2982 γίνεται
2323 2900 2764 2978 σολοικοφανὲς.

603 2989 874 3048 Hectoris
918 2989 1107 3047 oratio
1159 2990 1487 3048 173—183
1535 2990 1796 3048 eiusdem
1844 2993 1951 3063 est,
2000 3009 2181 3065 quam
2224 2992 2341 3051 iam
2384 2989 2459 3048 ad
2500 2990 2769 3050 taedium

437 3092 625 3150 usque
670 3074 730 3132 in
774 3073 867 3132 his
911 3074 1331 3149 revelavimus,
1388 3074 1865 3148 consuetudinis»,
1919 3095 2037 3152 qua
2080 3075 2372 3135 formulae
2418 3074 2770 3134 decantatae

326 3164 392 3211 25
437 3177 571 3217 cum
628 3158 1107 3218 insolentissimis
1162 3154 1321 3231 ἅπαξ
1375 3154 1702 3237 εἰρημένοις
1758 3161 2241 3235 committuntur,
2298 3160 2499 3235 qualia
2551 3159 2647 3218 hic
2702 3164 2769 3218 et

431 3240 655 3318 τείχεα,
700 3235 947 3320 ἀβλήχρ’
996 3236 1480 3321 οὐδενόσωρα
1523 3245 1810 3304 habemus
1855 3248 1914 3304 et
1958 3245 2174 3303 mirum
2220 3244 2375 3305 illud
2418 3244 2765 3320 imperium:

732 3340 1183 3420 μνημοσύνη
1229 3366 1315 3417 τις
1361 3342 1557 3404 ἔπειτα
1602 3342 1792 3422 πυρὸς
1840 3342 2026 3421 δηίοιο
2067 3342 2368 3423 γενέσθω,

735 3422 817 3498 ὥς
861 3423 1007 3506 πυρὶ
1053 3435 1203 3506 νῆας
1249 3426 1578 3508 ἐνιπρήσω,
1625 3430 1834 3489 κτείνω
1880 3427 1944 3489 δὲ
1986 3426 2088 3487 καὶ
2131 3422 2369 3502 αὐτούς.

426 3546 612 3606 Cuius
655 3547 907 3606 membri
953 3547 1147 3608 finalis
1192 3548 1376 3609 efficti
1422 3550 1648 3609 scilicet
1693 3569 1764 3610 ex
1810 3550 1861 3607 Ο
1897 3552 2012 3610 701
2033 3569 2121 3626 sq.

733 3645 963 3723 Τρωσὶν
1007 3640 1062 3704 δ’
1110 3645 1312 3709 ἔλπετο
1355 3647 1558 3726 θυμὸς
1605 3647 1694 3710 ἐνὶ
1741 3643 2070 3726 στήθεσσιν
2114 3645 2368 3709 ἑκάστου

727 3740 910 3810 νῆας
956 3728 1406 3811 ἐνιπρήσειν
1448 3732 1795 3795 κτενέειν
1836 3728 1904 3793 θ’
1950 3732 2150 3814 ἥρωας
2189 3726 2493 3812 Ἀχαιούς,

420 3850 535 3910 nisi
581 3853 757 3910 etiam
802 3855 1007 3911 nostro
1050 3856 1169 3914 iam
1214 3854 1537 3914 adfuerunt
1580 3856 1926 3915 recentioris
1957 3857 2019 3915 et
2048 3855 2233 3931 ipsius
2264 3855 2522 3915 auctoris
2554 3874 2762 3915 versus

422 3936 494 3994 de
540 3935 815 3996 Hectoris
858 3937 1179 3998 iactatione
1225 3933 1283 4001 Ξ
1303 3940 1383 3998 46
1407 3959 1497 4015 sq.

724 4050 805 4131 μὴ
851 4051 996 4134 πρὶν
1037 4053 1158 4134 πὰρ
1207 4056 1369 4132 νηῶν
1410 4055 1580 4134 προτὶ
1605 4047 1791 4117 Ἴλιον
1831 4050 2196 4116 ἀπονέεσθαι
2208 4098 2227 4132 ,

724 4137 903 4216 πρὶν
945 4139 1129 4219 πυρὶ
1175 4141 1364 4218 νῆας
1397 4139 1832 4221 ἐνιπρῆσαι,
1877 4146 2168 4202 κτεῖναι
2200 4136 2276 4200 δὲ
2306 4138 2433 4201 καὶ
2460 4136 2763 4217 αὐτούς,

421 4258 581 4316 omni
625 4276 766 4318 sane
811 4261 1133 4321 offensione
1176 4264 1440 4321 carentes
1473 4293 1550 4303 —
1578 4261 1827 4321 membri
1870 4263 2061 4338 igitur
2089 4262 2250 4321 illius
2282 4260 2482 4321 finalis
2508 4262 2761 4321 alteram

420 4344 652 4417 partem
711 4343 866 4402 haud
927 4346 1071 4405 satis
1127 4350 1267 4421 apte
1309 4347 1383 4406 ad
1434 4347 1635 4423 ignis
1679 4347 2096 4407 memoriam
2144 4347 2350 4405 referri
2396 4346 2581 4407 sensit
2623 4365 2759 4422 pro·

422 4427 577 4486 fecto
620 4427 702 4502 is,
752 4429 854 4505 qui
898 4433 1038 4504 post
1085 4431 1201 4489 182
1251 4450 1485 4491 versum
1528 4431 1762 4491 addidit
