3132 5129
343 3910 408 3956 23

1379 344 1834 409 —1381-

445 505 607 563 illius
653 521 1044 563 successorem
1092 502 1421 577 desumpsit
1466 501 1570 561 sed
1615 503 1790 560 etiam
1839 503 2106 578 integros
2136 522 2343 562 versus
2372 503 2782 579 transcripsit:

451 591 650 647 121—
663 589 1252 646 125--313-317.
1314 586 1437 645 Nec
1481 587 1638 645 unde
1683 590 1877 645 cetera
1920 588 2255 663 collegerit,
2303 589 2467 648 latet.
2526 589 2613 647 De
2665 591 2783 645 112

442 675 591 733 nihil
638 693 790 749 opus
835 675 931 733 est
973 672 1232 731 dicatur:
1281 671 1514 746 saepius
1558 671 1701 730 haec
1746 672 2001 730 formula
2044 673 2355 769 repetitur.
2432 673 2548 732 Sed
2594 675 2784 749 magis

446 759 766 818 advertunt
808 759 1070 816 animum
1118 757 1234 814 duo
1280 751 1634 831 θεράποντε,
1676 756 1950 834 Nestoris
1994 757 2224 832 opinor,
2270 778 2631 834 quamquam
2660 776 2784 817 non

447 845 668 902 diserte
713 843 1038 916 indicatur,
1103 836 1404 911 Σθένελός
1454 862 1512 899 τε
1555 838 1656 899 καὶ
1701 834 2068 918 Ευρυμέὸων
2111 833 2471 920 ἀγαπήνωρ,
2532 861 2787 918 quorum

447 928 616 986 illum
665 929 841 1003 vulgo
885 946 994 1002 pro
1040 927 1422 985 celeberrimo
1469 926 1691 985 habent
1732 926 2036 986 Idomenei
2082 928 2334 1001 famu10,
2392 928 2489 986 hic
2532 947 2671 987 vero
2718 931 2790 986 ut

450 1013 722 1072 Nestoris
769 1013 977 1087 auriga
1021 1012 1199 1069 etiam
1245 1011 1401 1069 infra
1445 1011 1506 1069 in
1549 1012 1879 1070 recentioie
1925 1011 2244 1087 rhapsodia
2274 1016 2336 1069 Λ
2361 1015 2485 1072 620
2529 1031 2787 1071 comme-

449 1101 730 1159 moratur.
798 1097 973 1155 Patet
1015 1097 1389 1172 homonymis
1433 1097 1540 1154 hos
1584 1114 1818 1171 quoque
1862 1096 2030 1154 abuti
2073 1097 2421 1173 imitatoreS,
2468 1102 2536 1155 ut
2580 1098 2788 1156 Mono-

443 1182 702 1241 machiae
739 1185 1057 1255 auctorem,
1105 1180 1176 1240 de
1207 1200 1324 1255 quo
1354 1181 1415 1237 in
1448 1180 1747 1239 dissertat.
1776 1180 1829 1235 V
1860 1201 1916 1255 p.
1949 1183 2022 1239 18
2038 1201 2125 1256 sq.
2161 1177 2370 1260 [supra
2400 1202 2455 1258 p.
2492 1179 2640 1260 103]
2676 1182 2779 1239 ad-

445 1268 671 1326 monui.
767 1267 1103 1326 Habuimus
1146 1267 1208 1324 in
1256 1266 1561 1341 Epipolesi
1607 1265 1679 1324 de
1729 1267 2196 1341 Agamemnonis
2242 1268 2418 1342 equis
2463 1269 2515 1322 Δ
2549 1268 2668 1325 227
2697 1287 2785 1342 sq.

757 1380 858 1441 καὶ
903 1380 1039 1454 τούς
1084 1379 1194 1459 μὲν
1237 1375 1523 1460 θεράπων
1566 1377 1876 1441 ἀπάνευθ’
1927 1380 2017 1458 ἔχε
2061 1382 2442 1458 φυσιόωντας

754 1462 1154 1546 Εὐρυμέδων,
1203 1464 1333 1537 υιός
1380 1465 1751 1544 Πτολεμαίου
1800 1467 2147 1539 Πειραΐδαο.

448 1590 600 1647 Τιιιιι
648 1581 785 1665 λαβ’
837 1576 977 1663 ἡνία
1023 1583 1371 1664 σιγαλόεντα
1424 1590 1541 1648 116
1570 1612 1655 1634 ==
1688 1588 1743 1643 E
1774 1589 1914 1661 328,
1961 1584 2237 1662 μάστιξεν
2280 1582 2339 1643 δ’
2389 1585 2611 1658 ἵππους
2662 1590 2781 1646 117

445 1701 526 1721 =
575 1674 629 1728 Ε
663 1675 781 1730 768
827 1677 890 1730 et
933 1673 1093 1746 alibi,
1142 1693 1239 1729 και
1285 1678 1389 1730 τοῦ
1444 1666 1555 1745 μέν
1601 1665 1657 1747 ῤ’
1707 1663 2081 1773 αφοὲμαρτεν,
2128 1667 2162 1729 ὃ
2205 1666 2261 1729 δ’
2321 1666 2563 1749 ἡνίοχον
2605 1671 2788 1749 θερά-

444 1777 631 1816 ποντα
669 1760 890 1815 119---
919 1756 979 1814 Φ
1017 1759 1129 1814 171
1168 1756 1244 1831 -l—
1285 1758 1335 1812 E
1365 1759 1505 1830 580,
1538 1754 1675 1813 υἱὸν
1704 1750 2061 1831 ὑπερθύμου
2106 1758 2336 1816 120-
2256 1784 2336 1805 =
2370 1758 2543 1831 E77‚
2579 1755 2793 1815 ’ἵππων

444 1834 571 1918 ἡνί’
621 1838 826 1917 ἔχοντα
878 1844 989 1899 121
1038 1868 1118 1889 =
1164 1843 1228 1898 Π
1269 1844 1389 1900 739
1449 1840 1533 1918 (in
1591 1843 1773 1902 simili
1820 1841 1992 1900 Ceb1
1978 1861 2145 1900 ionae
2192 1843 2431 1919 aurigae
2477 1842 2640 1918 casu)
2686 1843 2784 1901 ha-

445 1927 676 1986 bemus.

617 2011 734 2069 Sed
779 2011 1043 2087 profecto
1093 2013 1305 2069 mirum
1351 2014 1469 2086 est,
1527 2011 1688 2087 quod
1734 2014 1908 2069 unius
1954 2012 2195 2086 eiusque
2242 2012 2476 2070 obscuri
2521 2011 2784 2070 hominis

446 2097 619 2155 caede
644 2096 901 2155 Hectore
928 2116 1068 2156 sane
1091 2096 1239 2155 nihil
1271 2115 1516 2172 prorsus
1539 2099 1752 2173 agente
1776 2099 1945 2154 tanta
1966 2116 2164 2154 rerum
2191 2098 2497 2156 conversio
2523 2097 2789 2155 exsistit:

752 2210 904 2272 ἔνθα
948 2235 1014 2272 κε
1060 2210 1256 2293 λοιγὸς
1302 2211 1412 2287 ἓήν
1454 2210 1552 2271 καὶ
1597 2207 1872 2308 οἷμήχαια
1911 2209 2057 2313 ἔργα
2101 2211 2378 2291 γένοντο,

753 2298 859 2356 καί
903 2294 975 2358 νύ
1020 2321 1084 2357 κε
1131 2295 1439 2376 σήκασθεν
1482 2320 1630 2356 κατα
1661 2296 1850 2357 Ἴλιον
1891 2291 2031 2374 ηύτε
2074 2297 2273 2377 α’ρνες

444 2423 513 2477 ut
556 2419 831 2495 Iuppiter
878 2420 1073 2478 denuo
1120 2421 1245 2495 ipse
1288 2440 1456 2478 suam
1501 2419 1830 2494 potentiam
1877 2420 2259 2494 interponere
2304 2422 2481 2495 atque
2527 2420 2784 2477 fulmine

444 2505 625 2563 misso
684 2524 818 2562 cum
863 2505 1032 2580 equis
1078 2505 1257 2563 etiam
1304 2504 1620 2563 Nestorem
1668 2507 1846 2580 atque
1891 2503 2239 2563 Diomedem
2295 2507 2625 2579 perterrere
2686 2523 2786 2561 ne·

447 2608 609 2649 cesse
653 2588 886 2648 babeat.
959 2590 1352 2664 Splendidum
1400 2609 1506 2665 per
1549 2610 1612 2649 se
1658 2592 1832 2664 atque
1859 2589 2173 2649 Homerico
2204 2590 2443 2648 nomine
2489 2589 2648 2648 haud
2692 2590 2787 2647 in-

448 2674 696 2749 dignum
743 2692 868 2732 esse
915 2674 1068 2732 hunc
1114 2676 1310 2733 locum
1355 2694 1475 2733 non
1521 2693 1696 2751 negO,
1746 2676 1815 2731 ut
1855 2694 2042 2750 paene
2089 2694 2222 2733 eum
2268 2674 2508 2733 aliunde
2540 2674 2787 2748 subrep-

447 2762 575 2815 tum
620 2777 745 2816 esse
791 2758 1076 2834 arbitrer3
1125 2760 1226 2817 sed
1272 2760 1447 2817 nimis
1492 2760 1813 2834 abruptum
1860 2778 1985 2818 esse
2029 2778 2138 2817 nec
2182 2759 2327 2818 satis
2358 2779 2392 2816 a
2420 2759 2786 2817 narrationis

445 2842 791 2917 integritate
837 2844 1235 2902 commendari
1280 2844 1323 2902 ii
1368 2861 1605 2920 quoque
1640 2844 2043 2918 antiquiorum
2077 2844 2417 2902 criticorum
2451 2849 2785 2917 senserunt,

446 2928 518 2985 de
563 2927 782 3001 quibus
827 2927 972 2986 haec
1016 2928 1079 2985 in
1123 2929 1359 2987 scholiis
1405 2929 1480 2986 ad
1526 2949 1585 2989 v.
1624 2931 1737 2987 131
1787 2928 2070 3005 legimus:
2119 2926 2187 2985 ἕν
2218 2942 2334 2985 τισι
2367 2935 2487 2986 τῶν
2516 2926 2791 2985 παλαιῶν

446 3007 728 3089 φέρονται
773 3005 879 3069 δύο
925 3010 1137 3088 στίχοι·

756 3132 954 3202 Τρωες
999 3123 1112 3189 ὑπ’
1153 3125 1461 3231 Ἀργείων,
1508 3128 1709 3189 ἔλιπον
1752 3128 1818 3189 δέ
1862 3152 1967 3189 κεν
1992 3122 2247 3228 Ἐκτορα
2293 3129 2425 3190 δῖον

750 3215 949 3296 χαλκῷ
995 3213 1320 3293 δηιόωντα,
1367 3210 1628 3293 δαμασσε
1673 3212 1740 3274 δέ
1782 3237 1887 3293 μιν
1933 3208 2259 3292 Διομηδης.

617 3334 766 3393 Οιιιιι
810 3335 1080 3396 Nestoris
1126 3338 1394 3397 oratione
1441 3338 1645 3395 statim
1673 3336 1749 3393 ad
1789 3354 1850 3394 sc
1880 3355 2162 3411 suamque
2192 3336 2545 3395 tenuitatem
2577 3335 2788 3394 recidit

446 3419 794 3495 rhapsodus.
871 3426 956 3484 Ut
999 3421 1094 3479 hic
1137 3422 1371 3497 Nestor,
1420 3424 1505 3480 ita
1549 3423 1605 3477 E
1637 3421 1758 3479 243
1774 3439 1905 3496 sqq.
1956 3422 2270 3480 Sthenelus
2302 3419 2575 3479 Diomedi
2605 3421 2786 3496 fugae

443 3509 652 3564 auctor
697 3508 949 3568 exsistit.
1009 3505 1208 3565 Verba
1250 3507 1492 3582 quidem
1536 3506 1762 3581 passim
1805 3506 2047 3564 aliunde
2092 3506 2438 3581 desumpsit,
2486 3509 2555 3564 ut
2588 3506 2786 3564 totum

443 3591 880 3654 adhortationis
925 3592 1183 3654 colorem
1228 3612 1300 3650 ex
1347 3592 1548 3650 P439
1576 3611 1666 3666 sq.

749 3701 890 3753 νῦν
932 3690 1065 3770 μὲν
1106 3690 1240 3797 γὰρ
1287 3688 1598 3762 Μενέλαος
1646 3688 1920 3768 ἐνίκησεν
1962 3689 2078 3751 σὺν
2116 3685 2381 3797 Ἀθήνῃ,

749 3782 950 3838 κεῖνον
992 3774 1052 3837 δ’
1104 3768 1315 3848 αὖτις
1362 3772 1502 3856 ἐγώ·
1545 3773 1705 3855 παρὰ
1751 3799 1866 3855 γαρ
1909 3776 2051 3835 θεοί
2089 3776 2203 3836 εἰσι
2248 3798 2371 3834 και
2416 3770 2628 3854 ἡμῖν,

445 3917 598 3974 quae
630 3899 936 3957 coniunxit
965 3918 1096 3959 cum
1127 3898 1381 3957 formula.
1404 3896 1678 3974 σήμερον,
1706 3912 1953 3974 υστερον
1972 3888 2140 3972 αὖτε,
2165 3898 2238 3955 de
2257 3917 2375 3973 qua
2397 3898 2462 3956 in
2483 3898 2781 3958 dissertat

449 3983 504 4038 V
533 4003 591 4057 p.
628 3984 663 4040 9
701 3981 906 4060 [supra
935 4004 994 4059 p.
1021 3980 1131 4060 95]
1163 3984 1237 4042 ad
1271 3983 1338 4038 H
1368 3984 1450 4042 30
1481 3983 1620 4044 dixi.
1692 3983 1845 4041 Tum
1873 4002 1993 4042 non
2023 3982 2201 4041 nimis
2232 3983 2488 4043 feliciter
2517 3984 2783 4043 effictum

446 4066 685 4126 videtur
730 4064 880 4139 Διὸς
928 4066 1103 4126 νόον
1147 4060 1475 4145 εἰρύσσαιτο
1519 4087 1590 4125 ex
1633 4069 1696 4125 Ω.
1741 4069 1864 4126 584
1880 4064 1988 4172 ῗμὴ
2038 4100 2110 4109 --
2159 4065 2393 4170 κραδίῃ
2417 4063 2633 4144 χόλον
2677 4060 2784 4125 οὐκ

448 4146 738 4228 ἐρύσαιτο.
813 4156 901 4214 De
945 4154 1211 4213 clausula
1254 4152 1648 4213 usitatissima
1692 4148 1817 4210 ἐπεὶ
1864 4153 1903 4229 ἡ
1948 4148 2101 4210 πολὺ
2149 4147 2426 4229 φέρτερός
2472 4154 2597 4212 sive
2642 4149 2781 4230 φέρ-

450 4229 618 4306 τατός
664 4233 785 4295 ἐστι
830 4240 1173 4316 plenissime
1217 4238 1291 4297 ad
1336 4239 1393 4297 h.
1440 4239 1481 4296 l.
1529 4238 1724 4313 ipsum
1771 4238 2053 4297 disseruit
2098 4238 2464 4313 Spitznerus.

620 4322 928 4384 Diomedis
972 4343 1319 4401 responsum
1350 4342 1709 4399 quamquam
1743 4324 1892 4397 nihil
1925 4325 2211 4399 continet,
2247 4341 2365 4399 quo
2397 4323 2781 4396 offendamur,

449 4425 560 4470 nec
604 4408 805 4467 tamen
854 4409 1175 4485 quidquam
1221 4411 1358 4469 novi
1403 4407 1667 4482 praebet.
1715 4389 1790 4468 V.
1833 4408 1948 4466 145
1993 4409 2342 4468 notissimus
2399 4412 2523 4484 est3
2603 4408 2783 4465 etiam
