3132 5129
1277 356 1821 461 -569-'

336 554 466 611 tum
521 554 889 630 putaverim,
950 555 1053 629 qui
1108 554 1419 614 scribendo
1463 566 1589 613 σκιε
1606 574 1731 631 ρον
1774 548 2016 630 κάτεχ’
2063 550 2294 623 ἄλσος
2340 548 2666 629 εὐφύλλου

337 634 463 711 δάφ
482 658 613 708 νας
657 637 1016 698 locutionem
1063 640 1274 699 intulit
1318 639 1590 700 draconis
1633 642 1879 699 naturae
1923 640 2022 699 vix
2066 640 2524 700 accomodatam.

510 723 671 793 Quae
727 723 1036 783 restabant
1089 724 1154 784 in
1208 725 1481 802 strophae
1526 726 1717 801 exitu,
1781 727 2017 785 tantum
2062 743 2184 785 non
2229 726 2428 785 omnia
2469 727 2588 785 iam
2631 746 2666 786 a

339 807 607 869 Seidlero
651 808 801 869 bene
843 809 1262 871 administrata
1305 813 1492 887 erant,
1538 811 1643 887 qui
1690 814 1752 869 et
1793 808 2091 887 ἄμφεπε
2136 811 2378 887 scripsit
2408 829 2515 887 pro
2560 803 2668 887 ἆμ-

339 889 514 969 φέπει
555 893 845 953 librorum
889 895 1142 955 lectione
1185 915 1376 971 nuper
1418 916 1455 955 a
1477 856 1734 956 ’Kvieala
1775 919 1835 975 p.
1867 896 1992 955 275
2022 898 2271 972 retenta,
2319 900 2382 956 et
2411 917 2467 955 v.
2505 897 2667 955 1255

338 973 788 1082 ἀναφαίνων
852 980 1152 1057 glossema
1215 1000 1340 1041 esse
1402 981 1555 1041 vidit
1609 980 1973 1059 adscriptum
2037 981 2113 1040 ab
2173 982 2534 1057 explicatore
2591 982 2669 1041 ad

345 1061 585 1140 νέμων
641 1084 697 1123 v.
743 1084 832 1140 sq.
891 1085 998 1161 pro
1056 1059 1216 1141 ἐμῶν
1268 1067 1388 1124 iam
1431 1086 1466 1125 a
1505 1067 1849 1143 Musgravio
1896 1066 2150 1125 feliciter
2192 1066 2548 1142 repositum,
2606 1070 2669 1126 et

342 1143 656 1208 ἆὸύτων’“’
612 1168 738 1207 vno
768 1169 875 1226 pro
906 1139 1149 1209 αδύτων
1179 1144 1331 1224 ὑπὲρ
1354 1152 1635 1227 restituit,
1668 1152 1730 1210 in
1762 1152 1975 1228 quibus
2001 1150 2275 1210 omnibus
2299 1151 2668 1215 consentien-

343 1240 429 1295 tes
447 1234 675 1309 habuit,
707 1236 1043 1311 quicunque
1064 1237 1115 1295 ei
1141 1238 1550 1296 successerunt
1573 1197 1848 1297 editores.
1897 1236 2097 1295 Unum
2122 1236 2557 1295 emendandum
2581 1255 2667 1295 re·

341 1320 517 1396 liquit
539 1319 829 1395 Nauckio‚
864 1321 1024 1418 quod
1057 1321 1308 1383 v.125o
1332 1321 1514 1397 vulgo
1545 1317 1925 1398 legebatur’'
1891 1341 1992 1379 ετι
2023 1340 2148 1396 μιν
2180 1316 2261 1378 ἔτι
2289 1316 2531 1398 βρέφος,
2563 1321 2668 1380 ubi

346 1425 464 1465 non
509 1405 703 1465 solum
749 1407 1118 1481 pronominis
1163 1407 1353 1465 forma
1404 1406 1551 1464 falsa
1605 1409 1699 1465 est
1754 1407 1872 1466 iam
1914 1405 1989 1466 ab
2036 1405 2379 1466 Hermanno
2423 1407 2487 1465 in
2531 1425 2667 1465 con-

344 1492 581 1550 suetum
628 1511 750 1548 νιν
794 1493 1038 1565 mutata,
1086 1490 1187 1550 sed
1231 1491 1411 1550 etiam
1455 1491 1747 1566 particula
1791 1488 1875 1549 ἔτι
1920 1493 2046 1551 sine
2080 1491 2246 1549 omni
2275 1511 2453 1551 sensu
2483 1510 2668 1566 eaque

343 1576 535 1651 primo
575 1577 704 1635 loco
750 1575 968 1651 posita.
1024 1536 1143 1635 ’Pro
1189 1595 1258 1635 ea
1301 1591 1388 1633 συ
1435 1571 1512 1634 δέ
1556 1596 1656 1633 νιν
1699 1577 1929 1636 dedisse
1974 1576 2323 1652 Euripidem
2368 1576 2668 1637 Nauckius

341 1661 651 1737 intellexit,
700 1681 818 1737 qua
862 1661 1156 1737 scriptura
1199 1661 1572 1721 intolerabile
1616 1663 1953 1739 asyndeton
1998 1662 2173 1721 simul
2220 1662 2468 1721 tollitur.

506 1746 603 1806 Ad
659 1746 1214 1822 antistropham
1271 1747 1711 1824 transgredior,
1787 1749 1954 1807 cuius
2006 1746 2246 1806 initium
2301 1766 2420 1807 non
2477 1747 2672 1806 solum

341 1832 687 1906 corruptelis
741 1831 848 1890 sed
892 1831 1074 1890 etiam
1118 1834 1328 1907 aperto
1376 1832 1611 1891 defectu
1656 1834 1965 1892 turbatum
2008 1831 2084 1891 ad
2130 1850 2369 1892 sensum
2414 1835 2666 1907 tantum,

339 1936 458 1977 non
500 1917 575 1975 ad
618 1915 802 1976 verba
844 1919 1007 1977 certo
1051 1917 1286 1976 restitui
1329 1919 1551 1993 potest.
1612 1917 1814 1977 Unum
1857 1920 2086 1978 certum
2129 1920 2221 1976 est
2267 1913 2462 1992 ἐπεί,
2511 1918 2670 1994 quod

339 2022 445 2078 pro
501 1997 599 2059 ἐπί
651 2003 772 2061 iam
830 2001 972 2061 olim
1021 2002 1287 2079 Scaliger
1319 2002 1580 2062 invenit.
1673 2000 1882 2062 Cetera
1927 2004 2286 2062 recentiores
2332 2003 2668 2078 suppedita-

339 2089 497 2146 runt.
585 2087 676 2145 Ex
734 2087 950 2163 quibus
996 2087 1398 2147 Kirchhoffius
1456 2088 1715 2163 primum
1772 2087 2196 2147 animadvertit
2237 2088 2498 2146 alienum
2544 2108 2671 2147 esse

342 2172 720 2247 participium
767 2167 906 2248 ἰών,
954 2174 1051 2232 cui
1097 2176 1295 2231 tamen
1340 2173 1498 2247 quod
1543 2172 1859 2232 substituit
1903 2163 2085 2230 ἑλών
2117 2174 2215 2230 vix
2245 2175 2528 2248 praestat.
2594 2172 2673 2230 Et

340 2259 465 2316 sive
508 2257 621 2315 hoc
664 2258 787 2317 sive
834 2257 981 2315 illud
1026 2259 1271 2333 ponitur
1314 2257 1711 2334 participium,
1756 2258 1908 2316 male
1951 2276 2020 2316 eo
2055 2258 2178 2326 Γᾶς
2222 2277 2257 2315 a
2300 2253 2487 2314 παῖδα
2515 2257 2671 2316 avel-

342 2343 504 2401 litur.
575 2339 743 2410 Quod
787 2343 1118 2401 evitaturus
1148 2341 1449 2400 Nauckius
1479 2337 1700 2418 γάιον
1730 2342 1983 2401 coniecit
2012 2342 2490 2419 coniungendam
2520 2342 2670 2400 illud

342 2447 471 2487 cum
516 2424 721 2485 παῖδα.
812 2425 929 2485 Sed
975 2429 1036 2484 et
1078 2426 1229 2485 hanc
1273 2426 1631 2486 locutionem
1676 2429 1836 2485 recte
1879 2427 2087 2486 reiecit
2130 2429 2190 2485 et
2236 2426 2475 2485 omnino
2522 2427 2624 2483 Γᾶ
2639 2447 2668 2496 ς

346 2511 705 2572 mentionem
763 2516 1005 2588 propter
1051 2504 1265 2570 Χθόνα
1320 2510 1521 2570 statim
1580 2514 1965 2572 memoratam
2021 2512 2303 2572 absonam
2347 2530 2476 2572 esse
2518 2511 2673 2572 vidit
2700 2515 2732 2563 8

350 2597 596 2656 Kvicala
623 2617 681 2672 p.
718 2598 840 2655 274
860 2616 970 2673 sq.,
1018 2598 1121 2672 qui
1151 2597 1294 2672 quin
1328 2615 1435 2671 pro
1473 2596 1591 2666 Γᾶς
1637 2595 1746 2655 ἰών
1789 2601 1949 2656 recte
1994 2597 2230 2675 γαΐων
2272 2596 2668 2673 substituerit,

343 2683 485 2741 mihi
544 2682 785 2757 quidem
840 2700 960 2740 non
1018 2682 1264 2739 dubium
1321 2681 1577 2741 videtur.
1669 2681 1784 2741 Sed
1842 2685 1973 2740 tum
2029 2683 2172 2742 ferri
2224 2683 2433 2757 nequit
2474 2675 2671 2757 παῖδ’,

343 2769 416 2826 ad
462 2767 620 2843 quod
667 2786 735 2824 ex
779 2767 1032 2826 membri
1077 2766 1345 2842 primarii
1392 2768 1654 2827 subiecto
1686 2763 1885 2824 Χθιόν
1914 2786 2242 2842 pronomen
2271 2769 2671 2843 possessivum

342 2851 739 2928 supplendum
785 2870 912 2910 esse
957 2870 1091 2910 cum
1134 2851 1457 2910 infeliciter
1501 2853 1816 2912 statuisset
1844 2852 2113 2928 Kvicala,
2161 2853 2222 2911 in
2269 2852 2534 2910 fraudem
2582 2853 2670 2910 in·

344 2938 511 2995 duxit
556 2937 749 2996 virum
795 2938 1240 3012 sagacissimum
1287 2937 1885 3013 Rauchensteinium,
1944 2939 2046 3013 qui
2106 2938 2218 2997 hoc
2261 2936 2500 3012 quidem
2544 2937 2672 2995 fieri

340 3041 461 3080 non
506 3040 680 3118 posse
724 3025 883 3080 recte
928 3022 1251 3095 intellexit,
1299 3020 1403 3079 sed
1446 3022 1820 3082 inferendum
1867 3022 2017 3081 illud
2062 3040 2392 3097 pronomen
2436 3022 2673 3096 putavit

344 3107 635 3165 coniciens
691 3102 816 3164 ἐπεὶ
871 3099 1079 3164 παῖδ’
1141 3101 1218 3163 ἕα
1236 3126 1302 3180 ν,
1362 3107 1455 3165 0111
1513 3108 1608 3167 vel
1664 3109 1970 3204 sequentia
2026 3107 2271 3166 obstant
2325 3125 2359 3164 a
2400 3105 2670 3167 Nauckio

342 3191 732 3267 probabiliter
784 3192 865 3250 sic
922 3191 1127 3250 reficta
1169 3194 1344 3259 παῖς
1397 3185 1766 3249 ἆπένασσεν
1810 3181 1841 3248 ὁ
1888 3194 2206 3272 Λατῳος
2250 3183 2368 3248 ἀπὸ
2417 3185 2672 3257 ζαθέων.

347 3276 506 3335 Haec
562 3277 747 3352 igitur
802 3296 937 3335 cum
981 3275 1265 3336 Kvicalae
1323 3277 1564 3337 invento
1622 3277 1935 3336 coniuncta
1992 3252 2246 3336 editioni
2292 3275 2509 3335 inferre
2553 3295 2673 3334 non

344 3361 630 3436 dubitavi,
678 3381 1038 3437 quamquam
1083 3361 1200 3420 alia
1244 3362 1423 3420 etiam
1469 3365 1532 3420 et
1566 3362 1892 3437 excogitari
1935 3365 1997 3419 et
2042 3362 2282 3437 probari
2327 3380 2497 3436 posse
2529 3379 2671 3435 sup-

343 3446 646 3520 plementa
686 3446 1074 3506 libentissime
1119 3449 1524 3506 concesserim.
1601 3446 1803 3504 Unum
1858 3446 2098 3521 quidem
2156 3447 2481 3505 necessario
2527 3444 2673 3504 acci-

231 3555 246 3568 ·
343 3529 625 3605 piendum
679 3550 807 3590 esse
862 3533 1126 3591 activum
1168 3526 1279 3589 ἆπέ
1298 3546 1565 3590 νασσεν
1608 3550 1716 3606 pro
1758 3530 1954 3590 medio
1998 3535 2275 3591 constans
2319 3530 2487 3590 verbi
2531 3547 2674 3590 usus

347 3615 601 3690 evincit,
658 3617 823 3675 cuius
881 3618 1153 3692 exempla
1196 3615 1438 3693 collegit
1481 3615 1828 3693 Spitznerus
1873 3616 1948 3674 ad
1991 3616 2168 3678 Hom.
2217 3615 2282 3670 Π
2309 3615 2416 3689 86,
2475 3635 2509 3672 a
2555 3633 2673 3689 quo

352 3718 462 3758 usu
494 3716 616 3758 non
660 3700 943 3761 defecisse
987 3700 1331 3776 Euripidem
1379 3720 1448 3760 ex
1479 3720 1533 3763 v.
1568 3701 1688 3760 175
1721 3721 1811 3777 sq.
1860 3695 2061 3758 τλόσε
2104 3696 2217 3778 yde
2260 3695 2336 3804 δὴ
2382 3706 2492 3770 σᾶς
2535 3692 2674 3756 ἀπε-

352 3780 594 3857 νάσθην
639 3782 649 3858 Ι
698 3784 976 3862 πατρίδος
1031 3783 1134 3843 καὶ
1189 3781 1330 3860 ἐμᾶς
1386 3788 1448 3846 01
1502 3786 1659 3845 Med.
1713 3788 1831 3846 166
1968 3777 2181 3861 πάτερ,
2235 3805 2280 3842 ω
2326 3781 2527 3859 πόλις,
2587 3805 2677 3841 ων

342 3861 704 3946 απενασθην
747 3873 893 3932 satis
935 3874 1198 3947 apparet.

512 3956 586 4014 In
629 3957 1013 4032 sequentibus
1057 3958 1315 4032 primum
1361 3956 1630 4015 v.1264
1676 3958 1739 4015 et
1780 3956 1957 4014 metri
1988 3958 2049 4014 et
2078 3972 2285 4013 sensus
2314 3954 2510 4055 gratia
2540 3973 2676 4013 cum

345 4041 688 4101 Hermanno
744 4039 806 4100 et
851 4042 1167 4118 Hartungo
1224 4039 1600 4100 scribendum
1655 4040 1773 4099 fuit
1825 4041 2018 4099 deleta
2077 4038 2283 4110 copula
2325 4029 2431 4096 ‘b'o’
2480 4035 2676 4113 ἔμελλε

346 4128 558 4202 τυχεῖν.
645 4127 964 4187 Difficilius
1008 4130 1102 4186 est
1144 4125 1429 4184 iudicium
1473 4124 1544 4184 de
1591 4125 1815 4201 verbis,
1873 4145 2023 4200 quae
2068 4125 2424 4200 sequnntur.
2478 4117 2676 4182 ὕπνου

336 4208 500 4269 ,κατὰ
548 4208 847 4289 δνοφερᾶς
893 4211 999 4289 γᾶς
1043 4199 1222 4279 minag
1269 4206 1543 4284 ἔφραζον.
1600 4209 1755 4268 Nam
1786 4213 1854 4269 ut
1883 4209 1955 4268 de
1987 4212 2174 4268 metro
2205 4211 2450 4286 taceam,
2497 4210 2672 4287 quod,

353 4295 935 4374 quomodocunque
920 4317 983 4356 111
1013 4297 1259 4371 stropha
1288 4295 1698 4370 constituitur,
1747 4295 2031 4355 excidisse
2061 4295 2156 4354 hic
2186 4296 2470 4394 quasdam
2501 4296 2676 4374 sylla·

345 4383 450 4440 bas
496 4382 787 4459 coarguit,
835 4384 897 4441 in
941 4382 1160 4454 duplici
1204 4380 1483 4457 genetivo
1530 4398 1665 4439 cum
1713 4373 1892 4450 εὐνάς
1932 4382 2134 4440 11111010
2165 4383 2366 4440 recte‘
2351 4402 2469 4440 iam
2500 4383 2676 4440 offen·
2716 4441 2727 4453 ,

351 4466 570 4525 derunt
627 4466 817 4527 critici
861 4467 1257 4543 antiquiores,
1315 4485 1570 4541 quorum
1613 4485 1788 4527 nemo
1834 4466 2169 4526 incredibili
2214 4465 2454 4526 Heathii
2497 4467 2676 4524 inter-
