3132 5129
1294 343 1754 406 -313—

354 500 526 560 Haec
566 503 712 580 post
751 503 875 558 tam
920 499 1158 576 longam
1205 500 1476 576 singulae
1521 499 1814 576 delphinis
1872 498 2333 575 descriptionem
2391 499 2592 559 subita
2635 504 2696 559 et

353 586 616 661 abrupta
669 584 945 644 transitio
1000 585 1076 643 ad
1133 585 1424 660 pluralem
1494 585 1640 644 mihi
1709 585 1911 644 durior
1963 586 2231 661 videtur,
2301 604 2478 661 quam
2543 605 2694 660 quae

355 669 619 746 Oppiani
648 670 980 746 elegantiae
1008 667 1196 728 tribui
1239 670 1446 745 possit.
1512 670 1604 728 Ne
1647 670 1864 729 multa:
1910 674 2056 745 puto
2103 690 2212 747 ego
2254 671 2422 728 illum
2454 689 2690 729 versum
2733 686 2793 733 19

354 776 392 813 a
434 758 614 831 poeta
655 755 896 832 quidem
940 755 1259 830 scriptum,
1307 755 1409 814 sed
1453 755 1585 814 loco
1629 774 1736 814 suo
1781 763 2013 814 motum
2057 759 2120 816 et
2163 756 2354 815 alieno
2397 756 2690 814 intrusum

351 860 508 900 esse.
582 840 700 900 Ubi
731 843 930 898 autem
961 839 1105 898 olim
1151 839 1380 915 positus
1425 839 1635 915 fuerit,
1682 840 1885 899 statim
1929 841 2269 917 apparebit,
2318 840 2421 901 ubi
2465 845 2694 901 attente

354 946 416 985 v.
450 926 573 985 674
598 945 731 1002 sqq.
780 926 1028 1001 legeris:

664 1042 723 1101 οἳ
764 1037 873 1117 μὲν
916 1039 1028 1120 γὰρ
1072 1036 1481 1120 προπάροιθεν
1523 1036 1836 1122 άολλέες’
1802 1035 1944 1119 ηύτε
1988 1051 2192 1124 κοῦροι

618 1115 867 1203 ἠίθεοι
910 1123 1229 1203 στείχουσι,
1273 1122 1412 1185 νέον
1452 1122 1654 1204 γένος,
1700 1123 1850 1187 ωστε
1894 1132 2091 1205 χοροῖο

666 1204 891 1271 κυκλον
931 1204 1318 1288 ἀμειβόμενοι
1359 1210 1675 1270 πολυειδέα
1720 1210 2157 1286 ποικιλοδίνην·

666 1293 754 1356 τοὶ
798 1289 854 1354 δ’
902 1294 1124 1356 ὄπιθεν
1166 1294 1408 1375 μεγάλοι
1451 1318 1510 1356 τε
1553 1319 1655 1355 και
1701 1294 1916 1375 ἔξοχοι,
1962 1291 2093 1356 οὐδ’
2140 1291 2481 1375 άπάτερθεν

667 1379 932 1459 ἔρχονται
976 1378 1224 1457 τεκέων,
1269 1371 1525 1459 φρουρὸς
1571 1377 1852 1459 στρατός,
1898 1375 2061 1441 ωσθ·’
2108 1378 2390 1442 ἁπαλοῖσι

664 1464 1053 1546 φερβομένοις
1099 1463 1460 1526 ἕσπονται
1504 1487 1570 1525 εν
1613 1465 1768 1546 εἴαρι
1812 1463 2085 1544 ποιμένες
2128 1459 2357 1545 άμνοῐς.

355 1588 484 1663 En,
542 1586 709 1663 vide,
765 1607 943 1664 quam
1000 1606 1172 1664 aegre
1217 1607 1273 1647 v.
1307 1588 1426 1646 677
1487 1586 1820 1646 membrum
1876 1581 1965 1643 τοὶ
2023 1577 2078 1642 δ’
2128 1618 2211 1628 -
2269 1583 2453 1664 ἔξοχοι
2513 1591 2698 1652 verbo

352 1672 529 1732 finito
584 1677 812 1748 careat,
866 1691 977 1749 pro
1037 1691 1154 1748 quo
1201 1672 1298 1731 vix
1356 1690 1425 1730 ac
1480 1690 1554 1731 ne
1599 1674 1699 1731 vix
1752 1670 1995 1748 quidem
2056 1668 2347 1748 στείχουσι
2404 1692 2475 1732 ex
2533 1679 2699 1735 ante-

357 1757 708 1817 cedentibus
744 1761 1007 1834 repetas3
1043 1775 1221 1831 quam
1243 1756 1625 1815 vehementer
1654 1756 1805 1815 illud
1837 1757 2262 1816 accuratiorem
2285 1754 2410 1817 sibi
2433 1761 2701 1834 postulet

358 1842 811 1919 expositionem,
847 1860 965 1919 quo
995 1842 1209 1901 melius
1233 1845 1364 1899 tum
1385 1842 1640 1916 quadret
1663 1842 2066 1916 comparatio·
2097 1831 2255 1898 ὥσθ’
2283 1830 2562 1902 άπαλοῖσι
2585 1850 2694 1908 etc.

357 1926 663 2003 Profecto,
710 1928 807 1987 hic
849 1927 1195 2003 aptissimus
1242 1930 1372 1985 erat
1416 1926 1517 1985 ille
1562 1945 1800 2002 versus,
1848 1945 2022 2002 quem
2067 1945 2249 2003 supra
2291 1928 2497 1988 turbas
2543 1930 2696 1990 ciere

362 2011 643 2073 vidimus.
732 2013 940 2088 Itaque
988 2010 1296 2087 Oppianus
1339 2016 1444 2069 aut
1487 2011 1729 2086 scripsit
1775 2016 1881 2070 aut
1923 2011 2179 2070 scribere
2227 2012 2459 2071 debuit:

659 2132 745 2189 τοὶ
792 2123 846 2187 δ’
897 2126 1122 2190 ὄπιθεν
1164 2117 1404 2206 μεγάλοι
1448 2149 1506 2187 τε
1549 2124 1650 2186 καὶ
1699 2125 1886 2205 ἔξοχοι
1926 2118 2176 2230 ἐγγυς
2202 2124 2509 2189 ἕπονται

664 2212 810 2275 αἰει
854 2213 1179 2294 ῥυτῆρες
1223 2234 1344 2271 και
1390 2209 1827 2289 ἐπίσκοποι,
1874 2204 2003 2271 ουδ’
2051 2205 2392 2293 ἀπάτερθεν
2435 2220 2546 2277 etc.

526 2335 602 2394 V.
642 2338 785 2395 691.
871 2329 1080 2393 Αυτοῦ
1123 2328 1235 2391 ἐνὶ
1282 2338 1560 2414 τραφερῇ.
1650 2332 1852 2391 Malim
1900 2327 2015 2389 ἐπὶ
2062 2341 2347 2415 τραφερῇ.

531 2420 606 2480 V.
641 2421 782 2480 782.
873 2419 1294 2481 Scribendum.

976 2572 1056 2584 —
1143 2533 1472 2614 γαληναίης
1518 2530 1577 2594 ὁ
1557 2555 1583 2595 ε
1629 2531 1909 2635 ταθείσης

664 2621 834 2699 ἕξαῦ
849 2646 915 2683 τι
930 2648 959 2697 ς
974 2668 993 2702 ,
1041 2620 1149 2698 ψά
1160 2646 1201 2700 μ
1216 2644 1254 2680 α
1269 2615 1364 2680 θό
1379 2644 1408 2693 ς
1454 2640 1512 2679 τε
1556 2616 1658 2680 καὶ
1704 2612 1927 2680 ασπετα
1972 2616 2248 2700 φύρματα
2292 2615 2514 2683 πόντου

664 2706 939 2770 πύθεται.

357 2830 408 2889 Ι.
456 2850 506 2889 e.
564 2848 697 2890 cum
752 2849 913 2889 mare
965 2847 1176 2889 rursus
1229 2826 1616 2902 tranquillum
1675 2827 1892 2885 factum
1955 2827 2156 2885 fuerit.
2248 2827 2442 2903 Supra
2483 2851 2541 2891 v.
2575 2836 2699 2895 780

353 2916 609 2991 pessime
654 2915 781 2974 fere
824 2916 1091 2974 omnium
1133 2913 1425 2972 librorum
1471 2912 1830 2985 scripturam
1884 2906 2330 2988 σπερχομένου,
2386 2917 2546 2989 quod
2591 2937 2692 2995 op-

361 3001 508 3058 time
553 3000 758 3076 habet,
803 3000 1188 3060 Selmeiderus
1230 2998 1293 3056 in
1338 2991 1754 3072 σπερχομένης
1798 2996 2083 3072 mutavit,
2133 2998 2292 3072 quod
2336 3000 2524 3060 totius
2570 3023 2693 3062 ver-

355 3104 458 3144 sus
514 3085 813 3145 interiecti
873 3084 1189 3144 intervallo
1245 3085 1587 3157 reparatum
1646 3100 1681 3139 a
1733 3070 2044 3155 θαλάσσης
2103 3081 2246 3141 ferri
2301 3085 2526 3159 nequit.
2616 3089 2696 3148 Et

355 3189 415 3228 v.
448 3172 568 3229 778
614 3169 866 3230 fortasse
912 3166 1113 3248 δίνῃσι
1155 3164 1528 3247 παλιρροίῃσι
1588 3157 1899 3239 θαλάσσης
1956 3166 2363 3242 scribendum,
2422 3173 2491 3227 ut
2535 3180 2693 3232 recte

354 3254 736 3314 Schneider-us
767 3274 820 3313 v.
855 3257 972 3314 771
1018 3226 1220 3333 δίνῃσι
1248 3248 1742 3330 παλιμπνοίῃσι
1721 3248 2035 3328 θαλάσσης
2079 3251 2295 3326 edidit,
2344 3256 2405 3311 et
2433 3253 2588 3313 infra
2617 3257 2690 3333 V,

361 3339 486 3398 220
529 3341 707 3399 etiam
755 3336 953 3420 δίνῃσι
996 3310 1428 3417 παλιρροίῃσι
1462 3336 1965 3396 verisimillimum
1998 3336 2300 3395 videbitur
2330 3305 2691 3414 comparanti
2727 3361 2793 3408 20

358 3422 629 3484 lectionis
672 3425 1040 3484 varietatem.

665 3613 672 3618 ·
1353 3574 1576 3649 Liber
1631 3576 1719 3650 II.

531 3683 602 3742 V.
638 3686 713 3743 17
735 3705 822 3762 sq.

649 3776 855 3856 Ἄλλος
903 3776 961 3841 δ’
1009 3779 1336 3843 ἆλλοίοισιν
1380 3776 1764 3858 ἐπώνυμος
1811 3777 2015 3840 ἔπλετο
2059 3781 2290 3859 δαίμων

663 3867 892 3949 ἔργοις,
937 3862 1098 3930 οἷσιν
1142 3866 1382 3938 ἕκαστος
1427 3864 1836 3926 ἐπίσκοπον
1880 3863 2066 3951 ᾕρατο
2112 3861 2306 3946 τιμήν.

358 3990 557 4051 Primo
590 4011 767 4051 versu
788 3990 1073 4089 ⁰displicet
1116 3978 1515 4068 ἐπώνυμοςΙ
1551 3991 1865 4062 propterea
1908 3986 2066 4064 quod
2095 3988 2190 4045 Dii
2239 3990 2484 4046 minime
2515 3990 2589 4048 ab
2621 3991 2693 4051 iis

358 4077 585 4136 artibus
641 4077 882 4135 nomina
939 4076 1327 4149 invenerunt,
1386 4091 1531 4149 quas
1588 4072 1853 4131 homines
1912 4074 2258 4132 docuerunt.
2352 4072 2476 4131 Nec
2530 4074 2697 4135 deest

359 4164 685 4238 scripturae
731 4162 1004 4222 varietas.
1093 4159 1248 4218 Nam
1293 4177 1400 4234 pro
1447 4151 1755 4231 ἐπώνυμος
1800 4159 1861 4215 in
1905 4157 2094 4217 Paris.
2133 4160 2159 4214 l
2210 4178 2245 4215 a
2289 4159 2693 4233 sec.1n.legi-

359 4249 490 4304 tur:
540 4241 887 4321 ἐπίσκοπος,
933 4251 995 4305 et
1039 4266 1094 4305 v.
1135 4247 1209 4304 18
1254 4262 1362 4319 pro
1408 4237 1730 4300 ἐπίσκοπον
1772 4242 1836 4300 in
1880 4243 2086 4302 eodem
2130 4243 2258 4301 cod.
2305 4246 2365 4300 et
2411 4241 2694 4319 Sylburg.

358 4329 611 4406 legitur:
672 4323 986 4407 ἐπήρατον.
1094 4329 1204 4389 His
1259 4327 1615 4387 lectionibus
1683 4329 1936 4403 receptis
1994 4328 2168 4386 alicui
2221 4329 2430 4403 poetae
2486 4346 2695 4386 manus

357 4416 641 4474 restituta
695 4434 824 4475 esse
868 4415 1169 4489 videatur,
1228 4420 1288 4473 et
1341 4432 1481 4473 sane
1542 4412 1691 4473 nihil
1748 4417 1839 4472 est
1889 4413 2051 4491 quod
2082 4414 2487 4491 vituperetur.
2577 4411 2692 4472 Sed
