<?xml version="1.0" encoding="UTF-8"?>
<!DOCTYPE html PUBLIC "-//W3C//DTD XHTML 1.0 Transitional//EN"
    "http://www.w3.org/TR/xhtml1/DTD/xhtml1-transitional.dtd">
<html xmlns="http://www.w3.org/1999/xhtml" xml:lang="en" lang="en">
 <head>
  <title>
</title>
<meta http-equiv="Content-Type" content="text/html;charset=utf-8" />
  <meta name='ocr-system' content='tesseract 3.04.00' />
  <meta name='ocr-capabilities' content='ocr_page ocr_carea ocr_par ocr_line ocrx_word'/>
</head>
<body>
  <div class='ocr_page' id='page_1' title='image "./opusculaphilolo00koecgoog_0262.png"; bbox 0 0 3132 5129; ppageno 0'>
   <div class='ocr_carea' id='block_1_1' title="bbox 1426 383 1884 448">
    <p class='ocr_par' dir='ltr' id='par_1_1' title="bbox 1426 383 1884 448">
     <span class='ocr_line' id='line_1_1' title="bbox 1426 383 1884 448; baseline -0.007 -15"><span class='ocrx_word' id='word_1_1' title='bbox 1426 383 1884 448; x_wconf 77' lang='lat'>-250-...</span> 
     </span>
    </p>
   </div>
   <div class='ocr_carea' id='block_1_2' title="bbox 416 541 2835 4528">
    <p class='ocr_par' dir='ltr' id='par_1_2' title="bbox 416 541 2835 4528">
     <span class='ocr_line' id='line_1_2' title="bbox 490 541 2821 623; baseline -0.002 -17"><span class='ocrx_word' id='word_1_2' title='bbox 490 548 776 623; x_wconf 88' lang='lat' dir='ltr'>iniquitas</span> <span class='ocrx_word' id='word_1_3' title='bbox 830 564 950 604; x_wconf 93' lang='lat' dir='ltr'>non</span> <span class='ocrx_word' id='word_1_4' title='bbox 1007 546 1195 621; x_wconf 81' lang='lat' dir='ltr'>magis</span> <span class='ocrx_word' id='word_1_5' title='bbox 1250 562 1429 620; x_wconf 87' lang='lat' dir='ltr'>quam</span> <span class='ocrx_word' id='word_1_6' title='bbox 1484 541 1705 617; x_wconf 88' lang='lat' dir='ltr'>pusilla</span> <span class='ocrx_word' id='word_1_7' title='bbox 1747 542 2119 601; x_wconf 88' lang='lat' dir='ltr'>inimicorum</span> <span class='ocrx_word' id='word_1_8' title='bbox 2166 543 2398 602; x_wconf 85' lang='lat' dir='ltr'>malitia</span> <span class='ocrx_word' id='word_1_9' title='bbox 2440 545 2536 605; x_wconf 83' lang='lat' dir='ltr'>vel</span> <span class='ocrx_word' id='word_1_10' title='bbox 2578 564 2614 603; x_wconf 89' lang='lat' dir='ltr'>a</span> <span class='ocrx_word' id='word_1_11' title='bbox 2659 545 2821 603; x_wconf 90' lang='lat' dir='ltr'>salu-</span> 
     </span>
     <span class='ocr_line' id='line_1_3' title="bbox 492 627 2827 704; baseline -0.002 -13"><span class='ocrx_word' id='word_1_12' title='bbox 492 632 674 692; x_wconf 86' lang='lat' dir='ltr'>tando</span> <span class='ocrx_word' id='word_1_13' title='bbox 728 631 915 690; x_wconf 86' lang='lat' dir='ltr'>natali</span> <span class='ocrx_word' id='word_1_14' title='bbox 983 630 1109 689; x_wconf 89' lang='lat' dir='ltr'>solo</span> <span class='ocrx_word' id='word_1_15' title='bbox 1174 628 1617 702; x_wconf 88' lang='lat' dir='ltr'>revisendisque</span> <span class='ocrx_word' id='word_1_16' title='bbox 1685 627 1956 703; x_wconf 87' lang='lat' dir='ltr'>cognatis</span> <span class='ocrx_word' id='word_1_17' title='bbox 2021 645 2115 684; x_wconf 90' lang='lat' dir='ltr'>me</span> <span class='ocrx_word' id='word_1_18' title='bbox 2179 628 2567 704; x_wconf 71' lang='lat' dir='ltr'><strong>prohibuerit.</strong></span> <span class='ocrx_word' id='word_1_19' title='bbox 2652 627 2827 698; x_wconf 84' lang='lat' dir='ltr'>Quod</span> 
     </span>
     <span class='ocr_line' id='line_1_4' title="bbox 416 711 2829 793; baseline -0.002 -17"><span class='ocrx_word' id='word_1_20' title='bbox 416 728 449 776; x_wconf 87' lang='lat'>8</span> <span class='ocrx_word' id='word_1_21' title='bbox 493 736 632 778; x_wconf 88' lang='lat' dir='ltr'>vero</span> <span class='ocrx_word' id='word_1_22' title='bbox 678 718 1094 793; x_wconf 77' lang='lat' dir='ltr'><strong>argumentum</strong></span> <span class='ocrx_word' id='word_1_23' title='bbox 1140 714 1277 772; x_wconf 89' lang='lat' dir='ltr'>huic</span> <span class='ocrx_word' id='word_1_24' title='bbox 1322 712 1629 789; x_wconf 74' lang='lat' dir='ltr'>scriptioni</span> <span class='ocrx_word' id='word_1_25' title='bbox 1674 712 1957 788; x_wconf 82' lang='lat' dir='ltr'>eligerem</span> <span class='ocrx_word' id='word_1_26' title='bbox 1998 711 2200 787; x_wconf 88' lang='lat' dir='ltr'>aliquo</span> <span class='ocrx_word' id='word_1_27' title='bbox 2245 714 2419 773; x_wconf 90' lang='lat' dir='ltr'>modo</span> <span class='ocrx_word' id='word_1_28' title='bbox 2466 733 2597 774; x_wconf 89' lang='lat' dir='ltr'>cum</span> <span class='ocrx_word' id='word_1_29' title='bbox 2638 713 2829 772; x_wconf 86' lang='lat' dir='ltr'>Vobis</span> 
     </span>
     <span class='ocr_line' id='line_1_5' title="bbox 487 797 2828 878; baseline -0.002 -17"><span class='ocrx_word' id='word_1_30' title='bbox 487 805 670 878; x_wconf 89' lang='lat' dir='ltr'>atque</span> <span class='ocrx_word' id='word_1_31' title='bbox 713 802 807 860; x_wconf 91' lang='lat' dir='ltr'>his</span> <span class='ocrx_word' id='word_1_32' title='bbox 852 800 1052 860; x_wconf 89' lang='lat' dir='ltr'>sacris·</span> <span class='ocrx_word' id='word_1_33' title='bbox 1078 799 1474 872; x_wconf 89' lang='lat' dir='ltr'>coniunctum,</span> <span class='ocrx_word' id='word_1_34' title='bbox 1521 797 1887 873; x_wconf 77' lang='lat' dir='ltr'>aliquamdiu</span> <span class='ocrx_word' id='word_1_35' title='bbox 1933 797 2193 856; x_wconf 87' lang='lat' dir='ltr'>incertus</span> <span class='ocrx_word' id='word_1_36' title='bbox 2223 797 2403 873; x_wconf 85' lang='lat' dir='ltr'>haesi,</span> <span class='ocrx_word' id='word_1_37' title='bbox 2450 799 2639 859; x_wconf 91' lang='lat' dir='ltr'>donec</span> <span class='ocrx_word' id='word_1_38' title='bbox 2667 817 2828 858; x_wconf 87' lang='lat' dir='ltr'>men-</span> 
     </span>
     <span class='ocr_line' id='line_1_6' title="bbox 490 881 2825 960; baseline -0.002 -13"><span class='ocrx_word' id='word_1_39' title='bbox 490 892 611 948; x_wconf 89' lang='lat' dir='ltr'>tem</span> <span class='ocrx_word' id='word_1_40' title='bbox 657 886 842 945; x_wconf 89' lang='lat' dir='ltr'>subiit</span> <span class='ocrx_word' id='word_1_41' title='bbox 887 885 1320 960; x_wconf 83' lang='lat' dir='ltr'>Theogonia</span> <span class='ocrx_word' id='word_1_42' title='bbox 1363 882 1468 941; x_wconf 88' lang='lat' dir='ltr'>illa</span> <span class='ocrx_word' id='word_1_43' title='bbox 1510 881 1913 957; x_wconf 81' lang='lat' dir='ltr'>Hesiodea,</span> <span class='ocrx_word' id='word_1_44' title='bbox 1969 882 2064 941; x_wconf 88' lang='lat' dir='ltr'>cui</span> <span class='ocrx_word' id='word_1_45' title='bbox 2109 883 2509 958; x_wconf 81' lang='lat' dir='ltr'>expediendae</span> <span class='ocrx_word' id='word_1_46' title='bbox 2552 887 2614 943; x_wconf 90' lang='lat' dir='ltr'>et</span> <span class='ocrx_word' id='word_1_47' title='bbox 2655 885 2825 943; x_wconf 89' lang='lat' dir='ltr'>resti·</span> 
     </span>
     <span class='ocr_line' id='line_1_7' title="bbox 489 961 2823 1046; baseline -0.002 -14"><span class='ocrx_word' id='word_1_48' title='bbox 489 973 746 1032; x_wconf 88' lang='lat' dir='ltr'>tuendae</span> <span class='ocrx_word' id='word_1_49' title='bbox 784 990 918 1030; x_wconf 89' lang='lat' dir='ltr'>cum</span> <span class='ocrx_word' id='word_1_50' title='bbox 957 988 1070 1046; x_wconf 92' lang='lat' dir='ltr'>ego</span> <span class='ocrx_word' id='word_1_51' title='bbox 1108 970 1226 1028; x_wconf 89' lang='lat' dir='ltr'>iam</span> <span class='ocrx_word' id='word_1_52' title='bbox 1268 968 1475 1027; x_wconf 87' lang='lat' dir='ltr'>multis</span> <span class='ocrx_word' id='word_1_53' title='bbox 1515 967 1732 1026; x_wconf 86' lang='lat' dir='ltr'>abhinc</span> <span class='ocrx_word' id='word_1_54' title='bbox 1772 968 1947 1026; x_wconf 92' lang='lat' dir='ltr'>annis</span> <span class='ocrx_word' id='word_1_55' title='bbox 1988 961 2303 1042; x_wconf 77' lang='lat' dir='ltr'>repetitam</span> <span class='ocrx_word' id='word_1_56' title='bbox 2346 988 2587 1045; x_wconf 86' lang='lat' dir='ltr'>operam</span> <span class='ocrx_word' id='word_1_57' title='bbox 2630 968 2823 1028; x_wconf 90' lang='lat' dir='ltr'>dedis-</span> 
     </span>
     <span class='ocr_line' id='line_1_8' title="bbox 489 1052 2827 1133; baseline -0.003 -15"><span class='ocrx_word' id='word_1_58' title='bbox 489 1078 642 1133; x_wconf 89' lang='lat' dir='ltr'>sem,</span> <span class='ocrx_word' id='word_1_59' title='bbox 712 1056 1125 1132; x_wconf 88' lang='lat' dir='ltr'>quaestionem</span> <span class='ocrx_word' id='word_1_60' title='bbox 1190 1054 1333 1113; x_wconf 90' lang='lat' dir='ltr'>mihi</span> <span class='ocrx_word' id='word_1_61' title='bbox 1393 1052 1641 1113; x_wconf 88' lang='lat' dir='ltr'>videbar</span> <span class='ocrx_word' id='word_1_62' title='bbox 1694 1053 2044 1111; x_wconf 75' lang='lat' dir='ltr'>tractavisse</span> <span class='ocrx_word' id='word_1_63' title='bbox 2100 1056 2163 1111; x_wconf 87' lang='lat' dir='ltr'>et</span> <span class='ocrx_word' id='word_1_64' title='bbox 2220 1052 2294 1111; x_wconf 90' lang='lat' dir='ltr'>ab</span> <span class='ocrx_word' id='word_1_65' title='bbox 2361 1053 2524 1114; x_wconf 90' lang='lat' dir='ltr'>omni</span> <span class='ocrx_word' id='word_1_66' title='bbox 2589 1054 2827 1130; x_wconf 80' lang='lat' dir='ltr'>vulgari</span> 
     </span>
     <span class='ocr_line' id='line_1_9' title="bbox 490 1137 2826 1215; baseline -0.002 -13"><span class='ocrx_word' id='word_1_67' title='bbox 490 1143 750 1203; x_wconf 88' lang='lat' dir='ltr'>utilitate</span> <span class='ocrx_word' id='word_1_68' title='bbox 794 1143 1109 1215; x_wconf 88' lang='lat' dir='ltr'>remotam,</span> <span class='ocrx_word' id='word_1_69' title='bbox 1170 1138 1389 1215; x_wconf 89' lang='lat' dir='ltr'>quippe</span> <span class='ocrx_word' id='word_1_70' title='bbox 1442 1138 1534 1197; x_wconf 89' lang='lat' dir='ltr'>cui</span> <span class='ocrx_word' id='word_1_71' title='bbox 1591 1137 1909 1196; x_wconf 87' lang='lat' dir='ltr'>solvendae</span> <span class='ocrx_word' id='word_1_72' title='bbox 1965 1137 2123 1196; x_wconf 90' lang='lat' dir='ltr'>vires</span> <span class='ocrx_word' id='word_1_73' title='bbox 2179 1140 2540 1198; x_wconf 74' lang='lat' dir='ltr'>nostratium</span> <span class='ocrx_word' id='word_1_74' title='bbox 2584 1140 2826 1199; x_wconf 90' lang='lat' dir='ltr'>omnino</span> 
     </span>
     <span class='ocr_line' id='line_1_10' title="bbox 488 1222 2829 1305; baseline -0.002 -17"><span class='ocrx_word' id='word_1_75' title='bbox 488 1231 740 1305; x_wconf 85' lang='lat' dir='ltr'>impares</span> <span class='ocrx_word' id='word_1_76' title='bbox 794 1245 918 1285; x_wconf 89' lang='lat' dir='ltr'>esse</span> <span class='ocrx_word' id='word_1_77' title='bbox 972 1225 1068 1285; x_wconf 87' lang='lat' dir='ltr'>vel</span> <span class='ocrx_word' id='word_1_78' title='bbox 1133 1223 1425 1299; x_wconf 83' lang='lat' dir='ltr'>philologi</span> <span class='ocrx_word' id='word_1_79' title='bbox 1493 1223 1735 1298; x_wconf 87' lang='lat' dir='ltr'>quidam</span> <span class='ocrx_word' id='word_1_80' title='bbox 1801 1223 2317 1298; x_wconf 83' lang='lat' dir='ltr'>pronuntiassent,</span> <span class='ocrx_word' id='word_1_81' title='bbox 2373 1226 2436 1284; x_wconf 88' lang='lat' dir='ltr'>et</span> <span class='ocrx_word' id='word_1_82' title='bbox 2489 1243 2524 1282; x_wconf 91' lang='lat' dir='ltr'>a</span> <span class='ocrx_word' id='word_1_83' title='bbox 2580 1222 2829 1283; x_wconf 85' lang='lat' dir='ltr'>Vestrae</span> 
     </span>
     <span class='ocr_line' id='line_1_11' title="bbox 490 1307 2830 1386; baseline -0.002 -14"><span class='ocrx_word' id='word_1_84' title='bbox 490 1314 655 1372; x_wconf 88' lang='lat' dir='ltr'>urbis</span> <span class='ocrx_word' id='word_1_85' title='bbox 686 1311 1050 1386; x_wconf 89' lang='lat' dir='ltr'>Vestraeque</span> <span class='ocrx_word' id='word_1_86' title='bbox 1095 1308 1503 1369; x_wconf 85' lang='lat' dir='ltr'>universitatis</span> <span class='ocrx_word' id='word_1_87' title='bbox 1547 1307 1776 1367; x_wconf 83' lang='lat' dir='ltr'>civibus</span> <span class='ocrx_word' id='word_1_88' title='bbox 1819 1309 2057 1366; x_wconf 89' lang='lat' dir='ltr'>strenue</span> <span class='ocrx_word' id='word_1_89' title='bbox 2087 1308 2379 1383; x_wconf 87' lang='lat' dir='ltr'>agitatam</span> <span class='ocrx_word' id='word_1_90' title='bbox 2410 1310 2830 1386; x_wconf 80' lang='lat' dir='ltr'>praeclareque</span> 
     </span>
     <span class='ocr_line' id='line_1_12' title="bbox 488 1392 2828 1475; baseline -0.003 -18"><span class='ocrx_word' id='word_1_91' title='bbox 488 1401 846 1475; x_wconf 86' lang='lat' dir='ltr'>promotam.</span> <span class='ocrx_word' id='word_1_92' title='bbox 936 1396 1198 1467; x_wconf 84' lang='lat' dir='ltr'>Quorum</span> <span class='ocrx_word' id='word_1_93' title='bbox 1245 1394 1472 1469; x_wconf 89' lang='lat' dir='ltr'>primus</span> <span class='ocrx_word' id='word_1_94' title='bbox 1501 1392 1821 1451; x_wconf 84' lang='lat' dir='ltr'>Wolfius</span> <span class='ocrx_word' id='word_1_95' title='bbox 1867 1409 2000 1449; x_wconf 90' lang='lat' dir='ltr'>cum</span> <span class='ocrx_word' id='word_1_96' title='bbox 2047 1392 2165 1451; x_wconf 90' lang='lat' dir='ltr'>iam</span> <span class='ocrx_word' id='word_1_97' title='bbox 2210 1393 2351 1452; x_wconf 90' lang='lat' dir='ltr'>olim</span> <span class='ocrx_word' id='word_1_98' title='bbox 2396 1398 2538 1453; x_wconf 91' lang='lat' dir='ltr'>ante</span> <span class='ocrx_word' id='word_1_99' title='bbox 2582 1394 2828 1452; x_wconf 90' lang='lat' dir='ltr'>immor-</span> 
     </span>
     <span class='ocr_line' id='line_1_13' title="bbox 490 1476 2828 1555; baseline -0.002 -13"><span class='ocrx_word' id='word_1_100' title='bbox 490 1483 629 1543; x_wconf 87' lang='lat' dir='ltr'>talis</span> <span class='ocrx_word' id='word_1_101' title='bbox 694 1483 1010 1541; x_wconf 87' lang='lat' dir='ltr'>memoriae</span> <span class='ocrx_word' id='word_1_102' title='bbox 1070 1478 1499 1554; x_wconf 89' lang='lat' dir='ltr'>Prolegomena</span> <span class='ocrx_word' id='word_1_103' title='bbox 1561 1476 1723 1536; x_wconf 89' lang='lat' dir='ltr'>edita</span> <span class='ocrx_word' id='word_1_104' title='bbox 1776 1498 1829 1537; x_wconf 86' lang='lat' dir='ltr'>a.</span> <span class='ocrx_word' id='word_1_105' title='bbox 1889 1478 2051 1535; x_wconf 84' lang='grc'><strong>1783</strong></span> <span class='ocrx_word' id='word_1_106' title='bbox 2107 1476 2454 1555; x_wconf 83' lang='lat' dir='ltr'>Theogonia</span> <span class='ocrx_word' id='word_1_107' title='bbox 2515 1478 2828 1555; x_wconf 88' lang='lat' dir='ltr'>antiquam</span> 
     </span>
     <span class='ocr_line' id='line_1_14' title="bbox 490 1561 2829 1639; baseline -0.003 -10"><span class='ocrx_word' id='word_1_108' title='bbox 490 1570 657 1629; x_wconf 90' lang='lat' dir='ltr'>illam</span> <span class='ocrx_word' id='word_1_109' title='bbox 702 1567 968 1627; x_wconf 84' lang='lat' dir='ltr'>criticam</span> <span class='ocrx_word' id='word_1_110' title='bbox 1011 1586 1048 1624; x_wconf 87' lang='lat' dir='ltr'>a</span> <span class='ocrx_word' id='word_1_111' title='bbox 1091 1563 1325 1624; x_wconf 84' lang='lat' dir='ltr'>Guietis</span> <span class='ocrx_word' id='word_1_112' title='bbox 1374 1561 1742 1621; x_wconf 82' lang='lat' dir='ltr'>Ruhnkeniis</span> <span class='ocrx_word' id='word_1_113' title='bbox 1787 1562 2042 1637; x_wconf 87' lang='lat' dir='ltr'>Heyniis</span> <span class='ocrx_word' id='word_1_114' title='bbox 2087 1562 2451 1638; x_wconf 78' lang='lat' dir='ltr'>factitatam,</span> <span class='ocrx_word' id='word_1_115' title='bbox 2508 1583 2658 1639; x_wconf 89' lang='lat' dir='ltr'>quae</span> <span class='ocrx_word' id='word_1_116' title='bbox 2704 1562 2829 1621; x_wconf 84' lang='lat' dir='ltr'>fere</span> 
     </span>
     <span class='ocr_line' id='line_1_15' title="bbox 492 1647 2832 1728; baseline -0.003 -15"><span class='ocrx_word' id='word_1_117' title='bbox 492 1656 553 1713; x_wconf 91' lang='lat' dir='ltr'>in</span> <span class='ocrx_word' id='word_1_118' title='bbox 599 1650 952 1728; x_wconf 85' lang='lat' dir='ltr'>detegendis</span> <span class='ocrx_word' id='word_1_119' title='bbox 994 1648 1562 1724; x_wconf 86' lang='lat' dir='ltr'>interpolationibus</span> <span class='ocrx_word' id='word_1_120' title='bbox 1611 1648 1989 1721; x_wconf 85' lang='lat' dir='ltr'>versabatur,</span> <span class='ocrx_word' id='word_1_121' title='bbox 2036 1647 2420 1723; x_wconf 82' lang='lat' dir='ltr'>absolvisset,</span> <span class='ocrx_word' id='word_1_122' title='bbox 2466 1649 2578 1707; x_wconf 89' lang='lat' dir='ltr'>hac</span> <span class='ocrx_word' id='word_1_123' title='bbox 2621 1651 2832 1707; x_wconf 87' lang='lat' dir='ltr'>nostra</span> 
     </span>
     <span class='ocr_line' id='line_1_16' title="bbox 488 1732 2829 1813; baseline -0.003 -16"><span class='ocrx_word' id='word_1_124' title='bbox 488 1740 682 1798; x_wconf 89' lang='lat' dir='ltr'>aetate</span> <span class='ocrx_word' id='word_1_125' title='bbox 726 1738 984 1813; x_wconf 84' lang='lat' dir='ltr'>primum</span> <span class='ocrx_word' id='word_1_126' title='bbox 1031 1733 1518 1793; x_wconf 87' lang='lat' dir='ltr'>Muetzellius</span> <span class='ocrx_word' id='word_1_127' title='bbox 1565 1732 1759 1791; x_wconf 89' lang='lat' dir='ltr'>tribus</span> <span class='ocrx_word' id='word_1_128' title='bbox 1805 1732 1955 1806; x_wconf 90' lang='lat' dir='ltr'>illis,</span> <span class='ocrx_word' id='word_1_129' title='bbox 2001 1732 2106 1807; x_wconf 89' lang='lat' dir='ltr'>qui</span> <span class='ocrx_word' id='word_1_130' title='bbox 2149 1751 2200 1791; x_wconf 91' lang='lat' dir='ltr'>a.</span> <span class='ocrx_word' id='word_1_131' title='bbox 2252 1734 2413 1793; x_wconf 84' lang='lat'><strong>1833</strong></span> <span class='ocrx_word' id='word_1_132' title='bbox 2459 1733 2829 1810; x_wconf 70' lang='lat' dir='ltr'>prodierunt,</span> 
     </span>
     <span class='ocr_line' id='line_1_17' title="bbox 489 1816 2831 1893; baseline -0.003 -12"><span class='ocrx_word' id='word_1_133' title='bbox 489 1823 660 1881; x_wconf 85' lang='lat' dir='ltr'>libris</span> <span class='ocrx_word' id='word_1_134' title='bbox 717 1823 790 1880; x_wconf 90' lang='lat' dir='ltr'>de</span> <span class='ocrx_word' id='word_1_135' title='bbox 845 1819 1256 1880; x_wconf 86' lang='lat' dir='ltr'>emendatione</span> <span class='ocrx_word' id='word_1_136' title='bbox 1303 1816 1683 1893; x_wconf 83' lang='lat' dir='ltr'>Theogoniae</span> <span class='ocrx_word' id='word_1_137' title='bbox 1740 1818 1980 1893; x_wconf 89' lang='lat' dir='ltr'>scriptis</span> <span class='ocrx_word' id='word_1_138' title='bbox 2036 1816 2303 1877; x_wconf 86' lang='lat' dir='ltr'>criticam</span> <span class='ocrx_word' id='word_1_139' title='bbox 2349 1819 2477 1877; x_wconf 89' lang='lat' dir='ltr'>eius</span> <span class='ocrx_word' id='word_1_140' title='bbox 2519 1818 2831 1877; x_wconf 86' lang='lat' dir='ltr'>historiam</span> 
     </span>
     <span class='ocr_line' id='line_1_18' title="bbox 490 1901 2830 1980; baseline -0.002 -14"><span class='ocrx_word' id='word_1_141' title='bbox 490 1907 627 1965; x_wconf 90' lang='lat' dir='ltr'>inde</span> <span class='ocrx_word' id='word_1_142' title='bbox 669 1906 745 1965; x_wconf 93' lang='lat' dir='ltr'>ab</span> <span class='ocrx_word' id='word_1_143' title='bbox 790 1905 1148 1980; x_wconf 86' lang='lat' dir='ltr'>antiquitate</span> <span class='ocrx_word' id='word_1_144' title='bbox 1191 1902 1266 1962; x_wconf 88' lang='lat' dir='ltr'>ad</span> <span class='ocrx_word' id='word_1_145' title='bbox 1310 1921 1418 1962; x_wconf 90' lang='lat' dir='ltr'>sua</span> <span class='ocrx_word' id='word_1_146' title='bbox 1465 1920 1649 1977; x_wconf 91' lang='lat' dir='ltr'>usque</span> <span class='ocrx_word' id='word_1_147' title='bbox 1694 1905 1964 1979; x_wconf 88' lang='lat' dir='ltr'>tempora</span> <span class='ocrx_word' id='word_1_148' title='bbox 1993 1901 2334 1961; x_wconf 88' lang='lat' dir='ltr'>doctissime</span> <span class='ocrx_word' id='word_1_149' title='bbox 2364 1904 2830 1963; x_wconf 87' lang='lat' dir='ltr'>accuratissime·</span> 
     </span>
     <span class='ocr_line' id='line_1_19' title="bbox 490 1985 2830 2067; baseline -0.002 -17"><span class='ocrx_word' id='word_1_150' title='bbox 490 2010 604 2067; x_wconf 91' lang='lat' dir='ltr'>que</span> <span class='ocrx_word' id='word_1_151' title='bbox 633 1992 950 2066; x_wconf 86' lang='lat' dir='ltr'>pertexuit,</span> <span class='ocrx_word' id='word_1_152' title='bbox 999 1993 1128 2048; x_wconf 89' lang='lat' dir='ltr'>tum</span> <span class='ocrx_word' id='word_1_153' title='bbox 1159 1987 1547 2063; x_wconf 88' lang='lat' dir='ltr'>Gruppius</span> <span class='ocrx_word' id='word_1_154' title='bbox 1591 1985 1685 2045; x_wconf 92' lang='lat' dir='ltr'>bis</span> <span class='ocrx_word' id='word_1_155' title='bbox 1729 2005 1952 2047; x_wconf 86' lang='lat' dir='ltr'>novum</span> <span class='ocrx_word' id='word_1_156' title='bbox 1998 2005 2172 2045; x_wconf 90' lang='lat' dir='ltr'>suum</span> <span class='ocrx_word' id='word_1_157' title='bbox 2215 1988 2527 2047; x_wconf 87' lang='lat' dir='ltr'>inventum</span> <span class='ocrx_word' id='word_1_158' title='bbox 2572 1988 2646 2047; x_wconf 88' lang='lat' dir='ltr'>de</span> <span class='ocrx_word' id='word_1_159' title='bbox 2676 1990 2830 2047; x_wconf 88' lang='lat' dir='ltr'>stro-</span> 
     </span>
     <span class='ocr_line' id='line_1_20' title="bbox 492 2071 2834 2153; baseline -0.002 -19"><span class='ocrx_word' id='word_1_160' title='bbox 492 2077 625 2153; x_wconf 88' lang='lat' dir='ltr'>phis</span> <span class='ocrx_word' id='word_1_161' title='bbox 667 2075 978 2135; x_wconf 86' lang='lat' dir='ltr'>Hesiodeis</span> <span class='ocrx_word' id='word_1_162' title='bbox 1024 2075 1280 2150; x_wconf 91' lang='lat' dir='ltr'>primum</span> <span class='ocrx_word' id='word_1_163' title='bbox 1330 2073 1490 2131; x_wconf 86' lang='grc'><strong>1837</strong></span> <span class='ocrx_word' id='word_1_164' title='bbox 1536 2071 1829 2147; x_wconf 90' lang='lat' dir='ltr'>quinariis</span> <span class='ocrx_word' id='word_1_165' title='bbox 1874 2075 2002 2130; x_wconf 92' lang='lat' dir='ltr'>tum</span> <span class='ocrx_word' id='word_1_166' title='bbox 2053 2072 2209 2131; x_wconf 83' lang='lat'>1841</span> <span class='ocrx_word' id='word_1_167' title='bbox 2260 2073 2536 2132; x_wconf 87' lang='lat' dir='ltr'>ternariis</span> <span class='ocrx_word' id='word_1_168' title='bbox 2580 2073 2834 2148; x_wconf 85' lang='lat' dir='ltr'>protulit</span> 
     </span>
     <span class='ocr_line' id='line_1_21' title="bbox 492 2156 2825 2221; baseline -0.002 0"><span class='ocrx_word' id='word_1_169' title='bbox 492 2166 712 2221; x_wconf 87' lang='lat' dir='ltr'>temere</span> <span class='ocrx_word' id='word_1_170' title='bbox 767 2160 917 2220; x_wconf 88' lang='lat' dir='ltr'>illud</span> <span class='ocrx_word' id='word_1_171' title='bbox 972 2159 1167 2219; x_wconf 87' lang='lat' dir='ltr'>adbuc</span> <span class='ocrx_word' id='word_1_172' title='bbox 1224 2161 1285 2216; x_wconf 89' lang='lat' dir='ltr'>et</span> <span class='ocrx_word' id='word_1_173' title='bbox 1343 2158 1687 2216; x_wconf 88' lang='lat' dir='ltr'>damnatum</span> <span class='ocrx_word' id='word_1_174' title='bbox 1735 2159 1797 2215; x_wconf 88' lang='lat' dir='ltr'>et</span> <span class='ocrx_word' id='word_1_175' title='bbox 1839 2158 2180 2216; x_wconf 88' lang='lat' dir='ltr'>tractatum.</span> <span class='ocrx_word' id='word_1_176' title='bbox 2268 2156 2502 2218; x_wconf 84' lang='lat' dir='ltr'>Interea</span> <span class='ocrx_word' id='word_1_177' title='bbox 2544 2177 2676 2217; x_wconf 90' lang='lat' dir='ltr'>cum</span> <span class='ocrx_word' id='word_1_178' title='bbox 2720 2157 2825 2216; x_wconf 88' lang='lat' dir='ltr'>alii</span> 
     </span>
     <span class='ocr_line' id='line_1_22' title="bbox 492 2241 2834 2322; baseline -0.002 -18"><span class='ocrx_word' id='word_1_179' title='bbox 492 2265 726 2322; x_wconf 89' lang='lat' dir='ltr'>quoque</span> <span class='ocrx_word' id='word_1_180' title='bbox 770 2245 884 2305; x_wconf 87' lang='lat' dir='ltr'>viri</span> <span class='ocrx_word' id='word_1_181' title='bbox 928 2245 1078 2303; x_wconf 90' lang='lat' dir='ltr'>bene</span> <span class='ocrx_word' id='word_1_182' title='bbox 1123 2243 1297 2302; x_wconf 91' lang='lat' dir='ltr'>multi</span> <span class='ocrx_word' id='word_1_183' title='bbox 1352 2242 1416 2301; x_wconf 89' lang='lat' dir='ltr'>in</span> <span class='ocrx_word' id='word_1_184' title='bbox 1470 2241 1919 2317; x_wconf 84' lang='lat' dir='ltr'>interpretanda</span> <span class='ocrx_word' id='word_1_185' title='bbox 1973 2246 2033 2302; x_wconf 88' lang='lat' dir='ltr'>et</span> <span class='ocrx_word' id='word_1_186' title='bbox 2070 2242 2445 2302; x_wconf 69' lang='lat' dir='ltr'>restituenda</span> <span class='ocrx_word' id='word_1_187' title='bbox 2488 2242 2834 2318; x_wconf 84' lang='lat' dir='ltr'>Theogonia</span> 
     </span>
     <span class='ocr_line' id='line_1_23' title="bbox 493 2326 2833 2405; baseline -0.003 -15"><span class='ocrx_word' id='word_1_188' title='bbox 493 2331 887 2405; x_wconf 86' lang='lat' dir='ltr'>laborassent,</span> <span class='ocrx_word' id='word_1_189' title='bbox 934 2348 1006 2388; x_wconf 80' lang='lat' dir='ltr'>ex</span> <span class='ocrx_word' id='word_1_190' title='bbox 1049 2328 1264 2405; x_wconf 90' lang='lat' dir='ltr'>quibus</span> <span class='ocrx_word' id='word_1_191' title='bbox 1308 2330 1541 2403; x_wconf 89' lang='lat' dir='ltr'>praeter</span> <span class='ocrx_word' id='word_1_192' title='bbox 1571 2326 2132 2403; x_wconf 84' lang='lat' dir='ltr'>Goettlingium</span> <span class='ocrx_word' id='word_1_193' title='bbox 2179 2327 2271 2386; x_wconf 92' lang='lat' dir='ltr'>bis</span> <span class='ocrx_word' id='word_1_194' title='bbox 2315 2327 2607 2387; x_wconf 90' lang='lat' dir='ltr'>editorem</span> <span class='ocrx_word' id='word_1_195' title='bbox 2651 2327 2833 2385; x_wconf 88' lang='lat' dir='ltr'>Her·</span> 
     </span>
     <span class='ocr_line' id='line_1_24' title="bbox 492 2412 2833 2489; baseline -0.003 -13"><span class='ocrx_word' id='word_1_196' title='bbox 492 2434 800 2475; x_wconf 89' lang='lat' dir='ltr'>mannus</span> <span class='ocrx_word' id='word_1_197' title='bbox 857 2417 1034 2489; x_wconf 86' lang='lat' dir='ltr'>atque</span> <span class='ocrx_word' id='word_1_198' title='bbox 1080 2413 1638 2472; x_wconf 85' lang='lat' dir='ltr'>Schoemannus</span> <span class='ocrx_word' id='word_1_199' title='bbox 1692 2412 2038 2470; x_wconf 89' lang='lat' dir='ltr'>nominandi</span> <span class='ocrx_word' id='word_1_200' title='bbox 2096 2414 2266 2487; x_wconf 91' lang='lat' dir='ltr'>sunt,</span> <span class='ocrx_word' id='word_1_201' title='bbox 2324 2412 2427 2471; x_wconf 89' lang='lat' dir='ltr'>ille</span> <span class='ocrx_word' id='word_1_202' title='bbox 2473 2412 2698 2488; x_wconf 90' lang='lat' dir='ltr'>ingenii</span> <span class='ocrx_word' id='word_1_203' title='bbox 2742 2412 2833 2469; x_wconf 86' lang='lat' dir='ltr'>in-</span> 
     </span>
     <span class='ocr_line' id='line_1_25' title="bbox 493 2495 2830 2579; baseline -0.003 -17"><span class='ocrx_word' id='word_1_204' title='bbox 493 2501 879 2579; x_wconf 89' lang='lat' dir='ltr'>comparabili</span> <span class='ocrx_word' id='word_1_205' title='bbox 934 2499 1205 2558; x_wconf 86' lang='lat' dir='ltr'>acumine</span> <span class='ocrx_word' id='word_1_206' title='bbox 1250 2496 1501 2573; x_wconf 90' lang='lat' dir='ltr'>insignis</span> <span class='ocrx_word' id='word_1_207' title='bbox 1555 2495 1652 2554; x_wconf 91' lang='lat' dir='ltr'>hic</span> <span class='ocrx_word' id='word_1_208' title='bbox 1706 2496 2010 2556; x_wconf 87' lang='lat' dir='ltr'>doctrinae</span> <span class='ocrx_word' id='word_1_209' title='bbox 2056 2498 2241 2575; x_wconf 88' lang='lat' dir='ltr'>copiis</span> <span class='ocrx_word' id='word_1_210' title='bbox 2284 2500 2347 2557; x_wconf 90' lang='lat' dir='ltr'>et</span> <span class='ocrx_word' id='word_1_211' title='bbox 2390 2497 2685 2556; x_wconf 87' lang='lat' dir='ltr'>industria</span> <span class='ocrx_word' id='word_1_212' title='bbox 2742 2497 2830 2556; x_wconf 88' lang='lat' dir='ltr'>in-</span> 
     </span>
     <span class='ocr_line' id='line_1_26' title="bbox 491 2581 2831 2663; baseline -0.003 -16"><span class='ocrx_word' id='word_1_213' title='bbox 491 2591 771 2663; x_wconf 76' lang='lat' dir='ltr'>structuS,</span> <span class='ocrx_word' id='word_1_214' title='bbox 817 2588 953 2644; x_wconf 87' lang='lat' dir='ltr'>ante</span> <span class='ocrx_word' id='word_1_215' title='bbox 996 2584 1102 2642; x_wconf 90' lang='lat' dir='ltr'>hos</span> <span class='ocrx_word' id='word_1_216' title='bbox 1146 2585 1429 2659; x_wconf 90' lang='lat' dir='ltr'>quattuor</span> <span class='ocrx_word' id='word_1_217' title='bbox 1470 2599 1660 2640; x_wconf 86' lang='lat' dir='ltr'>annos</span> <span class='ocrx_word' id='word_1_218' title='bbox 1705 2583 1935 2642; x_wconf 81' lang='lat' dir='ltr'>exstitit</span> <span class='ocrx_word' id='word_1_219' title='bbox 1963 2583 2351 2643; x_wconf 85' lang='lat' dir='ltr'>Edu‘ardus</span> <span class='ocrx_word' id='word_1_220' title='bbox 2398 2581 2831 2642; x_wconf 84' lang='lat' dir='ltr'>Gerhardus</span> 
     </span>
     <span class='ocr_line' id='line_1_27' title="bbox 487 2666 2834 2747; baseline -0.001 -17"><span class='ocrx_word' id='word_1_221' title='bbox 487 2671 728 2747; x_wconf 88' lang='lat' dir='ltr'>Vester,</span> <span class='ocrx_word' id='word_1_222' title='bbox 783 2672 887 2747; x_wconf 89' lang='lat' dir='ltr'>qui</span> <span class='ocrx_word' id='word_1_223' title='bbox 942 2669 1100 2728; x_wconf 88' lang='lat' dir='ltr'>haud</span> <span class='ocrx_word' id='word_1_224' title='bbox 1156 2668 1276 2727; x_wconf 89' lang='lat' dir='ltr'>scio</span> <span class='ocrx_word' id='word_1_225' title='bbox 1331 2686 1408 2726; x_wconf 87' lang='lat' dir='ltr'>an</span> <span class='ocrx_word' id='word_1_226' title='bbox 1452 2666 1718 2725; x_wconf 90' lang='lat' dir='ltr'>omnium</span> <span class='ocrx_word' id='word_1_227' title='bbox 1761 2668 1987 2742; x_wconf 89' lang='lat' dir='ltr'>optime</span> <span class='ocrx_word' id='word_1_228' title='bbox 2031 2668 2103 2726; x_wconf 90' lang='lat' dir='ltr'>de</span> <span class='ocrx_word' id='word_1_229' title='bbox 2147 2668 2494 2745; x_wconf 83' lang='lat' dir='ltr'>Theogonia</span> <span class='ocrx_word' id='word_1_230' title='bbox 2538 2669 2834 2727; x_wconf 90' lang='lat' dir='ltr'>meruerit</span> 
     </span>
     <span class='ocr_line' id='line_1_28' title="bbox 491 2752 2832 2833; baseline -0.003 -16"><span class='ocrx_word' id='word_1_231' title='bbox 491 2777 577 2833; x_wconf 89' lang='lat' dir='ltr'>e0,</span> <span class='ocrx_word' id='word_1_232' title='bbox 623 2757 782 2832; x_wconf 87' lang='lat' dir='ltr'>quod</span> <span class='ocrx_word' id='word_1_233' title='bbox 829 2756 1113 2828; x_wconf 86' lang='lat' dir='ltr'>diversas,</span> <span class='ocrx_word' id='word_1_234' title='bbox 1158 2771 1230 2811; x_wconf 80' lang='lat' dir='ltr'>ex</span> <span class='ocrx_word' id='word_1_235' title='bbox 1277 2752 1492 2828; x_wconf 90' lang='lat' dir='ltr'>quibus</span> <span class='ocrx_word' id='word_1_236' title='bbox 1538 2753 1871 2826; x_wconf 87' lang='lat' dir='ltr'>composita</span> <span class='ocrx_word' id='word_1_237' title='bbox 1914 2754 2023 2827; x_wconf 90' lang='lat' dir='ltr'>est,</span> <span class='ocrx_word' id='word_1_238' title='bbox 2068 2755 2270 2828; x_wconf 89' lang='lat' dir='ltr'>partes</span> <span class='ocrx_word' id='word_1_239' title='bbox 2298 2755 2525 2829; x_wconf 90' lang='lat' dir='ltr'>primus</span> <span class='ocrx_word' id='word_1_240' title='bbox 2555 2755 2832 2811; x_wconf 87' lang='lat' dir='ltr'>accurate</span> 
     </span>
     <span class='ocr_line' id='line_1_29' title="bbox 493 2837 2833 2916; baseline -0.003 -15"><span class='ocrx_word' id='word_1_241' title='bbox 493 2842 863 2916; x_wconf 88' lang='lat' dir='ltr'>distinguere</span> <span class='ocrx_word' id='word_1_242' title='bbox 892 2842 1072 2914; x_wconf 89' lang='lat' dir='ltr'>atque</span> <span class='ocrx_word' id='word_1_243' title='bbox 1117 2856 1409 2897; x_wconf 87' lang='lat' dir='ltr'>enarrare.</span> <span class='ocrx_word' id='word_1_244' title='bbox 1434 2839 1683 2895; x_wconf 89' lang='lat' dir='ltr'>conatus</span> <span class='ocrx_word' id='word_1_245' title='bbox 1726 2841 1835 2913; x_wconf 89' lang='lat' dir='ltr'>est,</span> <span class='ocrx_word' id='word_1_246' title='bbox 1882 2837 1944 2896; x_wconf 91' lang='lat' dir='ltr'>in</span> <span class='ocrx_word' id='word_1_247' title='bbox 1988 2856 2106 2912; x_wconf 86' lang='lat' dir='ltr'>quo</span> <span class='ocrx_word' id='word_1_248' title='bbox 2150 2840 2391 2914; x_wconf 89' lang='lat' dir='ltr'>negotio</span> <span class='ocrx_word' id='word_1_249' title='bbox 2436 2856 2570 2897; x_wconf 89' lang='lat' dir='ltr'>cum</span> <span class='ocrx_word' id='word_1_250' title='bbox 2615 2839 2675 2895; x_wconf 90' lang='lat' dir='ltr'>et</span> <span class='ocrx_word' id='word_1_251' title='bbox 2720 2857 2833 2914; x_wconf 82' lang='lat' dir='ltr'>ego</span> 
     </span>
     <span class='ocr_line' id='line_1_30' title="bbox 493 2917 2831 3000; baseline -0.001 -15"><span class='ocrx_word' id='word_1_252' title='bbox 493 2926 730 3000; x_wconf 87' lang='lat' dir='ltr'>saepius</span> <span class='ocrx_word' id='word_1_253' title='bbox 783 2926 903 2984; x_wconf 90' lang='lat' dir='ltr'>iam</span> <span class='ocrx_word' id='word_1_254' title='bbox 961 2921 1367 2998; x_wconf 86' lang='lat' dir='ltr'>desudassem,</span> <span class='ocrx_word' id='word_1_255' title='bbox 1426 2917 1823 2997; x_wconf 80' lang='lat' dir='ltr'>maximopere</span> <span class='ocrx_word' id='word_1_256' title='bbox 1880 2924 2119 2998; x_wconf 89' lang='lat' dir='ltr'>gavisus</span> <span class='ocrx_word' id='word_1_257' title='bbox 2164 2943 2296 2982; x_wconf 89' lang='lat' dir='ltr'>sum</span> <span class='ocrx_word' id='word_1_258' title='bbox 2340 2923 2549 2983; x_wconf 84' lang='lat' dir='ltr'>videns</span> <span class='ocrx_word' id='word_1_259' title='bbox 2594 2922 2719 2981; x_wconf 84' lang='lat' dir='ltr'>fere</span> <span class='ocrx_word' id='word_1_260' title='bbox 2764 2924 2831 2982; x_wconf 89' lang='lat' dir='ltr'>in</span> 
     </span>
     <span class='ocr_line' id='line_1_31' title="bbox 493 3007 2831 3086; baseline -0.001 -17"><span class='ocrx_word' id='word_1_261' title='bbox 493 3010 867 3086; x_wconf 89' lang='lat' dir='ltr'>gravioribus</span> <span class='ocrx_word' id='word_1_262' title='bbox 921 3010 1098 3068; x_wconf 89' lang='lat' dir='ltr'>rebus</span> <span class='ocrx_word' id='word_1_263' title='bbox 1155 3027 1451 3067; x_wconf 91' lang='lat' dir='ltr'>summum</span> <span class='ocrx_word' id='word_1_264' title='bbox 1510 3007 1680 3065; x_wconf 91' lang='lat' dir='ltr'>illum</span> <span class='ocrx_word' id='word_1_265' title='bbox 1737 3008 2015 3083; x_wconf 90' lang='lat' dir='ltr'>antiquae</span> <span class='ocrx_word' id='word_1_266' title='bbox 2075 3008 2480 3085; x_wconf 84' lang='lat' dir='ltr'>mythologiae</span> <span class='ocrx_word' id='word_1_267' title='bbox 2522 3010 2831 3068; x_wconf 89' lang='lat' dir='ltr'>auctorem</span> 
     </span>
     <span class='ocr_line' id='line_1_32' title="bbox 494 3091 2833 3168; baseline -0.001 -14"><span class='ocrx_word' id='word_1_268' title='bbox 494 3114 727 3154; x_wconf 88' lang='lat' dir='ltr'>mecum</span> <span class='ocrx_word' id='word_1_269' title='bbox 773 3095 1107 3154; x_wconf 90' lang='lat' dir='ltr'>consentire</span> <span class='ocrx_word' id='word_1_270' title='bbox 1152 3093 1266 3168; x_wconf 87' lang='lat' dir='ltr'>ita,</span> <span class='ocrx_word' id='word_1_271' title='bbox 1324 3096 1392 3152; x_wconf 91' lang='lat' dir='ltr'>ut</span> <span class='ocrx_word' id='word_1_272' title='bbox 1447 3093 1627 3150; x_wconf 89' lang='lat' dir='ltr'>etiam</span> <span class='ocrx_word' id='word_1_273' title='bbox 1684 3091 1756 3150; x_wconf 92' lang='lat' dir='ltr'>de</span> <span class='ocrx_word' id='word_1_274' title='bbox 1800 3094 2012 3152; x_wconf 87' lang='lat' dir='ltr'>ceteris</span> <span class='ocrx_word' id='word_1_275' title='bbox 2056 3094 2213 3152; x_wconf 90' lang='lat' dir='ltr'>inter</span> <span class='ocrx_word' id='word_1_276' title='bbox 2255 3111 2363 3153; x_wconf 89' lang='lat' dir='ltr'>nos</span> <span class='ocrx_word' id='word_1_277' title='bbox 2407 3092 2674 3168; x_wconf 87' lang='lat' dir='ltr'>aliosque</span> <span class='ocrx_word' id='word_1_278' title='bbox 2721 3095 2833 3151; x_wconf 87' lang='lat' dir='ltr'>cri-</span> 
     </span>
     <span class='ocr_line' id='line_1_33' title="bbox 492 3177 2835 3254; baseline -0.002 -15"><span class='ocrx_word' id='word_1_279' title='bbox 492 3183 642 3241; x_wconf 88' lang='lat' dir='ltr'>ticos</span> <span class='ocrx_word' id='word_1_280' title='bbox 687 3198 1038 3239; x_wconf 89' lang='lat' dir='ltr'>consensum</span> <span class='ocrx_word' id='word_1_281' title='bbox 1080 3177 1399 3254; x_wconf 88' lang='lat' dir='ltr'>aliquando</span> <span class='ocrx_word' id='word_1_282' title='bbox 1442 3177 1572 3236; x_wconf 90' lang='lat' dir='ltr'>fore</span> <span class='ocrx_word' id='word_1_283' title='bbox 1623 3178 1850 3251; x_wconf 88' lang='lat' dir='ltr'>sperari</span> <span class='ocrx_word' id='word_1_284' title='bbox 1895 3179 2103 3253; x_wconf 87' lang='lat' dir='ltr'>possit.</span> <span class='ocrx_word' id='word_1_285' title='bbox 2198 3178 2329 3248; x_wconf 83' lang='lat' dir='ltr'>Qua</span> <span class='ocrx_word' id='word_1_286' title='bbox 2382 3178 2515 3253; x_wconf 86' lang='lat' dir='ltr'>ipsa</span> <span class='ocrx_word' id='word_1_287' title='bbox 2568 3196 2705 3253; x_wconf 89' lang='lat' dir='ltr'>spe,</span> <span class='ocrx_word' id='word_1_288' title='bbox 2764 3181 2835 3235; x_wconf 88' lang='lat' dir='ltr'>ut</span> 
     </span>
     <span class='ocr_line' id='line_1_34' title="bbox 494 3259 2830 3340; baseline -0.002 -15"><span class='ocrx_word' id='word_1_289' title='bbox 494 3267 613 3325; x_wconf 90' lang='lat' dir='ltr'>iam</span> <span class='ocrx_word' id='word_1_290' title='bbox 656 3283 849 3324; x_wconf 86' lang='lat' dir='ltr'>meam</span> <span class='ocrx_word' id='word_1_291' title='bbox 893 3283 1128 3340; x_wconf 90' lang='lat' dir='ltr'>quoque</span> <span class='ocrx_word' id='word_1_292' title='bbox 1172 3262 1526 3322; x_wconf 90' lang='lat' dir='ltr'>sententiam</span> <span class='ocrx_word' id='word_1_293' title='bbox 1573 3259 1789 3320; x_wconf 90' lang='lat' dir='ltr'>Vestro</span> <span class='ocrx_word' id='word_1_294' title='bbox 1834 3261 2050 3322; x_wconf 90' lang='lat' dir='ltr'>iudicio</span> <span class='ocrx_word' id='word_1_295' title='bbox 2095 3281 2515 3339; x_wconf 88' lang='lat' dir='ltr'>proponerem,</span> <span class='ocrx_word' id='word_1_296' title='bbox 2576 3264 2830 3320; x_wconf 78' lang='lat' dir='ltr'>maxime</span> 
     </span>
     <span class='ocr_line' id='line_1_35' title="bbox 494 3346 2829 3425; baseline -0.003 -15"><span class='ocrx_word' id='word_1_297' title='bbox 494 3351 778 3410; x_wconf 88' lang='lat' dir='ltr'>incitatus</span> <span class='ocrx_word' id='word_1_298' title='bbox 835 3368 985 3408; x_wconf 88' lang='lat' dir='ltr'>sum.</span> <span class='ocrx_word' id='word_1_299' title='bbox 1074 3348 1163 3406; x_wconf 88' lang='lat' dir='ltr'>Ac</span> <span class='ocrx_word' id='word_1_300' title='bbox 1205 3348 1462 3425; x_wconf 89' lang='lat' dir='ltr'>primum</span> <span class='ocrx_word' id='word_1_301' title='bbox 1520 3346 1762 3423; x_wconf 91' lang='lat' dir='ltr'>quidem</span> <span class='ocrx_word' id='word_1_302' title='bbox 1805 3349 1944 3423; x_wconf 90' lang='lat' dir='ltr'>post</span> <span class='ocrx_word' id='word_1_303' title='bbox 1984 3350 2077 3406; x_wconf 92' lang='lat' dir='ltr'>tot</span> <span class='ocrx_word' id='word_1_304' title='bbox 2118 3353 2437 3425; x_wconf 86' lang='lat' dir='ltr'>tantosque</span> <span class='ocrx_word' id='word_1_305' title='bbox 2483 3347 2669 3423; x_wconf 65' lang='lat' dir='ltr'>virm,</span> <span class='ocrx_word' id='word_1_306' title='bbox 2725 3347 2829 3421; x_wconf 92' lang='lat' dir='ltr'>qui</span> 
     </span>
     <span class='ocr_line' id='line_1_36' title="bbox 494 3432 2828 3510; baseline -0.003 -15"><span class='ocrx_word' id='word_1_307' title='bbox 494 3434 810 3495; x_wconf 87' lang='lat' dir='ltr'>solvendae</span> <span class='ocrx_word' id='word_1_308' title='bbox 867 3433 1203 3510; x_wconf 89' lang='lat' dir='ltr'>quaestioni</span> <span class='ocrx_word' id='word_1_309' title='bbox 1258 3432 1646 3491; x_wconf 87' lang='lat' dir='ltr'>difficillimae</span> <span class='ocrx_word' id='word_1_310' title='bbox 1701 3451 1941 3508; x_wconf 90' lang='lat' dir='ltr'>operam</span> <span class='ocrx_word' id='word_1_311' title='bbox 2000 3432 2322 3508; x_wconf 88' lang='lat' dir='ltr'>dederunt,</span> <span class='ocrx_word' id='word_1_312' title='bbox 2381 3433 2529 3508; x_wconf 89' lang='lat' dir='ltr'>quid</span> <span class='ocrx_word' id='word_1_313' title='bbox 2583 3434 2701 3491; x_wconf 89' lang='lat' dir='ltr'>iam</span> <span class='ocrx_word' id='word_1_314' title='bbox 2756 3432 2828 3490; x_wconf 93' lang='lat' dir='ltr'>in</span> 
     </span>
     <span class='ocr_line' id='line_1_37' title="bbox 494 3516 2828 3596; baseline -0.002 -18"><span class='ocrx_word' id='word_1_315' title='bbox 494 3521 620 3578; x_wconf 91' lang='lat' dir='ltr'>uni</span> <span class='ocrx_word' id='word_1_316' title='bbox 642 3537 931 3580; x_wconf 90' lang='lat' dir='ltr'>versum</span> <span class='ocrx_word' id='word_1_317' title='bbox 987 3518 1059 3577; x_wconf 90' lang='lat' dir='ltr'>de</span> <span class='ocrx_word' id='word_1_318' title='bbox 1102 3517 1482 3596; x_wconf 87' lang='lat' dir='ltr'>Theogoniae</span> <span class='ocrx_word' id='word_1_319' title='bbox 1536 3518 1767 3592; x_wconf 88' lang='lat' dir='ltr'>origine</span> <span class='ocrx_word' id='word_1_320' title='bbox 1822 3519 2003 3592; x_wconf 86' lang='lat' dir='ltr'>atque</span> <span class='ocrx_word' id='word_1_321' title='bbox 2046 3517 2393 3576; x_wconf 89' lang='lat' dir='ltr'>condicione</span> <span class='ocrx_word' id='word_1_322' title='bbox 2447 3516 2828 3577; x_wconf 87' lang='lat' dir='ltr'>statuendum</span> 
     </span>
     <span class='ocr_line' id='line_1_38' title="bbox 494 3601 2828 3680; baseline -0.002 -16"><span class='ocrx_word' id='word_1_323' title='bbox 494 3605 798 3679; x_wconf 88' lang='lat' dir='ltr'>videatur,</span> <span class='ocrx_word' id='word_1_324' title='bbox 856 3623 1215 3680; x_wconf 85' lang='lat' dir='ltr'>quamquam</span> <span class='ocrx_word' id='word_1_325' title='bbox 1259 3620 1446 3678; x_wconf 86' lang='lat' dir='ltr'>nuper</span> <span class='ocrx_word' id='word_1_326' title='bbox 1488 3602 1753 3661; x_wconf 86' lang='lat' dir='ltr'>breviter</span> <span class='ocrx_word' id='word_1_327' title='bbox 1797 3602 2054 3661; x_wconf 84' lang='lat' dir='ltr'>indicavi</span> <span class='ocrx_word' id='word_1_328' title='bbox 2097 3602 2163 3660; x_wconf 91' lang='lat' dir='ltr'>in</span> <span class='ocrx_word' id='word_1_329' title='bbox 2205 3601 2361 3661; x_wconf 90' lang='lat' dir='ltr'>libro</span> <span class='ocrx_word' id='word_1_330' title='bbox 2404 3604 2507 3679; x_wconf 90' lang='lat' dir='ltr'>qui</span> <span class='ocrx_word' id='word_1_331' title='bbox 2553 3601 2828 3677; x_wconf 86' lang='lat' dir='ltr'>„Akade·</span> 
     </span>
     <span class='ocr_line' id='line_1_39' title="bbox 493 3685 2827 3764; baseline -0.002 -16"><span class='ocrx_word' id='word_1_332' title='bbox 493 3689 716 3749; x_wconf 87' lang='lat' dir='ltr'>mische</span> <span class='ocrx_word' id='word_1_333' title='bbox 773 3688 1071 3764; x_wconf 68' lang='lat' dir='ltr'>Vortrage</span> <span class='ocrx_word' id='word_1_334' title='bbox 1126 3687 1249 3746; x_wconf 91' lang='lat' dir='ltr'>und</span> <span class='ocrx_word' id='word_1_335' title='bbox 1303 3685 1548 3745; x_wconf 87' lang='lat' dir='ltr'>Reden“</span> <span class='ocrx_word' id='word_1_336' title='bbox 1607 3686 1956 3746; x_wconf 89' lang='lat' dir='ltr'>inscribitur</span> <span class='ocrx_word' id='word_1_337' title='bbox 2009 3707 2068 3763; x_wconf 89' lang='lat' dir='ltr'>p.</span> <span class='ocrx_word' id='word_1_338' title='bbox 2111 3688 2233 3746; x_wconf 83' lang='grc'>387</span> <span class='ocrx_word' id='word_1_339' title='bbox 2266 3706 2425 3763; x_wconf 89' lang='lat' dir='ltr'>sqq.,</span> <span class='ocrx_word' id='word_1_340' title='bbox 2478 3686 2575 3746; x_wconf 88' lang='lat' dir='ltr'>hic</span> <span class='ocrx_word' id='word_1_341' title='bbox 2628 3690 2827 3745; x_wconf 89' lang='lat' dir='ltr'>tamen</span> 
     </span>
     <span class='ocr_line' id='line_1_40' title="bbox 492 3771 2830 3851; baseline -0.001 -18"><span class='ocrx_word' id='word_1_342' title='bbox 492 3775 668 3851; x_wconf 91' lang='lat' dir='ltr'>paulo</span> <span class='ocrx_word' id='word_1_343' title='bbox 721 3774 1054 3833; x_wconf 88' lang='lat' dir='ltr'>accuratius</span> <span class='ocrx_word' id='word_1_344' title='bbox 1104 3775 1369 3848; x_wconf 90' lang='lat' dir='ltr'>repetere</span> <span class='ocrx_word' id='word_1_345' title='bbox 1415 3773 1637 3846; x_wconf 89' lang='lat' dir='ltr'>placet,</span> <span class='ocrx_word' id='word_1_346' title='bbox 1696 3790 1812 3845; x_wconf 88' lang='lat' dir='ltr'>quo</span> <span class='ocrx_word' id='word_1_347' title='bbox 1868 3771 2085 3831; x_wconf 89' lang='lat' dir='ltr'>clarius</span> <span class='ocrx_word' id='word_1_348' title='bbox 2127 3775 2437 3848; x_wconf 89' lang='lat' dir='ltr'>appareat,</span> <span class='ocrx_word' id='word_1_349' title='bbox 2505 3790 2654 3848; x_wconf 87' lang='lat' dir='ltr'>quae</span> <span class='ocrx_word' id='word_1_350' title='bbox 2709 3771 2830 3830; x_wconf 85' lang='lat' dir='ltr'>iam</span> 
     </span>
     <span class='ocr_line' id='line_1_41' title="bbox 491 3856 2830 3935; baseline -0.002 -17"><span class='ocrx_word' id='word_1_351' title='bbox 491 3860 799 3935; x_wconf 89' lang='lat' dir='ltr'>proposita</span> <span class='ocrx_word' id='word_1_352' title='bbox 853 3859 973 3917; x_wconf 91' lang='lat' dir='ltr'>sint</span> <span class='ocrx_word' id='word_1_353' title='bbox 1028 3859 1144 3916; x_wconf 88' lang='lat' dir='ltr'>arti</span> <span class='ocrx_word' id='word_1_354' title='bbox 1187 3857 1423 3915; x_wconf 90' lang='lat' dir='ltr'>criticae</span> <span class='ocrx_word' id='word_1_355' title='bbox 1467 3856 1888 3932; x_wconf 83' lang='lat' dir='ltr'>investiganda</span> <span class='ocrx_word' id='word_1_356' title='bbox 1931 3859 1993 3916; x_wconf 92' lang='lat' dir='ltr'>et</span> <span class='ocrx_word' id='word_1_357' title='bbox 2036 3856 2418 3932; x_wconf 84' lang='lat' dir='ltr'>expedienda.</span> <span class='ocrx_word' id='word_1_358' title='bbox 2509 3857 2672 3928; x_wconf 84' lang='lat' dir='ltr'>Quae</span> <span class='ocrx_word' id='word_1_359' title='bbox 2712 3857 2830 3915; x_wconf 91' lang='lat' dir='ltr'>nisi</span> 
     </span>
     <span class='ocr_line' id='line_1_42' title="bbox 495 3940 2830 4017; baseline -0.003 -13"><span class='ocrx_word' id='word_1_360' title='bbox 495 3946 671 4003; x_wconf 89' lang='lat' dir='ltr'>certis</span> <span class='ocrx_word' id='word_1_361' title='bbox 725 3944 999 4003; x_wconf 85' lang='lat' dir='ltr'>formulis</span> <span class='ocrx_word' id='word_1_362' title='bbox 1056 3940 1646 4015; x_wconf 89' lang='lat' dir='ltr'>circumscribantur,</span> <span class='ocrx_word' id='word_1_363' title='bbox 1706 3943 1898 4000; x_wconf 90' lang='lat' dir='ltr'>omnis</span> <span class='ocrx_word' id='word_1_364' title='bbox 1951 3940 2106 4017; x_wconf 78' lang='lat' dir='ltr'>eiua,</span> <span class='ocrx_word' id='word_1_365' title='bbox 2166 3941 2308 4016; x_wconf 91' lang='lat' dir='ltr'>quid</span> <span class='ocrx_word' id='word_1_366' title='bbox 2353 3942 2679 4017; x_wconf 89' lang='lat' dir='ltr'>genuinum</span> <span class='ocrx_word' id='word_1_367' title='bbox 2721 3942 2830 3998; x_wconf 89' lang='lat' dir='ltr'>aut</span> 
     </span>
     <span class='ocr_line' id='line_1_43' title="bbox 497 4022 2829 4104; baseline -0.001 -18"><span class='ocrx_word' id='word_1_368' title='bbox 497 4029 764 4104; x_wconf 90' lang='lat' dir='ltr'>spurium</span> <span class='ocrx_word' id='word_1_369' title='bbox 820 4022 967 4104; x_wconf 90' lang='lat' dir='ltr'>quid</span> <span class='ocrx_word' id='word_1_370' title='bbox 1021 4026 1393 4103; x_wconf 86' lang='lat' dir='ltr'>primitivum</span> <span class='ocrx_word' id='word_1_371' title='bbox 1448 4029 1551 4086; x_wconf 90' lang='lat' dir='ltr'>aut</span> <span class='ocrx_word' id='word_1_372' title='bbox 1608 4026 2029 4102; x_wconf 86' lang='lat' dir='ltr'>interpolatum</span> <span class='ocrx_word' id='word_1_373' title='bbox 2074 4027 2180 4101; x_wconf 88' lang='lat' dir='ltr'>sit,</span> <span class='ocrx_word' id='word_1_374' title='bbox 2239 4027 2407 4085; x_wconf 90' lang='lat' dir='ltr'>notio</span> <span class='ocrx_word' id='word_1_375' title='bbox 2452 4025 2611 4084; x_wconf 83' lang='lat' dir='ltr'>fluxa</span> <span class='ocrx_word' id='word_1_376' title='bbox 2653 4044 2829 4100; x_wconf 86' lang='lat' dir='ltr'>quae·</span> 
     </span>
     <span class='ocr_line' id='line_1_44' title="bbox 495 4110 2831 4189; baseline -0.001 -18"><span class='ocrx_word' id='word_1_377' title='bbox 495 4114 726 4189; x_wconf 88' lang='lat' dir='ltr'>stioque</span> <span class='ocrx_word' id='word_1_378' title='bbox 772 4114 845 4172; x_wconf 89' lang='lat' dir='ltr'>de</span> <span class='ocrx_word' id='word_1_379' title='bbox 888 4131 958 4173; x_wconf 93' lang='lat' dir='ltr'>eo</span> <span class='ocrx_word' id='word_1_380' title='bbox 1002 4131 1156 4173; x_wconf 87' lang='lat' dir='ltr'>vana</span> <span class='ocrx_word' id='word_1_381' title='bbox 1198 4112 1446 4172; x_wconf 88' lang='lat' dir='ltr'>exsistat</span> <span class='ocrx_word' id='word_1_382' title='bbox 1488 4130 1724 4172; x_wconf 89' lang='lat' dir='ltr'>necesse</span> <span class='ocrx_word' id='word_1_383' title='bbox 1769 4115 1876 4186; x_wconf 90' lang='lat' dir='ltr'>est,</span> <span class='ocrx_word' id='word_1_384' title='bbox 1923 4111 1984 4169; x_wconf 90' lang='lat' dir='ltr'>id</span> <span class='ocrx_word' id='word_1_385' title='bbox 2026 4110 2185 4186; x_wconf 92' lang='lat' dir='ltr'>quod</span> <span class='ocrx_word' id='word_1_386' title='bbox 2225 4110 2383 4170; x_wconf 86' lang='lat' dir='ltr'>haud</span> <span class='ocrx_word' id='word_1_387' title='bbox 2413 4130 2549 4171; x_wconf 90' lang='lat' dir='ltr'>raro</span> <span class='ocrx_word' id='word_1_388' title='bbox 2578 4112 2641 4169; x_wconf 91' lang='lat' dir='ltr'>in</span> <span class='ocrx_word' id='word_1_389' title='bbox 2671 4111 2831 4168; x_wconf 84' lang='lat' dir='ltr'>criti·</span> 
     </span>
     <span class='ocr_line' id='line_1_45' title="bbox 496 4196 2521 4259; baseline -0.001 -2"><span class='ocrx_word' id='word_1_390' title='bbox 496 4216 700 4258; x_wconf 90' lang='lat' dir='ltr'>corum</span> <span class='ocrx_word' id='word_1_391' title='bbox 743 4203 885 4259; x_wconf 89' lang='lat' dir='ltr'>ante</span> <span class='ocrx_word' id='word_1_392' title='bbox 929 4197 1299 4259; x_wconf 84' lang='lat' dir='ltr'>Gerhardum</span> <span class='ocrx_word' id='word_1_393' title='bbox 1344 4198 1611 4256; x_wconf 89' lang='lat' dir='ltr'>omnium</span> <span class='ocrx_word' id='word_1_394' title='bbox 1655 4197 1961 4256; x_wconf 87' lang='lat' dir='ltr'>laboribus</span> <span class='ocrx_word' id='word_1_395' title='bbox 2005 4196 2317 4256; x_wconf 87' lang='lat' dir='ltr'>observare</span> <span class='ocrx_word' id='word_1_396' title='bbox 2361 4196 2521 4255; x_wconf 90' lang='lat' dir='ltr'>licet.</span> 
     </span>
     <span class='ocr_line' id='line_1_46' title="bbox 664 4281 2830 4361; baseline -0.002 -18"><span class='ocrx_word' id='word_1_397' title='bbox 664 4284 776 4343; x_wconf 85' lang='lat' dir='ltr'>Est</span> <span class='ocrx_word' id='word_1_398' title='bbox 830 4284 1018 4361; x_wconf 90' lang='lat' dir='ltr'>igitur</span> <span class='ocrx_word' id='word_1_399' title='bbox 1074 4302 1172 4358; x_wconf 89' lang='lat' dir='ltr'>ea,</span> <span class='ocrx_word' id='word_1_400' title='bbox 1231 4301 1409 4358; x_wconf 88' lang='lat' dir='ltr'>quam</span> <span class='ocrx_word' id='word_1_401' title='bbox 1465 4282 1641 4341; x_wconf 91' lang='lat' dir='ltr'>hodie</span> <span class='ocrx_word' id='word_1_402' title='bbox 1694 4281 2011 4356; x_wconf 89' lang='lat' dir='ltr'>habemus,</span> <span class='ocrx_word' id='word_1_403' title='bbox 2069 4281 2415 4358; x_wconf 71' lang='lat' dir='ltr'>Theogonis</span> <span class='ocrx_word' id='word_1_404' title='bbox 2468 4297 2590 4339; x_wconf 93' lang='lat' dir='ltr'>non</span> <span class='ocrx_word' id='word_1_405' title='bbox 2642 4297 2830 4338; x_wconf 86' lang='lat' dir='ltr'>unum</span> 
     </span>
     <span class='ocr_line' id='line_1_47' title="bbox 496 4363 2829 4445; baseline -0.002 -18"><span class='ocrx_word' id='word_1_406' title='bbox 496 4370 672 4427; x_wconf 90' lang='lat' dir='ltr'>unius</span> <span class='ocrx_word' id='word_1_407' title='bbox 702 4371 910 4445; x_wconf 88' lang='lat' dir='ltr'>poetae</span> <span class='ocrx_word' id='word_1_408' title='bbox 941 4387 1177 4426; x_wconf 88' lang='lat' dir='ltr'>carmen</span> <span class='ocrx_word' id='word_1_409' title='bbox 1207 4366 1772 4442; x_wconf 89' lang='lat' dir='ltr'>interpolationibus</span> <span class='ocrx_word' id='word_1_410' title='bbox 1801 4366 2213 4426; x_wconf 86' lang='lat' dir='ltr'>tantummodo</span> <span class='ocrx_word' id='word_1_411' title='bbox 2246 4366 2548 4426; x_wconf 86' lang='lat' dir='ltr'>lacunisve</span> <span class='ocrx_word' id='word_1_412' title='bbox 2578 4363 2829 4424; x_wconf 89' lang='lat' dir='ltr'>subinde</span> 
     </span>
     <span class='ocr_line' id='line_1_48' title="bbox 496 4451 2829 4528; baseline -0.002 -16"><span class='ocrx_word' id='word_1_413' title='bbox 496 4452 830 4528; x_wconf 88' lang='lat' dir='ltr'>foedatum,</span> <span class='ocrx_word' id='word_1_414' title='bbox 887 4452 986 4511; x_wconf 86' lang='lat' dir='ltr'>sed</span> <span class='ocrx_word' id='word_1_415' title='bbox 1045 4469 1257 4527; x_wconf 88' lang='lat' dir='ltr'>corpus</span> <span class='ocrx_word' id='word_1_416' title='bbox 1301 4452 1426 4512; x_wconf 85' lang='lat' dir='ltr'>sive</span> <span class='ocrx_word' id='word_1_417' title='bbox 1471 4454 1791 4528; x_wconf 86' lang='lat' dir='ltr'>syntagma</span> <span class='ocrx_word' id='word_1_418' title='bbox 1834 4471 1904 4510; x_wconf 84' lang='lat' dir='ltr'>ex</span> <span class='ocrx_word' id='word_1_419' title='bbox 1949 4452 2130 4514; x_wconf 82' lang='lat' dir='ltr'>variis</span> <span class='ocrx_word' id='word_1_420' title='bbox 2173 4452 2473 4511; x_wconf 86' lang='lat' dir='ltr'>variorum</span> <span class='ocrx_word' id='word_1_421' title='bbox 2521 4451 2829 4526; x_wconf 85' lang='lat' dir='ltr'>poetarum</span> 
     </span>
    </p>
   </div>
  </div>
 </body>
</html>
