3132 5129
383 2222 440 2268 17

1418 387 1875 450 -540—

481 568 624 622 esse,
674 567 850 622 quem
896 564 1130 603 curium
1178 544 1350 603 facile
1396 544 1740 603 revehemus
1787 564 1891 603 suo
1936 544 2248 619 splendore
2277 548 2573 640 ornatum,
2623 546 2672 603 si
2702 564 2813 619 pro

480 628 645 709 ἱερὸν
706 624 843 707 ὄμμ’
902 623 1096 705 αὕφᾶς
1153 630 1326 688 etiam
1389 633 1643 687 metrum
1690 633 2064 704 pelvertente
2110 630 2583 703 rescripserimus
2630 628 2815 704 ἱερᾶν

479 712 642 793 ἅρμ’
693 711 927 793 αὐγᾶι.
987 717 1138 773 'lum
1172 715 1485 789 sequentia
1529 709 1782 783 α’λλοις
1828 707 1885 770 δ’
1935 711 2089 770 ἄλλα
2120 712 2303 784 ποοσέ
2344 715 2589 789 alonge
2619 714 2814 789 aliter,

484 805 660 877 atque
707 801 896 859 adhuc
941 800 1163 859 factum
1225 802 1344 873 est,
1404 799 1709 857 tractanda
1754 818 1882 857 esse
1935 798 2141 857 itidem
2189 818 2257 857 ex
2329 800 2448 857 ocis
2493 818 2674 872 supra
2718 800 2816 855 ad-

483 887 719 962 criptis
765 890 1029 961 apparet,
1078 887 1145 942 ut
1188 884 1349 943 solus
1395 884 1511 941 iam
1543 883 1848 980 perspexit
1876 884 2245 977 HartungUS,
2295 884 2415 957 qui,
2465 903 2598 941 cum
2631 884 2814 942 ceteri

483 991 688 1030 omnes
736 971 1067 1029 Seidlerum
1112 969 1296 1029 secuti
1342 971 1569 1026 mutato
1614 958 1854 1037 α’λλοις
1839 988 1902 1027 1n
1945 958 2209 1037 α’λλαις
2241 969 2505 1027 contenti
2537 969 2811 1043 fuissent,

482 1075 599 1131 quo
646 1056 844 1130 posito
895 1075 1107 1114 aureus
1151 1055 1303 1113 aries
1350 1053 1531 1128 „belli
1578 1053 1682 1111 illa
1724 1055 2034 1112 teterrima
2065 1052 2277 1112 causa“
2323 1053 2478 1111 male
2511 1056 2813 1127 tamquam

480 1142 730 1199 aliarum
776 1141 1177 1198 calamitatum
1221 1138 1516 1213 appendix
1565 1138 1998 1214 designaretur,
2045 1138 2353 1197 verissime
2384 1134 2568 1216 ἄλλα
2598 1134 2810 1207 προσέ-

479 1225 519 1300 β
531 1228 705 1283 αλεν
736 1225 987 1300 scripsit,
1037 1226 1330 1299 expunoto
1360 1218 1580 1296 ἄλλοις,
1610 1222 1769 1297 quod
1800 1223 1957 1281 haud
1988 1223 2465 1297 improbabiliter
2495 1241 2602 1298 pro
2633 1221 2816 1281 ditto-

480 1310 729 1387 graphia
786 1309 1189 1368 antecedentis
1236 1306 1519 1366 ΑΛΙΟΣ
1570 1307 1775 1382 habet,
1834 1309 1948 1366 nisi
1995 1309 2149 1365 sorte
2197 1310 2395 1366 ortum
2441 1311 2531 1366 est
2574 1327 2643 1365 ex
2686 1303 2813 1364 αλ·

480 1398 677 1470 λοσε,
739 1414 886 1469 quae
933 1398 1038 1452 aut
1080 1395 1282 1470 glossa
1326 1394 1442 1452 fuit
1485 1395 1591 1450 aut
1635 1393 1888 1451 varietas
1935 1393 2175 1468 genuini
2221 1383 2421 1450 α’λλα.
2512 1392 2602 1450 Eo
2648 1394 2816 1466 peius

484 1481 640 1539 idem
687 1481 928 1540 criticus
974 1481 1037 1538 in
1083 1480 1399 1554 postremis
1445 1477 1648 1552 lapsus
1695 1482 1818 1552 est,
1875 1498 2026 1553 quae
2084 1471 2321 1554 ὀδύνα
2368 1478 2570 1535 dativo
2615 1478 2815 1552 posito

483 1567 567 1623 ita
610 1566 989 1638 interpietari
1038 1564 1353 1637 sustinuit,
1401 1566 1470 1620 ut
1515 1562 1617 1619 ille
1662 1562 1786 1637 ipse
1829 1563 2057 1621 scilicet
2102 1580 2307 1621 causae
2341 1562 2578 1620 dativus
2608 1582 2644 1619 a
2674 1581 2811 1634 μετ-

487 1646 689 1725 έβαλε,
732 1642 915 1724 αρνός
959 1666 1100 1707 vero
1147 1649 1460 1722 genetivus
1507 1648 1580 1705 ab
1624 1640 1776 1726 ἄλλα
1819 1647 2134 1722 penderet:

885 1749 1072 1818 „Unci
1113 1751 1340 1808 wandte
1383 1752 1480 1808 des
1522 1750 1767 1824 helliycn
1809 1749 2035 1808 St‘rahls
2079 1749 2247 1808 Blick

896 1833 1374 1893 Verschwindend
1415 1836 1641 1908 hinwey

882 1917 1014 1978 Aus
1055 1919 1321 1979 Schmerz
1363 1937 1492 1979 vom
1530 1921 1812 1993 yoldenen
1855 1919 2071 1977 Lamm
2116 1921 2199 1977 im
2242 1919 2510 1979 Ραίαεςιέί

479 2038 757 2096 Refutare
815 2038 957 2097 haec
1000 2058 1067 2097 eo
1113 2038 1307 2095 minus
1353 2056 1500 2113 opus
1546 2040 1665 2112 est,
1724 2036 2006 2112 quoniam
2049 2037 2146 2095 hic
2190 2055 2423 2112 quoque
2469 2038 2584 2095 loci
2635 2037 2812 2095 modo

480 2122 780 2197 adscripti,
830 2123 1127 2197 quomodo
1174 2123 1467 2197 probabjli
1499 2122 1934 2193 ‚nonnullarum
1982 2122 2344 2197 syllabarum
2392 2124 2810 2198 supplemento

481 2207 642 2265 aurei
705 2208 909 2266 arietis
966 2209 1257 2267 adventus
1314 2227 1446 2266 cum
1503 2208 1646 2266 solis
1690 2208 2073 2266 conversione
2118 2207 2452 2283 iungendus
2497 2207 2605 2280 sit,
2667 2207 2812 2265 satis

479 2295 683 2368 aperte
729 2294 1008 2368 produnt.
1083 2294 1173 2351 Ne
1218 2293 1430 2367 multa,
1479 2294 1641 2350 totus
1685 2293 1866 2367 locus,
1916 2292 2102 2351 donec
2146 2293 2420 2351 meliores
2465 2292 2602 2350 libri
2648 2292 2814 2349 dete·

480 2381 716 2453 gantur,
767 2378 872 2435 hac
918 2378 1197 2436 facillima
1241 2378 1469 2437 ratione
1514 2378 1749 2435 restitui
1796 2381 1857 2434 et
1901 2379 2101 2451 potest
2145 2377 2453 2435 etsdebet:

1191 2475 1565 2547 δινευούσαις
1654 2478 1657 2483 ’

1098 2561 1299 2634 ἵπποις
1343 2567 1598 2633 πταναῖς
1639 2556 1895 2635 ἀλλάξας

1098 2645 1153 2719 ἐξ
1199 2646 1370 2724 ἕδρας
1419 2644 1616 2724 ιερᾶν
1660 2643 1825 2721 αρμ’
1874 2669 1951 2702 αι
1970 2645 2103 2725 γᾶν

1095 2730 1256 2802 ἅλιος
1299 2731 1483 2792 α’λλα
1528 2730 1964 2827 προσέβαλει,
2011 2726 2113 2788 ὅτ’
2164 2729 2289 2809 ἔβα

1095 2813 1345 2893 χρυσέας
1390 2809 1566 2894 αρνός
1616 2811 1935 2894 μελάθροις
1984 2811 2203 2889 Meua,

1098 2895 1278 2977 φόνος
1322 2898 1418 2960 ἐπὶ
1462 2901 1665 2981 φόνῳ,
1712 2898 1857 2977 α’χεοὶ
1904 2895 1959 2957 τ’
2008 2898 2235 2977 ἀᾛχεσιν

481 3021 855 3078 Postremum
899 3041 1134 3080 versum
1180 3021 1332 3078 male
1364 3040 1471 3095 plo
1505 3022 1711 3098 spurio
1743 3021 2488 3095 habetHartungus,cu1n
2524 3020 2571 3076 is
2603 3041 2812 3078 versus

479 3124 723 3180 prorsus
780 3106 1017 3180 quidem
1077 3106 1439 3164 necessarius
1488 3125 1618 3164 cum
1666 3107 1852 3179 ipsius
1898 3106 2034 3180 agni
2081 3107 2633 3164 commemoratione
2690 3126 2811 3162 ma·

482 3190 672 3248 lorum
717 3191 854 3248 inde
901 3191 1285 3249 oriundorum
1331 3191 1546 3249 molem
1582 3191 1782 3249 statim
1817 3190 2024 3248 eodem
2058 3191 2232 3248 modo
2265 3191 2586 3263 coniungat
2627 3192 2813 3264 atque

481 3276 539 3333 in
587 3276 820 3333 chorico
869 3275 1095 3334 Orestis
1142 3277 1367 3334 cantico
1413 3276 1634 3333 factum
1681 3280 1771 3333 est
1818 3294 1995 3349 supra
2042 3294 2099 3349 p.
2135 3278 2254 3332 537
2283 3294 2368 3348 sq.
2417 3275 2751 3348 adscripto:

1095 3370 1271 3434 ὁπότε
1315 3374 1586 3455 χρυσείας
1633 3372 1752 3449 ἔρις
1798 3367 1982 3449 ἆρνός

1093 3451 1285 3536 ἤλυθε
1334 3460 1757 3536 Τανταλίδαις,

1094 3542 1440 3620 οἰκτρότατα
1486 3537 1824 3621 θοιναματα
1870 3565 1967 3600 και

1098 3628 1323 3707 σφάγια
1367 3630 1659 3709 γενναίων
1703 3625 1934 3688 τεκέων.

483 3734 633 3792 Cum
687 3735 759 3792 iis
807 3753 975 3808 vere,
1022 3734 1239 3809 quibus
1284 3733 1459 3793 modo
1505 3755 1562 3809 p.
1599 3734 1719 3791 538
1752 3733 2049 3791 Electram
2101 3735 2369 3807 querelas
2416 3752 2547 3790 suas
2580 3733 2811 3790 conclu-

481 3820 720 3878 dentem
793 3819 1077 3895 legimus,
1154 3838 1330 3894 quam
1403 3821 1677 3877 accurate
1743 3817 2120 3877 consentiant
2179 3837 2325 3892 quae
2394 3817 2487 3875 hic
2554 3836 2812 3892 sequun-

481 3907 608 3976 tur,
663 3905 828 3962 vide:

635 3985 662 4012 ⁸
1095 3985 1275 4046 ἔνθεν
1319 3993 1441 4046 τῶν
1485 3978 1752 4056 πρόσθεν
1799 3982 2151 4062 δμαθέντων

1101 4072 1474 4131 Τανταλιδᾶν
1519 4069 1779 4147 ἐκβαίνει
1825 4068 2004 4129 ποινά
2052 4064 2112 4148 γ’

1094 4155 1175 4228 εἰς
1220 4156 1454 4227 οἴκους·
1504 4154 1750 4215 σπεύδει
1797 4149 1852 4210 δ’
1900 4149 2272 4214 ἀσπούδαστ’

1096 4239 1198 4300 ἐπί
1239 4257 1332 4300 σοι
1378 4240 1624 4318 δαίμων.

481 4361 660 4419 Inde
704 4362 908 4437 igitur,
955 4363 1011 4420 h.
1045 4381 1094 4420 e.
1145 4381 1214 4420 ex
1259 4364 1374 4422 ista
1418 4363 1702 4422 scelerum
1748 4361 2271 4435 calamitatumque
2316 4360 2482 4432 serie,
2530 4361 2809 4418 Tanta-

480 4446 717 4503 lidum
765 4446 947 4504 olim
990 4452 1543 4521 peremptorum
1590 4445 1860 4505 vindex
1906 4465 2139 4520 poena
2169 4445 2450 4503 domum
2483 4445 2809 4519 invadit,
