3132 5129
1317 362 1781 424 —151—

380 541 414 579 e
461 520 673 580 bellico
730 520 995 578 tumultu
1050 521 1323 594 ereptum
1381 518 1624 577 lecticae
1676 518 2025 593 impositum
2084 520 2261 593 atque
2306 518 2380 576 ad
2427 519 2723 579 Achillem

377 605 677 682 perlatum
723 607 834 678 est,
882 606 1007 662 tum
1055 603 1292 663 demum
1337 602 1488 662 Iuno
1519 603 1703 662 solem
1734 601 1997 661 occidere
2028 602 2231 662 iussit:
2282 604 2402 663 vid.
2432 604 2492 659 Σ
2519 606 2719 664 165-

380 691 524 749 242.
599 688 879 749 Profecto
923 689 1112 765 igitur
1155 687 1416 763 mireriS,
1475 687 1620 762 quid
1666 687 1772 762 sit,
1835 687 1992 764 quod
2037 705 2291 764 magnus
2336 691 2544 748 noster
2601 709 2721 747 ma-

376 777 567 852 gister
622 775 752 835 vice
808 792 980 835 versa
1037 793 1108 832 ex
1170 773 1479 832 Patrocles
1535 773 1599 830 in
1657 773 2124 849 Agamemnonis
2179 772 2468 833 Aristiam
2523 774 2722 834 illatos

378 879 508 920 esse
551 861 659 919 hos
701 876 907 920 versus
950 859 1273 934 putaverit.

551 944 669 1004 Sed
725 943 1165 1003 funestissimus
1220 943 1398 1002 etiam
1454 943 1556 1001 ille
1612 960 1777 1000 error
1829 940 2214 1002 Lachmanno
2271 944 2525 1018 exstitit,
2588 963 2718 1002 cum

376 1033 608 1090 remoto
653 1029 757 1088 illo
804 1029 1058 1088 disticho
1105 1027 1342 1087 unicum
1388 1028 1513 1102 ipse
1545 1026 1660 1085 sibi
1705 1027 1964 1102 eriperet
2006 1026 2244 1104 ducem,
2292 1047 2410 1104 quo
2454 1033 2723 1088 uteretur

377 1115 456 1174 ad
500 1115 966 1192 Agamemnonis
1011 1113 1299 1172 Aristiam
1353 1115 1516 1171 recte
1561 1111 2191 1187 circumscribendam,
2251 1114 2348 1172 cui
2400 1115 2516 1173 iam
2561 1114 2721 1190 quod

377 1204 518 1277 post
570 1203 634 1257 A
679 1202 800 1259 55⁷
858 1199 1197 1274 fragmenta
1248 1216 1320 1256 ex
1377 1192 1433 1259 Ξ
1475 1200 1539 1255 et
1595 1195 1647 1252 Ο
1700 1196 1979 1255 adiunxit
2043 1199 2270 1270 partim
2328 1199 2401 1257 ad
2462 1200 2719 1274 Apatam

379 1286 601 1361 partim
657 1284 733 1343 ad
777 1283 1337 1359 Epinausimacham
1390 1282 1783 1356 pertinentia,
1841 1282 2177 1342 necessario
2234 1302 2306 1343 ex
2360 1284 2464 1342 illo
2521 1304 2719 1343 errore

376 1369 677 1446 profluxit.
768 1369 892 1428 Nos
948 1367 1188 1444 quidem
1244 1367 1561 1443 postquam
1619 1385 1824 1426 versus
1881 1365 2015 1425 illos
2075 1371 2137 1425 et
2192 1369 2536 1428 retinendos
2592 1388 2720 1429 esse

374 1460 440 1515 et
480 1454 1022 1514 luculentissimum
1074 1452 1376 1513 continere
1407 1450 1869 1528 Agamemnonii
1921 1452 2198 1513 carminis
2241 1454 2529 1514 indicium
2573 1454 2719 1515 vidi-

377 1559 542 1615 mus,
599 1540 710 1598 hoc
761 1538 962 1614 ipsum
1018 1538 1135 1597 iam
1191 1536 1607 1613 intellegemus
1666 1555 1986 1612 pugnam
2045 1537 2423 1614 descripsisse
2473 1540 2718 1600 noctis

373 1626 818 1685 interventu
864 1623 1340 1698 diremptam,
1386 1622 1473 1681 ita
1500 1624 1571 1680 ut
1614 1621 1667 1679 ei
1712 1622 1940 1696 optimo
1971 1622 2101 1682 iure
2135 1623 2723 1700 Agamemnonis
2753 1636 2817 1683 37

372 1710 714 1769 Aristiae
767 1709 918 1767 alter
971 1707 1114 1767 olim
1158 1706 1334 1766 datus
1379 1706 1564 1765 fuerit
1602 1706 1834 1781 titulus,
1880 1707 1983 1781 qui
2030 1724 2188 1768 nunc
2230 1714 2438 1769 nostro
2481 1711 2717 1769 centoni

371 1795 633 1854 inhaesit
662 1826 742 1837 -
774 1792 1092 1851 ΚΟΛΟΣ
1133 1791 1347 1848 ΜΑΧ
1364 1791 1449 1848 H.
1540 1789 1714 1850 Unde
1745 1791 1935 1851 vero?
2008 1792 2062 1850 A
2094 1795 2364 1855 versibus
2394 1795 2717 1871 pulcherri-

371 1880 504 1956 mis,
549 1881 768 1955 quibus
811 1879 915 1937 ille
958 1877 1166 1937 finitur
1207 1876 1579 1935 485—488:

677 1992 744 2055 ἐν
788 1988 850 2054 δ’
897 1988 1060 2055 ἔπεσ’
1099 1986 1370 2075 Ὠκεανῷ
1414 1991 1685 2071 λαμπρὸν
1727 1989 1881 2068 φάος
1924 1986 2159 2071 ἠελίοιο,

678 2078 852 2140 ἕλκον
895 2077 1085 2140 νύκτα
1128 2076 1416 2154 μέλαιναν
1461 2075 1558 2137 ἐπὶ
1604 2077 1883 2156 ζείδωρον
1926 2075 2221 2180 ἄρουραν·

683 2162 915 2244 Τρωσὶν
957 2161 1068 2242 μέν
1112 2158 1169 2242 ῥ’
1216 2159 1502 2223 οἰκέουσιν
1545 2159 1651 2222 ἔδυ
1696 2162 1874 2240 φάος,
1920 2162 2114 2241 αυτᾶρ
2155 2161 2410 2243 Ἀχαιοῖς

675 2245 940 2327 ἀσπασίη
987 2248 1302 2327 τρίλλιστος
1350 2245 1618 2325 ἐπήλυθε
1664 2247 1774 2322 νὺξ
1820 2245 2123 2328 ἐρεβεννή.

374 2389 604 2461 Quibus
659 2389 930 2447 versibus
997 2387 1196 2464 potius
1250 2387 1443 2461 ipsam
1499 2385 2086 2461 Agamemnonis
2146 2388 2540 2464 Arisffiam,
2610 2391 2711 2449 ubi

371 2477 498 2551 ipse
557 2473 833 2549 Iuppiter
890 2491 1150 2549 pugnam
1210 2471 1513 2531 occidente
1569 2471 1692 2529 sole
1749 2473 1927 2546 atque
1982 2475 2266 2549 surgente
2312 2477 2485 2534 nocte
2530 2476 2708 2534 inter·

370 2562 619 2636 ruptum
676 2559 747 2618 iri
810 2557 1206 2634 praedicavit,
1267 2556 1447 2633 digne
1503 2556 2066 2633 accommodateque
2120 2558 2393 2619 concludi
2449 2559 2566 2620 iam
2609 2562 2711 2637 qui

374 2647 656 2722 negatum
700 2647 799 2704 eat
840 2643 1138 2703 neminem
1183 2644 1309 2701 fore
1353 2642 1627 2704 arbitror.

543 2813 658 2872 Sed
714 2813 775 2873 hi
834 2832 1039 2873 versus
1097 2812 1276 2871 etiam
1331 2811 1531 2869 ultimi
1587 2815 1753 2887 sunt,
1820 2812 1894 2870 de
1937 2812 2158 2887 quibus
2203 2814 2350 2873 mihi
2393 2815 2705 2874 dicendum

370 2900 503 2974 suit,
552 2901 823 2975 „iamque
869 2916 1020 2973 opus
1064 2895 1273 2973 exegi“
1320 2900 1382 2955 et
1424 2895 1609 2955 taedii
1653 2896 2069 2972 plenissimum
2114 2900 2176 2956 et
2220 2918 2362 2958 vero
2408 2900 2709 2959 utilitatis.

371 2985 613 3043 Etenim
660 2985 914 3059 primum
960 2982 1202 3058 quidem
1246 2983 1441 3039 totum
1486 2980 1655 3039 illum
1687 2982 1881 3040 locum
1916 2981 1987 3037 H
2003 2983 2126 3041 313
2158 3018 2227 3027 —
2262 2982 2314 3040 Θ
2343 2985 2485 3060 488,
2535 3004 2711 3061 quem

369 3070 482 3127 hoc
537 3069 740 3128 libello
796 3071 1164 3143 pertractare
1215 3066 1485 3140 institui,
1545 3084 1665 3141 quo
1710 3066 1840 3126 loco
1890 3068 2058 3142 quasi
2104 3070 2472 3129 conclusorio
2518 3070 2712 3145 lapide

374 3158 567 3212 totam
611 3153 926 3229 hodiernae
970 3151 1173 3211 Iliadis
1231 3169 1575 3228 compagem
1632 3152 1926 3210 contineri
1981 3170 2156 3212 nemo
2219 3172 2338 3213 non
2392 3154 2582 3229 videt,
2641 3175 2709 3214 ex

374 3239 557 3298 variis
614 3239 979 3314 diversisque
1034 3236 1386 3312 fragmentis
1441 3236 1597 3294 male
1655 3237 2128 3312 conglutinatum
2174 3257 2302 3299 esse
2348 3258 2416 3297 ea
2458 3240 2717 3313 ratione,

369 3343 548 3399 quam
593 3343 772 3399 supra
818 3343 874 3398 p.
926 3323 1044 3381 123
1091 3340 1258 3381 casae
1300 3320 1545 3379 Italicae
1592 3324 2032 3396 comparatione
2078 3322 2403 3396 illustravi,
2452 3326 2575 3382 tam
2616 3342 2707 3383 ac-

372 3411 576 3467 curate
621 3408 1037 3483 luculenteque
1083 3406 1517 3465 demonstrasse
1561 3406 1708 3464 mihi
1752 3408 1989 3478 videor,
2035 3410 2104 3465 ut
2146 3409 2266 3467 iam
2309 3426 2429 3467 non
2484 3428 2706 3484 verear,

375 3512 451 3551 ne
496 3494 627 3569 quis
659 3511 894 3552 carmen
939 3492 1035 3552 vel
1077 3491 1483 3550 recentissimo
1529 3491 1815 3550 imitatori
1856 3492 2312 3553 adscribendum
2342 3493 2560 3552 nedum
2590 3494 2711 3553 Ho-

379 3579 595 3637 merico
641 3578 884 3637 nomine
928 3577 1176 3653 dignum
1219 3576 1314 3635 hic
1357 3576 1474 3634 iam
1519 3575 1692 3635 nobis
1738 3582 1845 3635 aut
1889 3578 2300 3639 vindicaturus
2330 3580 2411 3637 sit
2437 3581 2542 3637 aut
2571 3597 2708 3637 ven-

381 3664 696 3722 ditatums.
773 3662 869 3721 Ita
898 3680 1038 3720 vero
1082 3680 1203 3720 non
1248 3662 1441 3719 solum
1487 3678 1738 3735 operoso
1782 3662 2178 3721 unitariorum
2220 3662 2490 3723 aedificio
2535 3682 2709 3722 omne

373 3747 776 3807 subtraximus
809 3747 1282 3821 fundamentum,
1330 3746 1435 3805 sed
1480 3747 1662 3805 etiam
1692 3748 1753 3805 in
1786 3748 1998 3805 intima
2028 3750 2405 3808 centenariae
2435 3747 2707 3808 officinae

369 3833 697 3908 penetralia
741 3834 909 3908 quasi
955 3832 1202 3908 ingressi
1247 3831 1557 3906 proprium
1614 3832 1798 3906 ipsius
1844 3832 2217 3891 fabricatoris
2261 3832 2564 3908 opificium
2609 3851 2706 3907 pe·

367 3919 528 3977 nitus
582 3919 979 3992 inspeximus,
1033 3918 1137 3992 qui
1195 3917 1359 3974 varia
1411 3915 1805 3991 undecunque
1861 3917 2079 3976 diversi
2134 3920 2369 3994 generis
2414 3917 2707 3992 pretiique

367 4003 702 4078 fragmenta
731 4004 902 4079 vigili
948 4002 1252 4060 oculorum
1297 4002 1421 4060 acie
1466 4002 1821 4076 conquirens
1864 4001 2274 4077 indefessoque
2319 4001 2522 4060 labore
2553 4021 2706 4060 com-

367 4106 592 4162 ponens
637 4087 894 4146 multum
940 4105 1081 4146 sane
1125 4086 1310 4145 distat
1350 4105 1387 4144 a
1429 4085 1623 4144 bono
1669 4086 1771 4144 illo
1817 4086 2167 4163 Homero,
2214 4106 2392 4163 quem
2436 4088 2703 4162 unitarii,

367 4172 837 4248 quandocunque
880 4173 994 4249 ipsi
1040 4172 1243 4231 oculos
1287 4172 1514 4246 aperire
1555 4173 1734 4247 atque
1764 4171 2074 4231 intendere
2103 4190 2222 4230 non
2253 4172 2494 4244 audent,
2543 4171 2706 4230 dor·

367 4259 628 4317 mitare
696 4257 948 4316 Horatio
1013 4260 1253 4316 auctore
1318 4255 1729 4327 percommode
1798 4257 2041 4315 faciunt.
2143 4256 2371 4315 Deinde
2437 4275 2579 4315 vero
2646 4261 2708 4315 et

366 4344 590 4420 egregii
648 4344 972 4418 poematis,
1030 4341 1194 4418 quod
1256 4340 1468 4398 ΔΙΟΣ
1517 4340 1828 4398 ΑΠΑΤΗ
1884 4341 2257 4416 inscribitur,
2316 4343 2460 4401 satis
2517 4342 2705 4400 multa

365 4429 702 4505 fragmenta
755 4429 1030 4504 interque
1086 4446 1155 4488 ea
1211 4427 1405 4501 ipsum
1469 4427 1710 4484 initium
1769 4426 2098 4485 deteximus
2154 4422 2355 4503 atque‘
2392 4428 2465 4486 ab
2523 4427 2704 4485 inter-
