3132 5129
1274 373 1734 434 „449-

332 532 652 607 quicquam
715 530 841 589 sani
889 529 1175 588 edocturi.
1265 531 1393 590 Hoc
1439 531 1622 607 igitur
1665 533 1831 606 quasi
1876 530 2363 591 Hermeneutices
2394 530 2666 589 Critices·

331 636 449 690 que
495 635 627 675 cum
658 615 1000 673 Aesthetica
1042 618 1224 690 atque
1257 615 1524 674 Historia
1570 616 1776 674 foedus
1822 635 2123 691 speramus
2169 617 2294 675 sore
2340 624 2408 674 ut
2451 616 2511 673 in
2543 616 2668 673 dies

308 697 565 759 'firmius
609 700 926 776 colligetur
969 699 1267 775 latiusque
1312 701 1700 758 extendatur!
1978 754 1984 759 .

505 785 630 844 Iam
662 785 1052 859 perlustranti
1101 785 1242 843 mihi
1290 786 1649 860 criticorum,
1699 805 1850 862 quae
1899 786 2050 845 sorte
2085 787 2144 843 in
2175 785 2447 844 manibus
2480 790 2666 859 erant,

334 872 711 930 conaminum
758 870 972 928 seriem
1017 870 1210 945 primo
1255 871 1384 929 loco
1430 871 1598 945 quasi
1647 871 1806 930 ultro
1853 871 2051 929 offerri
2098 871 2414 930 videbatur
2459 871 2663 930 biblio·

334 957 537 1014 thecae
603 958 842 1013 nostrae
910 955 1218 1013 Palatinae
1281 957 1612 1030 antiquitus
1679 956 2094 1015 celeberrimae
2161 957 2387 1014 codex
2454 975 2668 1014 manu

335 1042 677 1114 scriptus
721 1058 967 1098 numero
1013 1042 1092 1098 43
1140 1042 1437 1116 signatus,
1486 1042 1590 1115 qui
1636 1041 1792 1099 inter
1821 1042 1938 1098 alia
1968 1042 2193 1115 scripta
2220 1042 2399 1099 etiam
2430 1041 2666 1100 notissi-

338 1145 501 1183 mum
549 1125 827 1183 Musaei
874 1125 958 1186 de
1003 1124 1244 1183 Herus
1289 1129 1362 1183 et
1406 1125 1728 1183 Leandri
1773 1126 2158 1184 amoribus
2203 1144 2438 1184 carmen
2483 1126 2668 1184 conti-

336 1214 457 1269 net.
560 1208 747 1278 Quem
816 1210 1073 1269 codicem
1142 1230 1273 1269 cum
1340 1212 1622 1269 instituta
1687 1230 1876 1286 nuper
1940 1210 2258 1269 collatione
2315 1211 2671 1269 invenissem
2705 1223 2734 1270 7

337 1314 459 1353 non
518 1295 708 1352 solum
767 1294 996 1368 aliquot
1056 1295 1226 1354 bonis
1283 1295 1638 1354 lectionibus
1695 1297 1916 1369 partim
1971 1295 2197 1381 ignotis
2242 1296 2526 1354 excellere
2569 1296 2672 1353 sed

339 1382 520 1439 etiam
568 1380 718 1437 duos
763 1379 1029 1455 integros
1064 1399 1265 1439 versus
1309 1400 1343 1437 a
1387 1381 1626 1438 nemine
1672 1380 1813 1438 dum
1857 1384 1962 1438 aut
2006 1383 2308 1454 respectos
2340 1383 2444 1437 aut
2474 1399 2671 1454 recep·

339 1469 433 1523 tos
478 1465 689 1523 offerre
720 1465 1082 1538 omninoque
1115 1465 1356 1523 Musaeo
1386 1465 1748 1523 recensendo
1779 1465 1934 1522 haud
1967 1464 2462 1524 contemnendum
2501 1484 2670 1539 prae·

345 1550 482 1607 bere
524 1547 1005 1623 instrumentum,
1052 1550 1179 1607 eius
1222 1550 1440 1607 codicis
1486 1569 1596 1625 ope
1642 1551 1689 1607 si
1735 1550 2011 1608 carminis
2044 1550 2204 1608 illius
2236 1550 2430 1624 verba,
2476 1550 2674 1624 qualia

338 1653 373 1691 a
419 1633 773 1707 novissime,
821 1633 922 1708 qui
969 1633 1205 1707 quidem
1254 1634 1316 1693 in
1362 1654 1599 1693 censum
1651 1636 1850 1693 venire
1893 1639 2117 1710 potest,
2175 1634 2403 1693 editore
2456 1635 2672 1692 Fran·

337 1720 531 1776 cisco
575 1718 945 1777 Passovio
1002 1723 1138 1778 ante
1197 1721 1305 1778 hos
1350 1718 1454 1776 LV
1500 1738 1689 1777 annos
1745 1721 2072 1780 constituta¹
2126 1725 2296 1794 sunt,
2359 1720 2553 1777 denuo
2612 1718 2673 1776 in

338 1821 583 1861 examen
630 1820 926 1878 vocarem,
983 1798 1220 1880 gratum
1282 1823 1401 1862 non
1457 1804 1650 1862 solum
1696 1803 1954 1873 Graecae
2007 1823 2254 1879 poeseos
2311 1803 2676 1862 amatoribus

343 1887 445 1945 sed
490 1888 669 1944 etiam
715 1889 926 1947 ceteris
968 1888 1146 1948 huius
1191 1892 1518 1948 conventus
1564 1890 1738 1948 sociis
1783 1889 1846 1947 id
1891 1909 1985 1948 me
2029 1890 2323 1948 facturum
2368 1889 2673 1964 putabam.

341 1970 594 2029 Carmen
642 1972 837 2046 ipsum
880 1973 1038 2032 enim
1084 1993 1448 2049 quamquam
1495 1994 1530 2031 a
1574 1974 1792 2033 saeculi
1826 1974 1989 2032 vitiis
2034 1980 2213 2049 atque
2257 1975 2419 2032 inani
2449 1974 2676 2032 Nonni-

338 2075 487 2115 anae
543 2056 777 2116 scholae
838 2060 1071 2123 tumore
1126 2059 1281 2117 haud
1339 2058 1594 2117 liberum
1661 2058 2067 2117 dulcissimum
2133 2063 2333 2117 tamen
2390 2060 2678 2132 vivosque

343 2140 746 2199 ardentissimi
794 2143 1013 2200 amoris
1059 2143 1289 2201 furores
1334 2144 1564 2218 spirans
1612 2143 1881 2200 ultimam
1927 2145 2270 2202 emorientis
2317 2143 2678 2201 Graecarum

344 2227 682 2285 litterarum
713 2225 876 2285 horti
920 2246 1116 2286 rosam
1159 2227 1314 2285 haud
1362 2228 1561 2302 inepte
1608 2228 1843 2302 dixeris,
1890 2246 2079 2302 neque
2124 2229 2184 2285 id
2230 2227 2678 2285 Schillerum

341 2315 617 2370 nostrum
662 2312 840 2369 latuit
885 2330 1118 2387 semper
1163 2307 1221 2381 ἐς
1268 2306 1330 2368 τὸ
1378 2302 1564 2369 καλὸν
1609 2308 1674 2369 ἐκ
1719 2318 1823 2369 τοῦ
1869 2314 2057 2372 καλοῦ
2102 2307 2365 2387 ἐνεγκεῖν
2410 2312 2677 2385 solitum,

342 2415 475 2455 cum
530 2395 820 2454 Graecum
879 2396 1082 2455 florem
1139 2415 1259 2455 non
1317 2399 1437 2453 tam
1497 2397 1839 2472 decerperet
1894 2397 2268 2472 depingendo
2325 2396 2677 2455 imitandum

343 2500 521 2556 quam
555 2482 722 2555 quasi
756 2500 890 2539 cum
931 2482 1077 2556 ipsis
1122 2479 1403 2539 radiculis
1449 2487 1784 2557 exemptum
1817 2480 2202 2540 Germanicae
2233 2499 2478 2557 poeseos
2508 2500 2681 2538 areae

344 2568 647 2625 insereret.
724 2567 1043 2627 Passovius
1087 2570 1317 2641 autem,
1366 2568 1531 2624 cuius
1576 2567 1841 2626 recensio
1887 2567 1949 2625 in
1983 2567 2346 2626 editionibus
2378 2569 2515 2642 post
2543 2585 2678 2624 eum

343 2651 661 2727 publicatis
716 2652 1088 2726 paucissimis
1144 2651 1388 2710 mutatis
1447 2652 1705 2725 repetita
1759 2655 1877 2726 est,
1936 2651 2278 2711 doctissime
2337 2651 2576 2727 quidem
2621 2655 2683 2709 et

345 2738 416 2808 de
472 2735 843 2794 nobilissimo
898 2737 1005 2795 illo
1052 2736 1290 2795 Musaeo
1338 2736 1540 2795 Attico
1600 2739 1661 2794 et
1714 2735 1786 2795 de
1841 2737 2049 2795 ceteris
2103 2737 2365 2796 eiusdem
2420 2736 2681 2795 nominis

344 2821 609 2880 obscuris
654 2821 998 2880 hominibus
1044 2820 1341 2895 disseruit,
1389 2821 1588 2895 ipsum
1632 2820 1810 2879 etiam
1858 2840 2093 2880 carmen
2138 2822 2445 2898 eleganter
2471 2841 2683 2892 ‚verna-

345 2907 482 2963 cula
526 2905 1021 2981 interpretatione
1066 2907 1387 2981 expressit,
1431 2906 1670 2981 singula
1712 2910 1910 2964 tamen
1959 2906 2143 2965 verba
2186 2926 2296 2966 nec
2340 2911 2686 2967 constanter

348 3008 460 3048 nec
491 2990 637 3048 satis
680 2991 869 3065 perite
913 2992 1229 3065 recensuit,
1276 2992 1362 3049 ita
1406 2994 1475 3049 ut
1514 3008 1623 3048 nec
1651 2990 2031 3066 antiquarum
2062 2991 2391 3050 editionum
2421 2991 2686 3050 subsidia

349 3074 690 3133 exhauriret
719 3093 828 3135 nee
860 3076 1082 3135 codicis
1112 3075 1375 3135 Gothani
1408 3075 1713 3136 cuiusdam
1760 3073 2134 3152 lectionibus,
2180 3096 2327 3151 quas
2358 3097 2416 3151 p.
2451 3078 2565 3134 166
2590 3095 2682 3150 sq.

347 3163 656 3233 excerptas
703 3160 885 3235 dedit,
933 3161 1037 3219 ubi
1082 3160 1337 3219 debebat
1365 3162 1654 3220 uteretur.
1729 3160 1839 3218 Est
1868 3161 1970 3219 ille
2015 3180 2156 3221 sane
2202 3161 2534 3234 mediocriS,
2583 3159 2685 3218 sed

348 3246 585 3319 poterat
628 3247 831 3303 tamen
876 3266 946 3304 ex
991 3264 1079 3319 ee,
1126 3245 1241 3303 alia
1284 3251 1353 3303 ut
1397 3245 1638 3304 silentio
1684 3245 2109 3321 transmittam,
2152 3266 2208 3309 v.
2236 3247 2316 3304 56
2351 3244 2686 3322 χαρίεσσαν,

354 3348 409 3386 v.
446 3331 524 3386 95
570 3325 816 3402 κάλλος,
860 3350 918 3389 v.
957 3332 1075 3388 193
1119 3321 1506 3404 ἠνεμόφωνος
1549 3329 1870 3388 Passovius
1915 3331 2193 3405 recipere.

521 3413 715 3471 Multo
760 3415 973 3473 melior
1019 3417 1137 3487 est,
1193 3433 1554 3490 quamquam
1602 3433 1724 3472 non
1767 3415 2023 3472 multum
2068 3416 2262 3491 primo
2307 3417 2505 3473 fronte
2549 3432 2683 3487 pro·

350 3497 566 3572 mittit,
625 3498 909 3574 „codex
965 3500 1044 3557 43
1093 3498 1541 3558 Palatinus“
1597 3499 1967 3571 chartaceus,
2028 3500 2132 3575 qui
2189 3489 2420 3557 saeculo
2475 3499 2689 3573 quinto

349 3583 576 3641 decimo
623 3584 825 3642 eadem
871 3584 1196 3659 Neograeci
1244 3584 1550 3642 cuiusdam
1594 3601 1771 3641 manu
1828 3582 2020 3642 solitis
2078 3582 2352 3643 ductibus
2412 3584 2688 3641 exaratus

354 3668 507 3726 inter
572 3667 944 3727 Theodori
1026 3667 1409 3726 Prodromi
1485 3668 1748 3726 carmina
1822 3667 2053 3741 aliaque
2129 3667 2278 3726 varii
2349 3667 2683 3744 argumenti

353 3747 641 3830 scripta¹)
697 3756 831 3827 post
896 3752 1682 3827 Pseudophocylidea,
1753 3771 1905 3827 quae
1967 3749 2454 3809 Φωκυλλίδου
2512 3748 2689 3830 (sicl)

353 3832 660 3912 πόιησις
706 3829 1073 3910 ὠφέλιμος
1118 3837 1552 3910 inscribuntur,
1602 3836 1738 3894 inde
1768 3855 1802 3893 a
1834 3836 1938 3894 fol.
1971 3837 2091 3894 85³
2123 3855 2308 3911 usque
2340 3836 2412 3893 ad
2445 3837 2549 3896 fol.
2582 3830 2692 3895 88¹²

362 3920 751 3979 Μουσαίου
795 3920 1308 3999 γραμματικοῦ
1354 3917 1431 3979 τὰ
1478 3913 1653 3978 καθ’
1694 3914 1880 3996 Ἡρῶ
1921 3916 2040 3977 καὶ
2097 3916 2494 3998 Λέανδρον
2554 3938 2690 3978 con-

354 4006 528 4065 tinet.
615 4006 706 4064 Eo
752 4009 1211 4082 praestantiores
1254 4007 1439 4067 libros
1484 4003 1740 4065 inveniri
1787 4023 1955 4080 posse
2010 4023 2130 4063 non
2190 4005 2430 4080 dubito,
2486 4006 2690 4065 inven-

357 4096 484 4149 tum
530 4091 604 4150 iri
649 4109 849 4167 spero,
897 4093 1162 4150 omnium
1191 4097 1406 4167 autem,
1453 4092 1749 4168 quotquot
1781 4090 2008 4148 Musaei
2038 4090 2268 4149 codices
2298 4089 2491 4148 adhuc
2518 4091 2691 4149 inno-

497 4308 546 4375 1)
584 4308 727 4363 Vide
766 4324 836 4363 ea
871 4310 1206 4363 enumerata
1241 4307 1298 4359 in
1336 4306 1495 4370 libre,
1534 4307 1630 4372 qui
1667 4304 2017 4359 inscribitur:
2060 4303 2430 4368 „Geschichte
2458 4303 2559 4357 der
2583 4302 2692 4356 Bil-

359 4372 541 4441 dung,
590 4376 931 4446 Beraubung
968 4377 1082 4430 und
1120 4374 1507 4440 Vernichtung
1552 4375 1650 4426 der
1686 4374 1839 4428 alten
1875 4371 2414 4441 Heidelbergischen
2451 4371 2691 4425 Bucher-

358 4443 748 4529 sammlungeu
785 4476 847 4483 —
889 4462 999 4500 von
1037 4444 1247 4498 Friedr.
1285 4440 1527 4497 Wilken.
1601 4439 1856 4498 Heidelb.
1899 4443 2082 4495 1817.“
2119 4457 2173 4508 p.
2199 4445 2300 4493 276
2318 4457 2402 4508 sq.

464 4538 713 4590 Kochly,
754 4539 1005 4582 Schriften.
1034 4539 1071 4578 1.
2226 4531 2291 4578 29
