3132 5129
381 741 447 789 22

380 3879 445 3925 23

1424 370 1883 435 „gssgw

484 527 731 589 ovium
789 528 1142 603 pastores
1198 530 1259 586 et
1310 528 1512 586 ferae
1571 526 2179 603 bestiae.1taque
2225 546 2336 604 ego
2380 528 2443 585 in
2491 527 2820 586 subsidium

485 616 693 674 vocata
736 613 988 673 Stravii
1009 612 1350 672 coniectura
1391 613 1588 672 locum
1636 614 1795 673 varie
1839 612 2162 688 tentabam,
2207 615 2279 670 ut
2320 615 2425 671 aut

736 725 889 807 ἀμφὶ
932 725 997 789 δὲ
1038 731 1234 807 μῆλα
1280 734 1576 807 νομοῖσι
1622 724 1774 789 κατ’
1822 726 2053 789 αλσεα
2096 727 2292 788 πάντα
2336 727 2623 806 φέβονται

482 820 589 875 aut
736 844 890 924 ἀμφὶ
934 844 1001 907 δὲ
1029 839 1528 927 4μηλονόμοισι
1569 835 1722 908 κατ’
1770 845 1994 909 ἄλσεα
2035 852 2230 927 μῆλα
2275 844 2559 927 φέβονται

455 970 837 1043 ,οοιιίοειοιιι.
925 968 1043 1028 Sed
1087 968 1434 1047 diligentius
1478 970 1849 1029 considerato
1892 968 2024 1029 loco
2068 969 2365 1029 consimili
2410 967 2488 1043 11,
2535 968 2656 1026 383
2688 986 2815 1042 sqq.

740 1119 816 1130 —
911 1120 983 1131 —
1075 1121 1158 1129 ——
1243 1082 1683 1167 περιτρομέουσι
1725 1080 1787 1147 δ’
1834 1082 1873 1145 ἆ
1886 1079 1944 1146 ν’
1992 1110 2030 1146 v
1998 1083 2077 1146 ‘'1.
2091 1110 2129 1164 η
2142 1110 2180 1146 ν
2196 1128 2216 1163 ,

738 1170 801 1231 εἴ
835 1191 952 1231 που
992 1167 1132 1273 μῆλ’
1182 1166 1318 1232 ὖπέ
1346 1191 1415 1230 νε
1430 1174 1565 1250 ρθε
1610 1168 2056 1250 κυλινδομένοιο
2100 1167 2378 1248 νέμονται

734 1250 958 1334 ἢβόες
1002 1248 1081 1334 ἦέ
1125 1252 1273 1316 τιν’
1322 1254 1542 1334 ἄλλα,

483 1379 545 1436 et
586 1378 742 1438 hoc
726 1396 857 1453 ipso
886 1378 1044 1436 libro
1072 1397 1131 1437 v.
1159 1378 1494 1437 396—-398
1526 1377 1629 1437 ubi
1665 1377 2015 1453 Spitznerus
2046 1381 2207 1437 recte
2242 1378 2478 1437 monuit
2507 1377 2819 1435 restituen-

483 1462 619 1521 dam
675 1481 801 1523 esse
844 1462 1099 1521 Aldinae
1155 1463 1512 1538 scripturam
1565 1456 1732 1521 ὅσαι
1789 1457 2010 1540 σχεδόν
2073 1454 2502 1540 ἀμφινέμονται
2558 1461 2821 1537 primum

483 1566 759 1624 greges
804 1546 1218 1607 tantummodo
1263 1566 1384 1606 non
1426 1551 1769 1623 pastores
1814 1548 2265 1608 commemorari
2310 1547 2644 1621 observavi,
2690 1550 2820 1604 tum

484 1632 883 1692 animadverti
941 1633 1261 1708 quaedam,
1321 1633 1478 1691 unde
1530 1633 1627 1692 hic
1679 1652 1916 1710 quoque
1976 1634 2250 1693 lacunam
2303 1650 2432 1691 esse
2491 1651 2640 1708 quae
2683 1649 2821 1708 pro-

482 1716 767 1776 babiliter
824 1717 1043 1793 expleri
1100 1719 1279 1794 queat
1333 1718 1578 1778 conieci.
1665 1717 1762 1777 Ita
1819 1719 1978 1778 enim
2024 1718 2054 1777 f
2062 1738 2184 1778 ere
2230 1717 2536 1793 scripsisse
2580 1717 2823 1776 videtur

483 1800 771 1870 Quintus,

694 1896 847 1979 ἀμφὶ
896 1896 960 1960 δὲ
1001 1906 1196 1981 μῆλα
1238 1908 1534 1981 νομοῖσι
1579 1899 1701 1963 καὶ
1745 1897 1901 1964 αλλ’
1945 1894 2075 1963 οσα
2122 1899 2343 1980 νέρθε
2376 1898 2737 1980 νέμονται

695 1986 1033 2065 <κείνους
1065 1985 1247 2049 ἔνθα
1278 1985 1402 2047 καὶ
1448 1986 1672 2070 ἔνθα)
1702 1982 1856 2049 κατ’
1891 1987 2121 2048 ἄλσεα
2149 1985 2405 2054 πάντα
2430 1984 2817 2066 φέβονται.

487 2102 699 2165 Πάντα
757 2108 1052 2185 coniungo
1106 2127 1239 2168 cum
1293 2102 1523 2167 ἅλσέα
1581 2128 1691 2168 nec
1734 2110 1862 2168 sine
1907 2127 2081 2168 causa
2125 2109 2274 2167 illud
2322 2104 2477 2168 ἔνθα
2521 2101 2624 2165 καὶ
2669 2102 2823 2165 ἔνθα

486 2193 710 2264 Quinto
756 2193 1048 2252 familiare
1094 2194 1315 2254 addidi.
1405 2195 1561 2254 Nam

736 2297 813 2381 ὦς
859 2305 918 2369 δ’
966 2306 1064 2370 στ’
1115 2309 1191 2371 ἐν
1235 2308 1495 2388 ουρεσι
1538 2318 1859 2417 πρῶνας
1877 2305 2193 2389 Ὀλύμπιος
2234 2305 2528 2389 οὐρανόθι
2573 2299 2723 2381 Ζευς

623 2464 634 2475 .
735 2390 890 2472 ἀμφὶ
934 2395 1039 2495 μιῇ
1081 2397 1317 2480 κορυφῇ
1361 2395 1770 2475 συναρηρότας
1813 2421 1852 2457 α
1830 2393 1901 2457 ”A
1919 2399 1948 2456 λ
1964 2418 1999 2455 υ
2013 2396 2051 2455 ὃ
2063 2418 2085 2454 ι
2099 2420 2128 2470 ς
2173 2420 2211 2455 α
2186 2394 2259 2455 ”λ
2278 2398 2307 2454 λ
2324 2417 2356 2455 ο
2369 2419 2407 2455 ν

633 2474 646 2491 ’
735 2474 886 2563 ῥήξῃ
929 2420 1049 2541 ὑπὸ
1090 2482 1199 2562 βρο
1210 2485 1375 2566 ντῇσι
1420 2480 1517 2542 καὶ
1568 2478 1917 2543 αἰθαλόεντι
1960 2502 2142 2561 κεραι
2150 2503 2247 2566 νω.

482 2601 628 2661 Inde
673 2620 793 2661 non
838 2621 957 2662 uno
1002 2604 1132 2663 loco
1166 2605 1268 2662 sed
1314 2603 1436 2663 ub
1421 2622 1592 2680 1que
1637 2605 1914 2664 circum
1930 2623 2120 2680 quaq
2137 2622 2221 2662 ue
2251 2601 2557 2679 trepidant
2586 2618 2818 2676 greges.

485 2687 679 2828 Suprae}
720 2687 969 2829 11¹3·379
1003 2707 1130 2831 {312⁸
1176 2707 1330 2747 unus
1374 2691 1613 2748 tantum
1658 2690 1937 2766 scopulus
1981 2689 2383 2763 abrumpitur.

683 2790 723 2829 n
807 2790 858 2830 is
901 2791 958 2830 v.

733 2884 1042 2968 μάρνασθ’
1088 2883 1243 2968 ἀμφὶ
1283 2886 1501 2969 πόληος
1545 2888 1664 2952 ἑῶν
1709 2887 1926 2952 τεκέων
1970 2910 2029 2950 τε
2072 2887 2173 2950 καὶ
2218 2883 2423 2950 αὐτοῖν

481 3027 614 3067 cum
669 3008 824 3084 apud
873 3007 1161 3078 Quintum
1218 3012 1459 3087 quidem
1516 2998 1927 3089 postpositum.
1977 3006 2036 3068 τέ
2080 3011 2222 3070 ferri
2268 3028 2391 3070 non
2436 3008 2629 3085 possit
2674 3008 2819 3068 Her-

481 3112 681 3153 mann.
734 3094 811 3153 ad
856 3093 1043 3169 Orph.
1088 3115 1146 3170 p.
1193 3097 1315 3155 815
1372 3097 1514 3156 olim
1569 3091 1785 3174 πόληος
1843 3091 1920 3171 ἐή
1936 3117 1995 3170 ς,
2054 3092 2270 3155 τεκέων
2313 3095 2594 3169 coniecit,
2667 3112 2820 3169 quae

483 3180 773 3254 scriptura
839 3180 958 3238 iam
1015 3183 1261 3256 propter
1318 3200 1521 3242 versus
1579 3181 2048 3241 modulationem
2111 3199 2469 3259 magnopere
2527 3178 2818 3256 displicet.

481 3262 728 3323 Accedit
779 3264 938 3340 quod
992 3266 1388 3340 possessivum
1446 3285 1796 3342 pronomem
1851 3265 1975 3326 sive
2030 3268 2193 3326 urbi
2260 3265 2516 3325 addatur
2559 3264 2684 3323 sive
2728 3264 2820 3322 li·

481 3348 679 3408 beris
733 3350 943 3408 inutile
997 3354 1089 3409 est
1143 3356 1202 3409 et
1267 3351 1699 3428 importunum,
1759 3353 1828 3410 ιιι
1884 3350 2004 3410 iam
2048 3354 2364 3427 propterea
2406 3368 2514 3409 nec
2557 3349 2617 3408 id
2662 3347 2821 3425 quod

479 3434 660 3508 paulo
716 3434 999 3493 audacius
1043 3435 1422 3494 Hermannus
1478 3456 1585 3513 per
1642 3438 1874 3496 litteras
1918 3455 2152 3496 mecum
2198 3435 2660 3496 communicavit
2704 3428 2823 3491 ἐῶν

482 3512 534 3575 τ’
583 3511 828 3596 ὀάρων
874 3538 922 3577 τ.
970 3539 1025 3578 κ.
1072 3513 1170 3581 αὖ.
1217 3521 1589 3596 piobandum
1636 3522 1922 3582 videatur.
2001 3520 2212 3598 Itaque
2257 3540 2390 3579 cum
2435 3518 2823 3578 emendari

481 3622 683 3663 versus
740 3603 834 3681 (ut
887 3598 1104 3678 πόληος
1163 3602 1344 3663 υἱῶν
1408 3625 1478 3663 τε
1524 3602 1801 3664 τοκέων
1846 3625 1915 3665 τε
1961 3609 2067 3664 aut
2109 3602 2328 3682 πόληος
2371 3597 2561 3682 ὑπὲρ
2607 3599 2824 3662 τεκέων

480 3708 538 3746 τε
584 3692 689 3747 aut
732 3688 924 3748 simile
968 3689 1273 3765 quidpiam
1318 3688 1639 3764 scribatur)
1684 3689 2077 3766 probabiliter
2119 3693 2406 3766 nequeat,
2471 3687 2821 3749 credibilius

481 3777 570 3831 cst
624 3793 658 3830 a
712 3778 888 3850 poeta
950 3774 1344 3833 admonitioni
1387 3775 1616 3850 aliquid
1658 3776 1977 3852 gravitatis
2021 3775 2294 3834 additum
2340 3775 2523 3833 fuisse
2568 3791 2818 3832 comme-

483 3859 725 3918 moratis
784 3858 996 3918 ceteris
1058 3860 1235 3918 etiam
1290 3859 1644 3936 pignoribus
1689 3861 1799 3936 ita,
1857 3865 1926 3920 ut
1968 3860 2117 3919 illud
2163 3853 2282 3918 ἑῶν
2327 3858 2634 3918 commode
2676 3858 2819 3935 poni

484 3944 764 4018 potuerit.
832 3944 1254 4004 Huiuscemodi
1299 3945 1488 4022 igitur
1531 3945 1907 4005 hemistichia
1949 3946 2092 4005 olim
2136 3944 2291 4004 lecta
2335 3943 2520 4002 fuisse
2577 3960 2817 4002 censeo:

732 4057 1029 4141 μάρνασθ’
1075 4054 1228 4139 αμφὶ
1273 4054 1488 4138 πόληος
1537 4059 1655 4122 ἕοῖν
1698 4059 1920 4142 (ὕπερ
1963 4059 2210 4142 ἄνδρα
2256 4057 2566 4120 ἕκαστον

734 4144 857 4206 καὶ
900 4144 1176 4206 τοκέων
1217 4140 1510 4224 ἀλόχων
1555 4169 1623 4207 τε
1669 4146 1951 4226 mum>
1996 4144 2213 4206 τεκέων
2254 4168 2313 4206 τε
2358 4143 2460 4204 καὶ
2502 4139 2708 4204 αὐτῶν
2744 4176 2819 4186 -·

483 4257 596 4324 Cf(
624 4268 692 4324 ut
734 4285 805 4325 ex
848 4266 1055 4326 multis
1101 4266 1248 4327 duos
1292 4269 1534 4329 afferam
1580 4269 1739 4327 locos
1787 4267 1961 4325 Hom.
2014 4266 2064 4322 Ο
2097 4244 2297 4326 6607—
2309 4268 2452 4329 663.
2500 4264 2558 4321 Φ
2591 4265 2734 4324 587.

483 4350 840 4512 Ιθεαῃῐξζὲιιο
896 4352 1087 4427 magis
1146 4352 1396 4412 dubium
1454 4353 1525 4412 de
1584 4353 1657 4411 iis
1717 4352 1833 4412 erit
1886 4350 2168 4410 iudicium
2225 4371 2373 4427 quae
2428 4371 2484 4411 v.
2533 4351 2655 4408 442
2689 4368 2820 4426 sqq.
