3132 5129
1401 364 1859 427 ...546-

469 521 733 597 Accedit,
779 522 937 597 quod
981 523 1098 579 iam
1147 521 1447 581 Seidlerus
1490 520 1918 580 animadvertit
1955 520 2248 596 probante
2285 521 2628 580 Hermanno
2671 516 2811 578 νέον

469 626 503 663 a
545 598 733 676 θάλος
788 625 912 665 non
970 606 1434 683 disiungendum
1490 626 1649 680 esse,
1710 605 1993 680 quoniam
2047 625 2156 665 nec
2200 606 2310 665 hoc
2356 607 2550 665 solum
2594 626 2701 681 per
2744 626 2807 665 se

468 711 718 765 puerum
763 691 1052 750 infantem
1100 692 1384 750 denotare
1427 694 1628 767 potest
1672 694 1735 749 et
1775 691 1925 748 illud
1967 694 2106 766 post
2136 686 2380 768 βρέφος,
2426 691 2586 768 quod
2617 691 2805 750 multo

468 776 898 852 significantius
953 780 1075 852 est,
1131 777 1368 835 illatum
1414 776 1657 835 mirifice
1701 776 1968 851 languet.
2060 776 2241 836 Recte
2286 778 2466 835 etiam
2512 777 2687 835 iidem
2736 796 2805 835 ex

472 861 765 921 consimili
812 862 944 921 loco
991 882 1044 925 v.
1078 863 1203 922 834
1225 881 1314 937 sq.

1040 971 1168 1039 τότε
1212 996 1278 1038 σε
1322 972 1443 1037 τότ’
1493 977 1582 1039 ἔτι
1624 974 1845 1057 βρέφος
1892 974 2101 1038 ἔλιπον
2141 972 2425 1055 ἀγκάλαι-

1045 1080 1106 1121 σι
1152 1054 1369 1142 νεαρὸν
1412 1065 1677 1143 τροφοῦ,
1725 1056 1941 1142 νεαρὸν
1986 1059 2051 1123 ἐν
2096 1056 2329 1142 δόμοις,

469 1185 590 1259 qui,
637 1185 1170 1260 quomodocunque
1202 1184 1500 1259 scribitur,
1533 1184 1708 1244 initio
1740 1184 2063 1260 particulas
2094 1175 2222 1242 τότε
2252 1187 2316 1244 et
2344 1179 2425 1241 ἔτι
2462 1185 2806 1243 coniunctas

468 1269 792 1328 certissime
852 1269 1090 1345 habuit,
1148 1270 1245 1329 hic
1297 1288 1534 1345 quoque
1590 1270 1850 1344 priorem
1908 1269 2281 1330 inferendam
2338 1288 2466 1330 esse
2512 1269 2806 1331 viderunt.

468 1352 584 1412 Sed
650 1357 842 1413 cetera
902 1354 1198 1429 quomodo
1254 1354 1601 1415 adornanda
1659 1355 1810 1430 sint,
1873 1355 1936 1413 in
1993 1354 2362 1427 diversorum
2407 1354 2803 1415 remediorum

467 1440 855 1498 multitudine
901 1439 1143 1499 difficile
1188 1440 1351 1500 dictu
1395 1444 1503 1499 est.
1597 1440 1678 1498 Et
1723 1438 1973 1499 Seidleri
2019 1424 2261 1515 quidem
2306 1440 2457 1499 ratio

1044 1548 1161 1617 τότ’
1209 1554 1292 1616 ἔτι
1336 1554 1593 1636 βρέφος,
1640 1554 1721 1616 ἔτι
1768 1553 1906 1616 νέον
1948 1553 2031 1616 ἔτι
2075 1555 2266 1629 θάλος
2315 1554 2379 1616 ἐν

1041 1639 1246 1720 χερσὶν
1286 1640 1506 1722 ματρὸς
1549 1639 1702 1723 πρὸς
1753 1639 2083 1721 στέρνοισίν
2125 1632 2182 1699 τ’
2188 1685 2209 1719 ‚

467 1763 683 1837 quibus
713 1765 1018 1837 prematur
1045 1764 1452 1840 incommodis,
1501 1765 1727 1840 optime
1758 1764 2044 1839 explicuit
2073 1763 2467 1837 HermannuS,
2517 1764 2617 1838 qui
2645 1761 2808 1838 quod

468 1847 594 1922 ipse
641 1848 877 1923 scripsit

1044 1930 1226 1990 κλαίω
1272 1930 1603 2011 σύγγονον,
1652 1928 1724 1991 ὃν
1768 1928 1970 1992 ἔλιπον
2015 1929 2096 1990 ἔτι
2138 1929 2358 2010 βρέφος

1042 2012 1447 2094 επιμαστίδιον
1490 2015 1689 2094 τότε,
1736 2015 1874 2077 νέον
1921 2014 2006 2076 ἔτι
2048 2014 2271 2092 θάλος,

471 2137 585 2194 iam
632 2138 879 2211 propter
921 2156 1164 2212 pravam
1211 2137 1687 2198 antecedentium
1734 2156 2017 2197 versuum
2061 2137 2520 2215 distinctionem,
2568 2137 2639 2195 de
2686 2156 2806 2212 qua

468 2221 644 2280 modo
692 2221 977 2294 diximus,
1024 2222 1164 2281 ferri
1209 2208 1439 2298 nequit.
1507 2222 1635 2281 Aut
1678 2217 1896 2300 βρέφος
1939 2240 2047 2297 pro
2092 2223 2451 2320 glossemate
2494 2222 2655 2281 vocis
2685 2218 2806 2279 ἐπι-

467 2302 769 2382 μαστίδιος
811 2306 1150 2366 habendum
1206 2311 1323 2383 est,
1380 2327 1514 2368 cum
1565 2309 1746 2367 etiam
1786 2307 2114 2383 Aeschylus
2153 2309 2217 2366 in
2260 2306 2429 2382 Sept.
2472 2328 2529 2367 v.
2564 2308 2686 2364 348
2713 2327 2807 2382 sq.

468 2388 679 2468 βλαχαὶ
738 2383 793 2447 δ’
838 2384 1209 2469 αἱματόεσσαι
1262 2389 1272 2471 Ι
1327 2391 1444 2451 τῶν
1500 2388 1921 2470 ἐπιμαστιδίων
1977 2392 2127 2452 hanc
2184 2411 2388 2453 vocem
2444 2393 2805 2452 substantivi

469 2478 601 2536 vice
649 2478 1058 2553 usurpaverit,
1106 2481 1174 2536 ut
1218 2478 1596 2538 scribendum
1643 2480 1753 2538 sit·

1035 2593 1369 2675 σύγγονον,
1415 2591 1490 2656 ὃν
1533 2593 1741 2656 ἔλιπον

1044 2678 1450 2759 ἐπιμαστίδιον
1495 2674 1687 2758 τότε,
1734 2677 1873 2741 νέον
1917 2677 2003 2740 ἔτι
2042 2672 2264 2758 θάλος,

371 2805 439 2852 24
470 2802 574 2857 aut
618 2818 649 2857 e
694 2801 992 2859 contrario
1038 2802 1210 2875 plura
1253 2801 1429 2859 etiam
1475 2802 1619 2859 olim
1662 2801 1758 2860 hic
1784 2802 1983 2876 posita
2015 2800 2273 2875 fuerunt,
2320 2801 2477 2875 quod
2509 2820 2642 2861 cum
2674 2801 2805 2860 loco

472 2885 532 2941 in
578 2883 806 2942 Orestis
851 2885 956 2943 illa
997 2885 1252 2960 pristina
1296 2886 1639 2944 condicione
1683 2886 2008 2944 luxurianti
2039 2885 2228 2962 magis
2260 2887 2575 2944 convenire
2606 2886 2805 2944 videa-

470 2973 598 3040 tur,
655 2969 1203 3045 supplementorum
1250 2963 1451 3029 tamen
1496 2970 1738 3029 licentia
1781 2971 2177 3029 indubitatam
2225 2971 2486 3029 excludit
2527 2970 2800 3030 emenda-

471 3054 714 3112 tionem.
807 3054 901 3112 Ita
942 3055 1101 3114 haud
1146 3057 1344 3131 inepte
1393 3055 1621 3130 aliquis
1667 3056 1985 3115 coniecerit
2027 3055 2375 3132 Euripidem
2420 3056 2757 3131 scripsisse:

1042 3167 1363 3252 σύγγονον,
1407 3167 1484 3232 ὃν
1526 3169 1733 3232 ἔλιπον
1779 3168 2183 3250 ἐπιμαστίδιον

1045 3256 1206 3317 τότε
1252 3255 1471 3337 βρέφος
1518 3254 1637 3335 ἔτι,
1683 3252 1839 3317 τότε
1884 3255 2244 3336 νεόγονον
2290 3255 2372 3316 ἔτι
2417 3256 2624 3329 θάλος.

472 3377 591 3436 Sed
637 3377 854 3436 collato
901 3397 956 3436 v.
996 3380 1113 3437 149
1161 3385 1229 3437 ut
1271 3379 1622 3439 facillimum
1669 3382 1848 3454 atque
1880 3379 2042 3438 omni
2074 3379 2396 3438 offensione
2427 3398 2675 3439 vacuum
2707 3399 2800 3437 re-

472 3463 842 3522 stituendum
888 3463 1057 3521 duxi:

1045 3571 1338 3659 σύγγονον
1378 3571 1593 3677 ἀμόν,
1637 3570 1759 3640 τὸν
1804 3579 2003 3640 ἔλιπον
2048 3577 2132 3640 ἔτι
2174 3579 2394 3661 βρέφος

1046 3663 1456 3744 ἐπιμαστίδιον
1499 3659 1694 3742 τότε,
1742 3663 1875 3726 νέον
1922 3664 2005 3726 ἔτι
2047 3664 2256 3738 θάλος.
