3132 5129
1381 362 1839 427 -514-

445 522 580 581 nuit
631 516 711 597 δή
762 514 823 599 γ’
881 521 1108 582 scilicet
1163 540 1339 581 sensu
1393 521 1734 581 Germanici
1801 539 1985 596 „yar
2039 519 2384 581 endlich“
2436 539 2572 580 eum
2628 514 2786 578 ἔνθα

447 606 947 684 coniungendum.
1020 607 1181 666 Fieri
1242 607 1355 667 hoc
1396 625 1573 682 posse
1618 624 1725 666 suo
1770 606 1900 665 iure
1942 604 2192 682 negavit
2245 606 2624 707 Hartungus,
2681 607 2785 681 qui

447 691 766 751 Reiskiano
811 688 896 762 εἰς
938 684 1068 748 τὰν
1113 688 1206 771 (9)
1246 685 1545 767 Ἀθηνᾶς
1589 682 1808 749 πόλιν
1850 709 1991 750 usus
2043 691 2170 766 ipse
2213 689 2298 760 είς
2340 689 2480 767 τὴν
2514 682 2783 764 Ἀθηνᾶς

443 776 599 879 Ϊῆν
619 777 875 852 scripsit.
963 775 1092 836 Hoc
1155 776 1394 852 quidem
1453 796 1525 835 ex
1582 796 1694 836 usu
1748 776 2113 853 tragicorum
2168 775 2549 835 scribendum
2604 776 2785 835 fuisse

451 856 710 930 Αθάνας
755 861 904 921 satis
947 864 1200 921 constat.
1276 861 1396 921 Sed
1441 861 1719 937 displicet
1759 860 1856 919 hic
1888 860 2131 936 quidem
2175 862 2237 919 in
2283 860 2536 936 simplici
2579 879 2783 919 narra-

448 947 614 1005 tione
655 948 786 1006 tota
827 946 1081 1023 locutio,
1131 946 1404 1022 quamvis
1446 965 1556 1006 nec
1599 947 1869 1023 ignorem
1900 944 2056 1008 Med.
2094 947 2250 1005 1381
2287 965 2375 1020 sq.
2421 951 2501 1026 γῇ
2545 942 2612 1002 δὲ
2639 943 2784 1025 τῇδε

447 1024 726 1105 Σισύφου
762 1026 775 1110 Ι
812 1026 1036 1107 σεμνὴν
1081 1027 1290 1108 ἑορτὴν
1330 1026 1454 1088 aa?
1477 1027 1612 1105 τέλη
1640 1026 2035 1108 προσάψομεν
2077 1033 2140 1089 et
2181 1030 2339 1089 infra
2366 1051 2422 1093 v.
2460 1031 2618 1088 1441
2659 1031 2785 1105 ipsa

358 1126 420 1175 19
456 1116 727 1177 Minerva
769 1115 1036 1177 Atticam
1081 1112 1233 1192 ἐμὴν
1274 1111 1475 1191 χθόνα
1519 1116 1800 1192 appellet.
1870 1113 2047 1209 Inde,
2103 1114 2214 1174 hoc
2257 1116 2434 1174 modo
2479 1115 2531 1174 si
2588 1133 2784 1174 emen-

452 1200 682 1261 dandus
724 1202 889 1261 locus
933 1200 1268 1277 videretur,
1327 1220 1398 1261 ex
1454 1221 1510 1260 v.
1560 1203 1684 1261 978
1729 1196 1812 1270 είς
1867 1189 1974 1276 τὴν
2021 1192 2362 1276 Ἀθηνῶν
2416 1205 2561 1277 γῆν
2618 1218 2783 1275 prae-

447 1286 682 1345 ferrem.
758 1284 884 1345 Nec
926 1288 1118 1364 magis
1160 1285 1357 1362 placet
1408 1286 1834 1346 Elmsleianum
1890 1279 2252 1383 &gensum-23
2301 1285 2461 1361 quod
2517 1303 2627 1344 nec
2680 1303 2785 1360 pro

447 1371 702 1445 simplici
777 1366 1006 1447 ἔπεμψε
1081 1390 1365 1447 umquam
1435 1371 1661 1429 dictum
1726 1373 1822 1429 est
1882 1403 1965 1411 —
2028 1389 2169 1429 nam
2236 1371 2299 1428 in
2363 1370 2553 1429 Elect.
2626 1369 2786 1428 1283

449 1452 603 1525 Ζεὺς
645 1489 728 1499 -
767 1452 779 1534 Ι
817 1452 1065 1513 εἴδωλον
1099 1450 1340 1529 Ἑλένης
1397 1447 1686 1532 ἐξέπεμψ’
1741 1449 1800 1524 ἐς
1839 1450 2034 1512 Ἴλιον
2088 1455 2469 1514 simulacrum
2530 1454 2604 1512 ab
2660 1453 2792 1528 ipsa

447 1541 610 1600 Iovis
655 1540 793 1600 sede
838 1541 1050 1600 exiisse
1094 1540 1467 1617 significatur
1505 1573 1576 1583 —
1624 1557 1734 1599 nec
1776 1539 1873 1598 hic
1919 1542 1986 1598 ut
2027 1540 2091 1597 in
2123 1538 2306 1615 Soph.
2342 1537 2488 1599 Oed.
2534 1539 2603 1597 R.
2640 1539 2782 1613 789,

447 1625 553 1685 ubi
595 1626 887 1701 templum
930 1625 1286 1700 Delphicum
1331 1625 1551 1684 diserte
1594 1626 1971 1701 nominatur,
2030 1619 2300 1700 ἔπεμψεν
2343 1619 2409 1681 ἐκ
2467 1622 2574 1681 τοῦ
2629 1623 2782 1681 ναοῦ

448 1710 718 1786 intellegi
761 1711 979 1785 potest.
1052 1710 1302 1770 Accedit
1355 1709 1548 1786 aliud,
1606 1710 1767 1786 quod
1822 1712 1893 1768 ut
1936 1709 2082 1768 alibi
2139 1710 2225 1767 ita
2279 1708 2375 1768 hic
2429 1727 2666 1785 quoque
2720 1709 2785 1767 in

448 1797 767 1870 perpetuae
809 1796 1172 1854 narrationis
1215 1796 1390 1854 initio
1435 1795 1631 1870 ipsum
1673 1794 1892 1853 diserte
1936 1793 2230 1853 nominari
2275 1794 2581 1854 oraculum
2627 1792 2782 1852 desi-

450 1881 743 1939 deramus.
819 1876 1012 1947 Quare
1054 1899 1175 1939 non
1218 1879 1644 1955 dubitandum,
1708 1880 1853 1955 quin
1897 1878 2215 1954 Euripides
2262 1883 2330 1938 ut
2373 1897 2553 1954 supra
2595 1898 2653 1938 v.
2702 1880 2782 1937 77

450 1965 562 2019 ποῖ
596 1956 661 2040 μ’
709 1983 790 2021 αυ
837 1952 1004 2040 τήνδ’
1055 1960 1116 2035 ἐς
1159 1960 1357 2043 ἄρκυν
1397 1958 1623 2042 ἤγαγες
1661 1962 1673 2044 Ι
1711 1958 1996 2041 χρήσας
2037 1963 2126 2023 ita
2167 1963 2264 2023 hic
2306 1964 2601 2024 dicentem
2632 1962 2784 2021 fece·

452 2049 538 2107 rit
584 2046 886 2109 Orestem.

1321 2162 1328 2167 -
1569 2122 1707 2191 ἔστ’
1757 2121 1905 2208 ἐμὸν
1945 2127 2108 2192 πόδα

855 2214 1134 2297 χρήσας
1173 2211 1438 2295 Ἀθήνας
1484 2213 1885 2295 εἰσέπεμψε
1931 2215 2183 2294 Λοξίας,

453 2337 555 2413 qui
600 2337 757 2397 idem
805 2338 930 2397 9⁷0
959 2357 1088 2413 sqq.
1133 2337 1244 2397 hoc
1286 2337 1461 2397 modo
1506 2337 1916 2397 narrationem
1961 2356 2131 2396 suam
2174 2337 2559 2398 concluserit:

856 2470 992 2513 οσαι
1035 2450 1095 2512 δ’
1136 2448 1433 2555 Ἐρινύων
1476 2449 1591 2514 οὐκ
1607 2451 2003 2551 ἐπείσθησαν
2045 2446 2240 2551 νόμῳ,

857 2536 1096 2618 δρόμοις
1138 2534 1547 2638 ἀνιδρύτοισιν
1589 2528 1923 2646 ἠλάστρουν
1963 2535 2029 2619 μ’
2076 2515 2205 2618 ἆεί,

859 2621 990 2696 εως
1036 2623 1094 2696 ἐς
1136 2615 1325 2706 ἁγνὸν
1365 2616 1572 2702 ἦλθον
1612 2647 1706 2684 αυ
1752 2624 1982 2703 Φοίβου
2024 2622 2211 2684 πέδον

855 2702 959 2767 καὶ
1001 2706 1275 2810 πρόσθεν
1315 2705 1559 2771 ἆδυτων
1592 2707 1906 2808 ἐκταθείς,
1952 2718 2154 2788 νῆστις
2198 2711 2404 2790 βορᾶς,

857 2785 1119 2870 ἕπωμοσ’
1165 2791 1355 2854 αὐτοῦ
1398 2794 1531 2874 βίον
1574 2786 1933 2900 ἀπορρήξειν
1974 2793 2223 2872 θανών,

856 2875 915 2938 εί
951 2877 1036 2955 μή
1077 2900 1151 2955 με
1194 2878 1375 2940 σοι’σει
1419 2880 1675 2959 Φοῖβος,
1720 2901 1786 2952 ος
1830 2875 1894 2957 μ’
1941 2874 2266 2940 απῶλεσεν.

857 2959 1145 3024 ἐντεῦθεν
1186 2957 1433 3040 αυδήν
1475 2965 1828 3044 τρίποδος
1872 2961 1950 3024 ἐκ
1993 2973 2219 3045 χρυσοῦ
2260 2958 2505 3025 λακων

861 3043 1092 3127 Φοῖβός
1134 3041 1202 3128 μ’
1249 3047 1537 3128 ἔπεμψε
1583 3049 1839 3130 δεῦρο,
1884 3047 2149 3122 διοπετὲς
2194 3050 2402 3130 λαβεῖν

853 3129 1072 3212 αγαλμ’
1117 3129 1403 3212 Ἀθηνῶν
1447 3132 1500 3194 τ’
1547 3131 1983 3216 ἐγκαθιδρῦσαι
2024 3134 2224 3214 χθονί.

455 3235 774 3294 Praeterea
816 3236 893 3295 cf.
939 3237 1095 3295 infra
1137 3258 1195 3297 v.
1251 3240 1414 3297 1440
1454 3231 1721 3314 ἀδελφῆς
1752 3235 1972 3316 ’Ἄργος
2017 3235 2406 3314 είσπέμψων
2451 3236 2642 3316 δέμας.
