3132 5129
1446 445 1513 454 —-
1612 408 1901 472 468-

680 565 795 623 Sed
851 568 1052 623 utrum
1118 565 1209 623 hic
1253 566 1379 641 ipse
1423 566 1772 641 compilator
1814 585 1888 624 an
1932 566 2141 625 solitae
2186 566 2408 625 farinae
2453 567 2850 642 interpolator

510 650 743 725 ineptos
789 651 1205 741 versusll432

840 761 1088 845 μάλιστα
1129 765 1237 846 μὲν
1280 764 1484 826 λέοντα
1528 765 1611 846 μὴ
1649 760 1710 827 ’ν
1751 767 1918 828 πόλει
1963 764 2206 847 τρέφειν

509 889 570 945 et
619 888 779 945 1449
806 907 893 964 sq.

841 1002 895 1064 εἰ
936 1013 1053 1064 νῦν
1096 1027 1160 1109 ἴε
1206 1003 1609 1084 δυστυχοῦμεν
1653 1001 1716 1062 ἕν
1762 1000 2047 1081 τούτοισι,
2093 1013 2222 1077 πῶς

841 1084 1089 1150 τᾶναντί
1162 1078 1241 1151 ἂν
1283 1089 1613 1171 πράξαντες
1659 1086 1731 1149 οὐ
1776 1084 2094 1167 σωζοίμεθ’
2142 1087 2257 1163 ‹it'v3

508 1212 626 1268 iam
675 1209 898 1268 dudum
943 1229 977 1268 a
1020 1212 1243 1269 criticis
1287 1212 1563 1286 explosos
1609 1212 1949 1285 intruserit,
1995 1213 2223 1270 nescire
2267 1230 2360 1270 me
2406 1211 2617 1269 fateor.

677 1295 875 1354 Unum
910 1297 1234 1370 quaeritur,
1281 1297 1382 1371 qui
1414 1297 1641 1354 factum
1673 1297 1771 1371 sit,
1805 1299 1872 1354 ut
1901 1297 2333 1355 contaminator
2359 1295 2640 1370 Aeschyli
2674 1295 2747 1352 de
2780 1315 2845 1352 re

510 1379 746 1455 publica
787 1383 1169 1456 praeceptum
1216 1400 1271 1438 v.
1313 1381 1728 1439 1443—1450
1771 1399 1902 1439 cum
1933 1383 2062 1455 ipsa
2091 1379 2513 1454 Aristophanis
2545 1381 2849 1438 sententia

510 1484 689 1539 supra
732 1485 789 1525 v.
824 1467 1156 1524 718—737
1202 1465 1421 1524 diserte
1467 1465 1760 1540 explicata
1792 1467 2170 1524 consentiens
2201 1465 2491 1539 Euripidi,
2540 1464 2850 1538 Euripidis

508 1568 650 1608 vero
697 1543 1044 1624 responsum
1088 1570 1145 1609 v.
1180 1550 1597 1608 1463—1465
1641 1551 1757 1624 ipsi
1784 1549 1996 1608 Pericli
2029 1543 2178 1630 (vid.
2210 1549 2396 1607 Thuc.
2430 1548 2475 1625 I,
2515 1548 2658 1625 143)
2706 1549 2847 1607 sub-

508 1634 722 1691 lectum
770 1634 1062 1710 Aeschylo
1109 1634 1356 1692 dederit.
1448 1633 1684 1709 Duplex
1730 1635 1856 1693 eius
1903 1634 2250 1692 mutationis
2296 1652 2468 1692 eausa
2511 1633 2837 1709 excogitari

504 1721 726 1793 potest:
782 1723 887 1777 aut
930 1718 1224 1794 Aeschylo
1268 1719 1509 1778 nolebat
1551 1719 1841 1778 eiusmodi
1887 1723 2264 1794 praeceptum
2311 1718 2604 1793 subicere,
2665 1719 2831 1793 quod

501 1822 624 1861 non
696 1807 1001 1862 secuturos
1073 1822 1201 1861 esse
1268 1803 1662 1862 Athenienses
1732 1805 1859 1877 ipse
1931 1803 2193 1862 Bacchus
2266 1803 2355 1861 illi
2428 1803 2830 1878 interroganti

507 1971 861 2046 prudentiae
907 1972 1160 2049 gloriam
1192 1991 1549 2047 quamquam
1581 1973 1655 2031 ab
1686 1973 1806 2031 illis
1849 1992 1989 2031 sane
2019 1972 2390 2046 temporibus
2422 1972 2844 2031 alienissimae.

509 2055 624 2114 Sed
674 2056 883 2115 harum
929 2075 1236 2115 causarum
1280 2060 1497 2116 neutra
1541 2057 1916 2132 comprobari
1960 2060 2190 2132 potest,
2237 2060 2443 2131 estque
2489 2058 2550 2115 in
2594 2056 2848 2114 lubricis

508 2141 597 2199 his
641 2142 893 2200 maxime
938 2141 1439 2217 disputationibus
1484 2143 1763 2219 religiose
1813 2141 2200 2215 observanda,
2248 2160 2423 2216 quam
2468 2140 2846 2200 Godofre-

506 2225 638 2284 dus
671 2226 1135 2285 Hermannus
1168 2227 1577 2286 commendare
1610 2226 1855 2301 solebat,
1895 2227 2032 2285 illa
2061 2226 2444 2285 nesciendi
2476 2221 2631 2285 ars!
2691 2225 2846 2282 Eam

506 2311 692 2385 igitur
724 2311 1021 2371 Socratice
1067 2313 1333 2386 professo
1379 2313 1604 2387 optime
1649 2312 1806 2370 hunc
1848 2312 2117 2369 libellum
2146 2311 2443 2369 -claudere
2487 2310 2629 2368 mihi
2679 2309 2842 2368 licet.
