3132 5129
356 975 416 1022 17

1390 386 1850 452 „203-

451 546 649 604 dinem
705 545 779 603 ab
838 564 906 604 eo
952 544 1155 604 addita
1209 545 1424 618 videri,
1484 545 1587 619 qui
1631 545 1837 604 ambos
1882 544 2107 604 Nostos
2153 546 2485 620 coniunxit,
2532 546 2626 605 bis
2671 546 2790 605 iam

452 630 677 689 monui.
767 629 994 688 Aderat
1044 633 1242 688 autem
1293 628 1594 704 quoddam
1653 629 2059 688 addendorum
2114 629 2325 688 horum
2381 649 2660 690 versuum
2704 632 2790 689 in-

454 715 846 773 vitamentum
903 715 966 772 in
1025 714 1256 773 ultimis
1313 712 1545 772 duobus
1604 714 1890 773 orationis
1946 713 2215 773 versibus
2274 716 2356 775 30
2385 734 2502 791 sq.‚
2573 715 2790 791 quibus

452 799 725 859 Minerva
754 798 1025 873 sequenti
1055 799 1218 857 Ulixi
1264 797 1569 858 silentium
1613 798 1888 873 imponit,
1937 799 2164 857 scilicet
2207 819 2299 874 ne,
2346 819 2523 875 quem
2568 799 2790 858 nebula

454 884 830 942 circumiecta
894 883 1226 942 Phaeacum
1289 883 1475 942 oculis
1543 882 1857 958 subduxit,
1941 883 2101 942 idem
2169 902 2314 944 voce
2380 904 2486 943 sua
2549 885 2790 943 auribus

450 987 652 1028 eorum
707 987 835 1028 sese
894 967 1369 1044 cognoscendum
1424 967 1720 1042 praebeat.
1809 967 1971 1026 Haec
2025 968 2155 1043 ipsa
2208 987 2350 1028 vero
2395 969 2613 1042 nebula
2657 969 2790 1027 huic

452 1052 693 1128 quidem
758 1054 1003 1111 carmini
1071 1072 1203 1111 cum
1272 1053 1499 1111 oriente
1568 1052 1693 1111 sole
1754 1052 2086 1114 exordienti
2147 1071 2391 1127 prorsus
2458 1054 2789 1112 necessaria

452 1141 653 1195 utrum
697 1137 759 1195 in
803 1139 1190 1196 recentiorem
1236 1137 1492 1196 alterum
1534 1136 1821 1210 Nostum,
1871 1137 1933 1196 in
1977 1155 2096 1212 quo
2139 1140 2282 1212 post
2326 1137 2469 1197 solis
2515 1156 2786 1197 occasum

400 1238 414 1253 ⁴
450 1224 578 1297 ipso
610 1223 954 1297 crepusculo
1001 1222 1146 1281 satis
1189 1224 1384 1281 tectus
1429 1220 1620 1280 videri
1661 1224 1866 1297 potest
1910 1222 2105 1281 viator
2151 1254 2232 1264 —
2278 1242 2316 1296 η
2349 1224 2617 1280 14-17,
2672 1225 2781 1279 141

451 1312 512 1365 et
558 1308 676 1365 143
726 1339 835 1381 -,
896 1308 1175 1382 primitus
1233 1307 1307 1365 ab
1351 1306 1480 1381 ipso
1524 1311 1703 1381 poeta
1746 1325 1822 1364 an
1867 1308 2077 1381 postea
2121 1306 2195 1364 ab
2241 1308 2551 1382 utriusque
2596 1307 2791 1382 operis

450 1393 766 1450 consutore
811 1392 983 1450 illata
1026 1393 1122 1466 sit,
1170 1391 1348 1450 certis
1392 1391 1724 1450 rationibus
1771 1391 2085 1449 diiudicari
2127 1391 2367 1465 nequit:
2415 1392 2562 1450 mihi
2594 1395 2791 1449 tamen

451 1475 597 1533 illud
641 1476 1016 1551 probabilius
1059 1476 1257 1535 visum
1300 1477 1393 1533 est
1437 1480 1767 1550 propterea,
1816 1475 1974 1551 quod
2020 1475 2237 1534 nebula
2280 1475 2385 1533 illa
2428 1476 2628 1535 subito
2674 1476 2788 1534 dis-

448 1560 601 1618 iecta
643 1561 868 1619 incerto
913 1563 1088 1620 antea
1131 1560 1324 1636 ignoti
1368 1560 1622 1635 hospitis
1666 1560 1951 1619 adventui
1981 1560 2207 1635 aliquid
2239 1561 2509 1620 miraculi
2541 1560 2789 1618 adfundi

449 1644 764 1704 videbatur
808 1645 882 1703 ab
929 1645 1128 1704 eximii
1170 1647 1380 1720 poetae
1425 1663 1604 1721 sensu
1648 1644 1805 1703 haud
1849 1645 2130 1704 alienum.

620 1780 971 1839 Accedimus
1007 1780 1124 1838 iam
1165 1781 1238 1838 ad
1275 1779 1526 1838 alterum
1562 1779 1745 1884 idque
1783 1780 2081 1839 recentius
2113 1798 2351 1840 carmen
2374 1799 2482 1855 per
2507 1781 2789 1840 maiorem

450 1864 707 1924 octavi
737 1865 876 1922 libri
909 1871 1139 1939 partem
1170 1868 1499 1939 extensum,
1532 1865 1628 1923 cui
1679 1865 1732 1920 A
1745 1865 1885 1920 θλα
1915 1883 2133 1923 nomen
2163 1865 2374 1939 indidi,
2408 1866 2575 1925 cuius
2606 1867 2790 1925 ambi·

451 1954 580 2008 tum
610 1951 746 2025 post
775 1968 860 2022 ea,
895 1968 1042 2024 quae
1075 1949 1309 2008 dissert.
1336 1948 1365 2006 I
1390 1968 1448 2023 p.
1479 1952 1561 2008 30
1584 1968 1671 2024 sq.
1703 1945 1914 2026 [supra
1937 1968 1996 2024 p.
2025 1946 2164 2025 175]
2191 1949 2455 2009 breviter
2484 1951 2785 2024 admonui,

452 2034 778 2093 delineasse
807 2034 1052 2093 sufficit.
1124 2033 1373 2099 Constat
1404 2033 1554 2091 illud
1587 2033 1817 2093 duabus
1847 2034 2135 2109 partibus,
2170 2053 2319 2109 quae
2348 2053 2494 2093 num
2526 2035 2789 2093 eiusdem

449 2138 660 2177 manus
717 2119 866 2193 sint,
925 2122 1086 2178 certo
1145 2118 1343 2177 dirimi
1402 2136 1524 2177 non
1579 2124 1795 2193 potest.
1887 2119 2084 2177 Prima
2139 2122 2231 2178 est
2275 2138 2412 2193 pars
2459 2120 2541 2176 M
2548 2138 2613 2175 οι
2632 2117 2789 2194 χεία

448 2202 552 2260 illa
595 2203 669 2261 ab
714 2203 1182 2279 elegantioribus
1228 2203 1422 2262 omnis
1465 2202 1626 2277 quod
1672 2221 2081 2278 „corrumpere
2113 2207 2175 2261 et
2205 2205 2500 2279 corrumpi
2548 2208 2791 2263 vocatur

449 2288 706 2347 saeculi“
761 2287 1134 2346 homunculis
1193 2288 1507 2347 decantata
1564 2290 1611 2342 θ
1654 2288 2008 2346 265-369.
2109 2287 2200 2346 De
2256 2307 2327 2346 ea
2384 2308 2535 2364 quae
2594 2293 2655 2347 et
2714 2288 2788 2346 ab

447 2372 712 2447 antiquis
737 2377 798 2429 et
825 2392 859 2430 a
883 2372 1252 2432 nostratibus
1276 2372 1584 2446 disputata
1607 2377 1747 2431 sunt
1768 2373 1865 2430 hic
1887 2375 2151 2447 repetere
2180 2372 2331 2431 nihil
2354 2373 2570 2431 refert:
2604 2392 2789 2432 unum

448 2456 596 2515 illud
621 2458 825 2515 efferre
847 2458 992 2516 satis
1012 2461 1103 2515 est
1125 2456 1287 2515 illam
1312 2455 1670 2515 cantilenam
1694 2475 1814 2515 non
1837 2458 2030 2515 solum
2053 2457 2181 2515 sine
2205 2457 2327 2517 ullo
2350 2463 2454 2516 aut
2478 2457 2790 2533 dispendio

450 2545 556 2600 aut
599 2541 974 2602 incommodo
1005 2540 1138 2600 tolli
1184 2560 1375 2618 posse,
1422 2541 1508 2600 ita
1551 2544 1623 2601 ut
1664 2545 1801 2617 post
1846 2562 1899 2599 v.
1947 2542 2068 2600 265
2113 2542 2312 2601 statim
2339 2562 2392 2602 v.
2418 2543 2542 2603 370
2583 2562 2789 2620 sequa·

447 2631 571 2701 tur,
622 2626 723 2685 sed
770 2628 950 2685 etiam
997 2628 1068 2684 ut
1113 2628 1413 2701 mimicae,
1461 2626 1511 2686 si
1557 2626 1671 2686 diis
1713 2628 1928 2702 placet,
1988 2626 2322 2686 saltationis
2367 2632 2788 2703 argumentum

448 2713 572 2769 sive
626 2711 970 2769 recentioris
1027 2713 1315 2785 temporis
1371 2711 1775 2786 hyporchema
1834 2731 1908 2769 ne
1966 2710 2270 2771 levissimo
2315 2712 2557 2787 quidem
2601 2713 2790 2787 ipsius

447 2795 726 2853 carminis
771 2794 990 2853 indicio
1038 2793 1356 2870 designari.
1435 2794 1648 2870 Itaque
1680 2814 1815 2854 cum
1860 2795 1992 2855 aliis
2038 2814 2149 2870 ego
2197 2814 2433 2871 quoque
2476 2796 2630 2856 hanc
2658 2815 2790 2855 can·

448 2879 696 2937 tilenam
739 2878 812 2936 ab
858 2879 1001 2953 alia,
1060 2897 1238 2953 quam
1284 2879 1573 2954 reliquam
1620 2881 2025 2955 rhapsodiam,
2081 2899 2261 2937 manu
2316 2880 2650 2955 profectam
2695 2901 2790 2939 ar-

447 2963 654 3038 bitror,
701 2982 809 3022 nec
857 2968 1053 3022 tamen
1099 2981 1234 3020 eum
1278 2963 1585 3022 Nitzschio
1631 2969 1837 3039 postea
1881 2983 2010 3023 eam
2054 2964 2372 3039 adiectam,
2434 2965 2538 3024 sed
2582 2967 2781 3040 potius

448 3047 521 3105 ab
567 3048 696 3122 ipso
742 3048 1022 3106 mediocri
1067 3047 1388 3107 Athlorum
1433 3053 1675 3106 auctore
1715 3054 2015 3124 receptam
2044 3053 2223 3124 atque
2253 3053 2553 3125 tamquam
2590 3050 2783 3125 splen-

446 3131 654 3189 didum
707 3131 912 3191 lumen
967 3152 1073 3193 suo
1131 3134 1413 3207 opusculo
1472 3134 1618 3192 satis
1676 3133 1918 3208 quidem
1973 3134 2170 3192 ieiuno
2227 3134 2650 3209 interpositum
2693 3154 2785 3192 ar-

448 3215 660 3275 bitror.
752 3215 881 3275 Hoc
926 3236 1096 3291 ver0,
1156 3217 1353 3292 „quod
1399 3218 1524 3292 ipse
1569 3217 1770 3289 fecit,“
1818 3218 2318 3292 complectebatur
2361 3238 2418 3278 v.
2463 3221 2541 3278 96
2565 3220 2778 3276 -141,

453 3301 804 3360 143-205.
853 3302 1207 3361 207—214.
1256 3304 1486 3376 2303q.
1536 3301 1761 3377 2324-
1789 3304 1909 3361 233
1946 3298 2233 3378 (κύμασιν
2280 3297 2346 3360 ἐν
2387 3303 2653 3377 πολλοῖς,
2702 3302 2783 3382 τῷ

445 3403 544 3458 μοι
599 3384 743 3458 φίλα
787 3388 931 3461 γυῖα
974 3380 1297 3462 λέλυνται).
1358 3387 1713 3447 234-240,
1765 3387 2116 3446 250-265.
2166 3387 2528 3449 370-389.
2576 3388 2783 3446 394-—

448 3470 591 3528 397.
639 3470 760 3528 398
794 3468 1025 3544 4400
1059 3458 1172 3549 (αἷς
1217 3464 1436 3544 ἔφαθ’·
1485 3457 1795 3548 Εὐρύαλος
1844 3464 1903 3525 δ’
1950 3465 2307 3546 ἀπαμείβετο
2352 3465 2635 3545 φώνησέν
2678 3468 2782 3550 τε).

615 3638 703 3696 Ex
753 3639 1018 3698 versibus
1061 3644 1279 3714 autem,
1327 3659 1473 3715 quos
1518 3639 1616 3698 hic
1660 3641 1848 3715 omisi,
1900 3642 2019 3697 142

749 3726 929 3808 αὐτὸς
975 3739 1090 3798 νῦν
1133 3734 1532 3815 προκάλεσσαι
1581 3730 1689 3799 ι’ὧν
1734 3737 1834 3797 καὶ
1880 3737 2145 3817 πέφραδε
2189 3740 2394 3814 μῦθον

447 3861 518 3901 ex
564 3844 634 3899 H
661 3844 743 3901 50
786 3845 849 3900 et
891 3861 929 3896 α
963 3843 1083 3900 273
1130 3843 1449 3903 conflatum
1498 3842 2036 3901 Alexandrinorum
2092 3843 2433 3902 criticorum
2479 3845 2623 3903 trias
2666 3863 2785 3904 non

446 3928 645 4003 novit3
710 3928 832 3986 206
879 3926 1099 4001 quippe
1157 3933 1531 4002 pugnantem
1588 3946 1721 3986 cum
1769 3929 1893 3986 230
1936 3927 2292 4002 proscripsit
2337 3928 2677 4004 Hennings.
2723 3929 2784 3985 in

450 4011 780 4070 Telemach.
811 4031 871 4087 p.
909 4012 1029 4068 143
1062 4015 1190 4070 not.
1225 4014 1281 4085 3,
1332 4016 1432 4090 qui
1479 4011 1623 4070 ibid.
1671 4012 1851 4071 etiam
1899 4012 2232 4070 215-229
2280 4016 2341 4071 et
2387 4013 2508 4072 249
2554 4014 2779 4087 reiecit,

449 4115 701 4172 quorum
761 4096 911 4154 illud
971 4095 1209 4171 quidem
1265 4095 1524 4158 libenter
1578 4097 1885 4171 amplexus
1942 4115 2101 4171 sum,
2170 4096 2284 4155 hoc
2340 4115 2480 4156 vero
2536 4098 2782 4156 minime

350 4185 413 4234 18
455 4180 817 4254 sufficiebat,
877 4199 1013 4239 cum
1067 4180 1264 4255 potius
1307 4187 1474 4244 totus
1518 4181 1683 4240 locus
1727 4202 1783 4241 v.
1832 4181 2164 4240 241—249
2212 4185 2275 4240 et
2317 4182 2574 4258 garrulis
2619 4200 2782 4257 repe·

454 4266 767 4325 titionibus
813 4269 875 4323 et
918 4283 1058 4325 vero
1105 4264 1523 4344 discrepantiis
1568 4265 1821 4341 insignis
1866 4270 1927 4325 et
1957 4265 2162 4325 eodem
2193 4265 2387 4341 initio,
2432 4285 2552 4342 quo
2582 4267 2784 4343 genui-

447 4368 560 4410 nus
603 4369 808 4410 versus
855 4351 994 4423 250,
1041 4343 1192 4406 ἀλλ’
1252 4346 1382 4428 ὅγε
1438 4353 1766 4412 instructus
1812 4352 2139 4425 posteriore
2182 4351 2419 4410 demum
2463 4370 2645 4410 manu
2687 4350 2781 4409 ad-

449 4433 611 4495 ditus
655 4453 784 4495 esse
831 4434 1120 4493 videatur.
1171 4468 1249 4478 —-
1298 4437 1451 4495 Tum
1497 4455 1566 4496 ex
1614 4435 1844 4494 duobus
1892 4436 2160 4495 versibus
2206 4437 2328 4495 232
2360 4455 2447 4511 sq.
