3132 5129
1348 362 1764 426 -97-

392 519 601 579 Obiter
633 519 788 579 addo
818 539 925 580 nec
957 520 1414 595 descriptionem
1439 520 1562 580 suis
1591 539 1789 578 carere
1820 518 2087 578 fontibus
2121 513 2209 597 (Γ
2227 521 2344 577 134
2363 539 2452 595 sq.
2489 522 2545 576 A
2570 517 2720 596 282)

388 624 493 663 nec
540 606 1049 680 comparationem
1095 604 1187 680 (Φ
1222 607 1362 666 126.
1417 606 1486 661 Ψ
1512 606 1633 664 692
1651 624 1740 680 sq.
1790 602 1825 661 ὃ
1857 599 2029 683 402),
2076 605 2190 663 etsi
2225 609 2534 681 utramque
2563 605 2721 664 haud

386 689 546 748 male
592 708 664 748 ex
709 689 830 748 illis
878 691 1164 749 variatam
1209 710 1337 750 esse
1383 689 1657 760 concedo,
1708 689 2087 765 quamquam,
2137 689 2355 764 quibus
2399 689 2719 749 dubitatio·

389 775 565 833 nibus
611 775 966 833 inusitatum
1011 775 1163 834 illud
1205 772 1452 850 μελάνει
1491 776 1687 833 locum
1733 773 1984 846 dederit,
2029 792 2146 832 non
2193 775 2424 849 ignoro.

550 858 829 918 Hectoris
865 861 1076 934 orati0,
1110 861 1277 919 cuius
1300 859 1805 919 introductionem
1831 861 1908 918 66
1924 877 2014 933 sq.
2042 860 2339 934 integram
2362 877 2432 917 ex
2460 860 2611 918 P85
2628 879 2719 935 sq.

387 943 717 1016 transtulit,
764 945 921 1002 inter
964 945 1237 1004 meliores
1282 949 1373 1004 est
1413 943 1767 1020 rhapsodiae
1810 948 2051 1002 nostrae
2081 948 2304 1018 partes,
2352 943 2456 1002 sed
2503 948 2563 1003 et
2590 946 2722 1019 ipsa

381 1048 416 1085 a
459 1046 716 1087 nervosa
759 1029 975 1103 prioris
1021 1029 1181 1087 illius
1219 1030 1272 1084 Γ
1295 1031 1546 1088 87-94
1598 1028 1893 1089 brevitate
1935 1030 2154 1086 mirum
2199 1032 2489 1103 quantum
2535 1029 2721 1088 distat

377 1113 618 1189 garrula
653 1132 761 1172 sua
789 1113 1170 1185 verbositate,
1208 1134 1326 1191 qua
1361 1114 1599 1173 inutilia
1623 1114 1864 1189 quidem
1895 1113 2290 1186 illustrantur,
2328 1132 2533 1172 verum
2565 1133 2715 1190 quae
2742 1123 2803 1170 12

379 1199 711 1256 necessario
778 1198 1137 1272 proferenda
1203 1199 1320 1257 fuit
1379 1199 1717 1258 certaminis
1778 1198 2132 1257 instituendi
2192 1216 2418 1256 causa
2473 1218 2718 1273 prorsus

380 1284 699 1343 omittitur.
776 1282 900 1341 Nec
943 1284 1004 1340 in
1048 1284 1303 1359 singulis
1348 1285 1548 1342 omnia
1592 1286 1750 1341 recte
1792 1281 2142 1358 procedunt.
2202 1281 2421 1341 Statim
2466 1283 2721 1342 formula

382 1367 492 1425 illa
543 1387 604 1426 v.
640 1368 720 1426 68
768 1360 918 1443 ὄφρ’
966 1365 1115 1425 εἴπω
1163 1400 1257 1440 -,
1304 1388 1450 1443 quae
1497 1369 1618 1427 fere
1663 1367 1910 1426 liberam
1956 1369 2017 1425 iu
2064 1368 2502 1442 disputantium
2548 1373 2721 1428 coetu

380 1456 561 1527 atque
607 1451 841 1511 fervore
887 1454 1218 1512 sententiae
1264 1453 1734 1511 enuntiationem
1780 1452 2001 1510 oratori
2048 1451 2350 1510 vindicare
2395 1453 2579 1527 solet,
2624 1453 2721 1512 hic

392 1536 634 1612 quidem
679 1537 1080 1612 pugnantium
1125 1538 1488 1596 exercituum
1534 1537 1800 1595 fremitui
1846 1538 1945 1596 vix
1990 1542 2326 1611 opportune
2355 1537 2721 1597 intercedere

394 1621 651 1681 videtur.
707 1620 821 1691 Qui
869 1624 994 1679 turn
1041 1624 1375 1697 sequuntur
1419 1624 1705 1698 quattuor
1747 1641 1952 1681 versus
1998 1623 2247 1679 69-72
2293 1623 2570 1695 primitus
2600 1641 2722 1681 non

389 1705 670 1778 adfuisse,
719 1705 823 1764 sed
871 1726 904 1763 a
949 1707 1316 1766 diversorum
1362 1707 1600 1766 demum
1647 1707 1973 1766 carminum
2018 1705 2487 1766 consarcinatore
2533 1707 2721 1765 additi

387 1790 685 1848 videntur.
776 1790 893 1848 Per
952 1810 1015 1849 se
1071 1791 1316 1867 quidem
1371 1811 1439 1850 eo
1496 1793 1739 1851 minime
1784 1809 2053 1864 moveor,
2114 1791 2272 1867 quod
2318 1790 2408 1850 his
2453 1792 2721 1852 versibus

380 1875 453 1932 ad
480 1870 699 1950 ’Ὄρκια
754 1876 1075 1950 alluditur,
1136 1895 1270 1935 cum
1326 1878 1598 1952 quisquis
1653 1877 1770 1934 fuit
1810 1877 1986 1935 huius
2030 1878 2472 1935 monomachiae
2517 1881 2723 1935 auctor

383 1961 543 2018 inter
585 1961 945 2019 recentiores
992 1960 1197 2020 Iliadis
1243 1961 1488 2035 opifices
1534 1961 1878 2020 referendus
1924 1961 2035 2034 sit3
2104 1980 2212 2020 nec
2255 1962 2569 2038 indignum
2616 1962 2717 2019 ho-

382 2045 560 2103 minis
607 2045 850 2119 ingenio
895 2047 1224 2105 censuerim
1271 2045 1418 2103 illud
1464 2034 1621 2102 κακὰ
1665 2040 1941 2122 φρονέων
1984 2042 2352 2123 τεκμαίρεται
2397 2066 2465 2104 ex
2512 2047 2560 2101 Z
2595 2047 2716 2105 349

383 2128 700 2187 infeliciter
745 2148 884 2187 sane
931 2131 1261 2204 detortum,
1308 2130 1411 2188 ubi
1458 2131 1828 2189 incommode
1872 2133 1975 2188 aut
2017 2132 2399 2205 participium
2444 2135 2550 2188 aut
2591 2150 2719 2189 ver-

385 2213 525 2271 bum
571 2212 810 2270 finitum
856 2214 1129 2272 sollemni
1160 2218 1323 2273 caret
1352 2213 1602 2289 obiect0,
1652 2214 1811 2290 quod
1857 2215 2099 2289 quidem
2128 2216 2571 2274 incommodum
2601 2216 2718 2273 iam

382 2297 683 2374 Hcyninm
742 2298 937 2356 virum
993 2300 1171 2357 nimis
1226 2299 1400 2357 hodie
1455 2301 1517 2358 in
1575 2299 1666 2357 his
1714 2299 2161 2375 quaestionibus
2206 2300 2544 2376 neglectum
2589 2320 2718 2374 per·

385 2384 593 2454 movit,
641 2386 711 2438 ut
754 2385 948 2440 totum
977 2384 1171 2441 locum
1206 2385 1453 2442 69-72
1487 2384 1717 2458 „malae
1761 2383 2197 2458 rhapsodorum
2242 2384 2577 2443 sedulitatis
2623 2404 2717 2443 su-

383 2465 691 2542 spectum“
743 2465 1006 2526 haberet.
1095 2466 1320 2526 Verum
1375 2469 1551 2528 huius
1606 2473 1674 2527 ut
1731 2469 2062 2528 sententiae
2118 2467 2517 2543 subscribam,
2576 2469 2720 2527 facit

383 2551 688 2627 sequentis
734 2550 986 2611 membri
1031 2553 1335 2612 vinculum
1395 2546 1541 2629 ὑμῖν
1595 2547 1728 2628 μὲν
1769 2549 1904 2629 γὰρ
1959 2548 2128 2610 ἔασιν
2190 2543 2497 2631 ἀριστῆες,
2560 2555 2717 2629 quod

382 2637 691 2712 aptissime
747 2656 987 2695 versum
1049 2639 1128 2696 73
1187 2656 1319 2696 cum
1376 2639 1455 2697 68
1513 2640 1861 2715 coniungit„
1901 2637 2000 2705 sed
2059 2637 2238 2698 nullis
2293 2639 2583 2697 machinis
2641 2638 2718 2696 ad

383 2714 549 2798 ἷρκια
594 2715 728 2796 μὲν
776 2720 1072 2799 Κρονίδης
1121 2754 1196 2763 -
1245 2716 1357 2780 οὐκ
1414 2718 1708 2797 ἐτέλεσσε,
1762 2716 1949 2780 ἀλλὰ
2007 2719 2161 2780 κακὰ
2207 2721 2575 2799 τεκμαίρεται
2619 2723 2716 2782 ad-

389 2807 578 2881 aptari
623 2808 845 2880 potest.
933 2806 1058 2865 Nec
1102 2811 1391 2882 praestat,
1442 2808 1600 2884 quod
1645 2828 1714 2866 ex
1758 2808 2092 2866 Aristarchi
2138 2827 2329 2882 mera,
2376 2813 2446 2866 ut
2490 2810 2717 2883 opinor,

380 2893 719 2949 coniectura
772 2891 1096 2949 novissime
1153 2892 1545 2967 scripserunt:
1610 2885 1757 2968 ὑμῖν
1814 2885 1873 2948 δ’
1923 2887 2001 2950 ἐν
2051 2887 2186 2969 γὰρ
2242 2888 2442 2968 ἔασιν,
2510 2912 2717 2969 quam-

382 2994 580 3050 quam,
630 2975 930 3050 quomodo
975 2976 1259 3050 explicari
1303 2979 1548 3052 possit
1590 2976 1843 3036 absurda
1873 2978 2298 3052 particularum
2328 2978 2569 3054 positio,
2616 2996 2719 3035 no·

382 3064 509 3118 tum
556 3063 669 3118 est.
759 3059 1081 3119 Possunt
1124 3062 1407 3119 nimirum
1451 3062 1734 3136 explicari
1780 3062 1994 3137 multa,
2041 3080 2189 3136 quae
2235 3080 2353 3120 non
2400 3061 2715 3119 debent!

382 3142 626 3219 Legisse
652 3162 793 3203 vero
829 3145 1141 3221 vulgatum
1172 3146 1235 3204 in
1263 3145 1522 3204 Homero
1552 3150 1733 3222 atque
1750 3148 2104 3221 expressisse
2129 3147 2307 3204 etiam
2334 3145 2717 3220 Apollonium

382 3228 677 3287 Rhodium
708 3228 786 3302 II,
828 3229 951 3287 882
991 3234 1149 3287 recte
1172 3231 1405 3289 monuit
1429 3231 1864 3306 Rudolphus
1909 3230 2351 3304 Merkelius,
2388 3232 2489 3305 qui
2517 3233 2717 3289 tamen

383 3313 478 3370 vir
518 3318 582 3371 et
625 3314 1002 3372 acutissimus
1048 3317 1109 3373 et
1148 3316 1521 3375 cautissimus
1552 3315 1782 3375 scilicet
1812 3314 1941 3373 loco
1973 3316 2181 3373 misere
2214 3319 2495 3390 corrupto
2527 3335 2600 3373 ne
2631 3316 2717 3373 ita

381 3396 618 3472 quidem
669 3399 886 3456 iustam
931 3397 1161 3457 laturus
1206 3399 1559 3459 medicinam
1606 3401 1688 3459 ibi
1735 3418 1970 3476 quoque
2013 3398 2455 3458 Aristarcheum
2513 3404 2718 3459 contra

381 3481 567 3541 libros
613 3482 907 3543 restituit!
997 3480 1220 3542 Contra
1261 3485 1587 3559 particulae
1630 3480 1764 3561 μὲν
1805 3482 1971 3561 γάρ,
2029 3503 2162 3543 cum
2222 3485 2285 3543 in
2329 3485 2435 3542 illo
2480 3485 2715 3560 quidem

381 3566 690 3641 Apollonii
745 3585 916 3626 versu
965 3567 1279 3628 Homerica
1335 3569 1672 3628 imitatione
1717 3568 1791 3627 ab
1838 3569 1999 3627 omni
2041 3568 2312 3626 mutandi
2359 3571 2574 3626 conatu
2617 3568 2715 3626 de-

382 3651 732 3725 fendantur,
793 3651 940 3727 quin
993 3652 1056 3710 in
1108 3653 1553 3713 antecedentem
1609 3673 1847 3713 versum
1903 3672 2064 3711 mera
2116 3653 2342 3713 scribae
2403 3654 2718 3712 oscitantia

383 3735 583 3793 illatae
627 3737 949 3811 genuinam
994 3738 1347 3812 scripturam
1393 3740 1751 3813 expulerint,
1797 3737 1946 3797 nibil
1994 3737 2220 3813 dubito,
2267 3740 2336 3795 ut
2364 3736 2713 3796 Alexandri·

382 3838 492 3878 nus
538 3824 733 3878 totum
777 3821 971 3879 locum
1015 3822 1130 3881 hoc
1173 3823 1348 3882 modo
1392 3824 1701 3899 scripsisse
1745 3824 2040 3882 videatur:
2670 3818 2673 3819 ⁷

685 3899 1012 3980 δαιμόνιοι,
1058 3903 1119 3962 τί
1158 3927 1234 3964 νυ
1278 3902 1504 3977 πένθος
1552 3903 1797 3966 ἐτώσιον
1841 3906 2080 3984 ἴσχομεν
2123 3900 2355 3980 αὕτως,

686 3988 752 4048 εἰ
792 3987 1041 4047 κεῖνοί
1076 3994 1227 4048 ποθι
1270 3997 1502 4067 τοῦτον,
1547 3987 1620 4050 ὃν
1664 3988 1927 4068 ἔλλαχον,
1972 3981 2130 4048 οἶτον
2173 3986 2407 4061 ὅλοντος

684 4065 833 4149 ἡμῖν
871 4069 1007 4151 μὲν
1048 4073 1188 4155 γὰρ
1233 4072 1362 4134 ἔασι
1405 4077 1848 4156 κυβερνητῆρες
1892 4071 2075 4154 ὁμίλῳ

684 4156 786 4217 καὶ
828 4155 1052 4229 πολέες.

383 4240 470 4299 De
513 4243 933 4318 supplemento
978 4244 1050 4303 cf.
1099 4247 1253 4304 853:

685 4324 819 4386 δοιὰ
863 4327 976 4408 γὰρ
1014 4318 1130 4386 οὖν
1171 4330 1443 4389 κείνων
1488 4327 1570 4388 ἔτι
1616 4328 1845 4408 σήματα
1891 4329 2166 4406 φαίνεται
2210 4324 2470 4409 ἀνδρῶν.

548 4412 645 4471 Ad
667 4413 994 4472 Homerum
1024 4414 1148 4474 sive
1180 4418 1381 4492 potius
1405 4417 1788 4476 Homericum
1814 4417 2174 4492 rhapsodum
2205 4421 2490 4478 revertor.
2538 4417 2711 4491 Nolo,

479 4519 728 4571 xoomy,
756 4520 1008 4561 Schriften.
1055 4523 1092 4561 Ι.
2276 4518 2306 4567 7
