3132 5129
1267 409 1338 417 --
1432 372 1555 433 397
1648 409 1726 418 -

318 521 581 601 ἄγρια,
640 527 726 584 ita
780 528 848 583 ut
903 527 1014 585 hoc
1071 528 1177 584 aut
1229 526 1305 584 ad
1361 528 1591 586 trucem
1636 545 1924 602 genarum
1972 528 2033 585 in
2077 528 2313 586 rusticis
2359 528 2660 586 fuscarum

319 609 665 685 adspectum
710 609 1022 686 referatur,
1070 613 1192 685 aut,
1239 610 1400 687 quod
1443 611 1682 670 rusticis
1725 613 2032 687 epitheton
2071 612 2214 687 ipsis
2247 613 2657 686 conveniebat,

319 697 487 770 genis
531 714 737 754 eorum
784 695 1039 754 inditum
1100 714 1223 755 esse
1266 698 1528 771 putetur.
1586 695 1816 755 ·Simi1i
1860 696 2036 755 modo
2081 716 2261 772 supra
2303 696 2488 771 XXV,
2542 699 2655 756 191

321 779 546 840 dictum
566 782 744 878 prat:
792 776 969 857 ἄγρια
1014 775 1355 857 ταρβαλέων
1400 775 1714 857 ἕπεμάστιε
1758 779 1915 840 νῶτα
1957 773 2230 840 λεόντων.

489 864 645 923 Ibld·
696 866 813 923 123
846 884 978 991 sck-
1019 944 1170 1008 ἕλών
1213 944 1279 1007 δέ
1322 969 1409 1020 τις
1455 945 1630 1028 ἔγγὺς
1675 947 2013 1027 ἱμάσθλην,

804 1028 1067 1109 Ἰκαρίου
1112 1028 1351 1111 τέτρηνε
1395 1030 1578 1111 δέμας
1623 1033 1960 1113 ταμεσίχροϊ
1998 1030 2240 1117 κέντρῳ.

319 1135 537 1194 Errore
584 1135 737 1211 apud
785 1134 1084 1194 Graefium
1129 1137 1379 1212 legitur:
1429 1134 1466 1193 δ
1479 1135 1800 1214 αμεσίχροϊ.
1890 1137 1950 1196 Is
1995 1137 2068 1195 ad
2112 1157 2169 1196 v.
2208 1138 2327 1196 123
2373 1137 2514 1197 haec
2557 1139 2655 1196 ad-

319 1221 588 1296 scripsit:
645 1217 1000 1297 ,,ἶμάσθλην
1058 1221 1130 1280 de
1186 1218 1422 1281 stimulo
1477 1223 1577 1280 vix
1623 1223 1821 1297 potuit
1864 1222 2056 1281 dicere
2100 1225 2305 1297 poeta3
2351 1241 2560 1283 verum
2605 1225 2655 1280 si

319 1324 654 1380 comparas,
701 1324 849 1381 quae
893 1308 1253 1382 sequuntur,
1301 1307 1497 1380 videm,
1555 1307 1629 1365 de
1673 1306 2010 1366 huiusmodi
2056 1308 2452 1366 instrumento
2500 1309 2654 1382 cogi·

320 1390 570 1448 tandum
614 1409 761 1450 esse.
854 1390 1129 1450 Fortasse
1174 1391 1555 1450 scribendum
1600 1386 1901 1466 ἕχέτλην.“
1968 1393 2052 1450 At
2098 1410 2235 1452 vero
2280 1391 2328 1467 Ι,
2363 1393 2483 1449 332
2515 1392 2656 1451 haec

318 1476 628 1551 leguntur·
709 1547 790 1637 μὴ
833 1554 995 1636 λέχος
1033 1553 1432 1635 Ἐνδυμίωνος
1477 1556 1632 1620 ἰδεῖν
1676 1559 2015 1619 σπεύδουσα
2061 1566 2280 1638 νομῆος

707 1640 904 1721 Ζηνὸς
949 1638 1319 1718 ὖποστίξειεν
1362 1640 1595 1721 ἆφειδέι
1640 1652 1833 1704 νῶτον
1877 1640 2173 1727 ἱμάσθλῃ,

323 1762 444 1838 ubi,
491 1782 626 1823 cum
671 1764 745 1822 de
791 1765 984 1824 bubus
1030 1782 1221 1823 sermo
1268 1765 1364 1840 sit,
1413 1765 1482 1824 de
1530 1765 1771 1824 stimulo
1815 1764 2200 1842 cogitandum
2243 1764 2501 1826 videtur.
2574 1765 2656 1824 Et
2686 1768 2783 1815 659

318 1845 630 1923 XXXVII,
688 1850 808 1908 379
868 1850 939 1908 de
997 1849 1227 1925 Faun0,
1282 1869 1457 1925 quem
1514 1870 1584 1909 ex
1642 1869 1699 1910 v.
1747 1851 1888 1909 347.
1938 1851 2080 1909 389.
2128 1850 2251 1908 434
2283 1868 2372 1925 sq.
2418 1849 2655 1927 fiagello

320 1951 491 1992 usum
536 1951 664 1992 esse
709 1942 987 2010 apparet,
1033 1935 1177 1994 haec
1219 1934 1526 1995 dicuntur:

708 2050 908 2124 φείδεο
954 2052 1060 2129 σῆς
1103 2049 1420 2130 μάστιγος,
1467 2050 1593 2113 ἐπεὶ
1636 2052 1976 2132 ταμεσίχροϊ
2016 2050 2239 2135 κέντρω

707 2143 834 2195 σῶν
878 2131 1069 2216 ὁρόων
1114 2135 1364 2220 ᾤκτειρα
1409 2134 1591 2214 δέμας
1638 2134 2080 2217 κεχαραγμένον
2124 2136 2348 2197 ἵππων.

213 2327 220 2334 ἢ
318 2256 399 2315 Et
440 2257 717 2316 similiter
745 2257 1041 2316 Homerus
1086 2257 1206 2315 iam
1243 2257 1455 2317 Ψ387
1501 2254 1749 2334 κέντρον
1789 2258 1862 2317 de
1905 2257 2145 2335 fiagello
2191 2255 2294 2335 (cf.
2327 2258 2468 2316 384.
2500 2253 2653 2337 390)

316 2342 641 2485 Πεωρῐῗίἕ.
674 2427 799 2486 510
823 2445 953 2503 sqq.
1000 2426 1263 2503 Argivus
1295 2427 1498 2486 Persei
1540 2429 1699 2487 facta
1743 2447 1875 2487 cum
1922 2428 2099 2487 rebus
2128 2448 2163 2485 a
2191 2427 2422 2486 Baccho
2464 2428 2650 2504 gestis

318 2529 665 2588 comparans
707 2512 851 2573 haec
895 2512 1043 2572 dicit
1087 2512 1162 2571 ad
1207 2511 1420 2572 Bacchi
1463 2514 1729 2591 aliquem
1774 2513 2085 2573 asseclam:

621 2612 675 2673 εἰ
714 2608 782 2671 δὲ
828 2611 955 2686 τεὸς
1004 2608 1301 2683 Διόνυσος
1347 2611 1698 2717 ἐρημονόμῳ
1741 2611 1901 2692 παρὰ
1945 2605 2141 2690 πόντῳ

618 2692 924 2796 ὖπναλὲην
968 2695 1231 2758 ἐσάωσεν
1275 2693 1371 2758 ἐπ’
1418 2693 1645 2775 ἠιόνων
1674 2695 2031 2801 Ἀριάδνην,

620 2773 873 2858 δεσμοὺς
912 2780 1306 2862 Ἀνδρομέδης
1347 2780 1612 2859 πτερόεις
1654 2778 1980 2844 άνελύσατο
2026 2780 2323 2862 Περσεύς,

617 2860 788 2941 ἄξιον
830 2866 1007 2928 ἕδνον
1053 2866 1206 2947 ἔχων
1246 2868 1549 2944 πετρώδεσι
1593 2870 1759 2947 θῆρα
1802 2868 2133 2946 θαλάσσης.

622 2947 704 3010 ού
751 2946 1015 3024 κλυτὸς
1058 2948 1519 3033 άνδρομανῆ,
1570 2955 1817 3033 Παφίης
1861 2950 2051 3033 χάριν,
2098 2976 2170 3014 ου
2213 2974 2351 3013 ποτε
2386 2951 2649 3032 Περσεὺς

621 3034 843 3111 Θησέος
886 3039 1230 3116 ἱμείρουσαν
1273 3036 1380 3117 ἑὴν
1424 3036 1709 3117 ἐρρύσατο
1750 3034 2026 3117 νύμφην·

617 3116 765 3182 ἀλλὰ
815 3121 1251 3200 σαοφρονέοντα
1295 3118 1489 3204 γάμον
1530 3123 1728 3202 λάχεν.

315 3225 530 3285 Graefii
577 3225 758 3286 verba
804 3228 874 3286 ad
921 3248 980 3287 v.
1030 3229 1151 3286 514
1196 3228 1340 3287 haec
1383 3232 1554 3288 sunt:
1614 3217 1886 3304 ,,οῧτος
1944 3220 2361 3302 άνδρομέης
2416 3228 2507 3288 ed.
2554 3249 2643 3303 pr.

316 3301 489 3381 οὗτος
534 3305 599 3380 ὃς
654 3302 983 3396 άνδρομέης
1027 3312 1118 3371 ed.
1167 3314 1268 3372 alt.
1314 3332 1346 3371 e
1391 3315 1639 3374 coniect.
1686 3314 1855 3373 Falk.
1905 3332 2024 3387 qua
2069 3314 2259 3372 oratio
2304 3313 2648 3389 imperfecta

315 3397 689 3472 relinquitur.
778 3397 839 3456 Si
888 3401 1044 3456 recte
1089 3402 1347 3456 mentem
1392 3402 1606 3473 poetae
1651 3399 1957 3457 assecutus
2001 3417 2149 3473 sum,
2197 3398 2649 3473 reprehenditur

315 3479 608 3555 BacchuS,
665 3482 768 3558 qui
812 3481 1146 3557 Ariadnen,
1206 3483 1395 3542 adbuc
1436 3483 1591 3543 alius
1637 3483 1750 3542 viri
1796 3500 1994 3541 amore
2038 3482 2419 3558 flagrantem,
2481 3501 2646 3540 suam

314 3564 505 3624 facere
534 3567 815 3643 potuerit,
847 3568 934 3625 ita
961 3586 1263 3643 nunquam
1296 3568 1486 3644 egisse
1516 3567 1818 3627 Perseum.
1889 3557 2645 3638 Rhodomannusz„015109

315 3644 404 3706 ἕλ’
456 3651 550 3709 vel
596 3644 702 3710 d’.‘
814 3651 1041 3710 Horum
1082 3651 1232 3710 nihil
1273 3653 1582 3726 satisfacit,
1629 3671 1988 3728 quamquam
2033 3651 2319 3725 Graefius,
2367 3655 2469 3729 qui
2511 3672 2643 3711 sen-

314 3752 412 3792 sus
466 3735 657 3795 inesse
712 3735 951 3813 debeat,
1010 3736 1174 3795 bene·
1215 3739 1535 3812 perspexit.
1626 3736 1744 3796 Sed
1800 3736 2130 3796 emendatio
2175 3738 2248 3796 ab
2294 3757 2363 3796 eo
2408 3745 2646 3812 recepta

313 3825 376 3878 et
418 3819 695 3879 audacior
748 3824 869 3897 est,
929 3824 989 3880 et
1041 3825 1348 3896 praeterea
1390 3841 1427 3881 a
1471 3821 1719 3882 Lehrsio
1764 3822 1803 3879 l.
1852 3840 1898 3880 c.
1944 3841 2003 3897 p.
2051 3822 2176 3880 220
2219 3822 2294 3881 ob
2340 3822 2644 3881 insolitam

315 3905 536 3963 formae
577 3897 924 3982 ἆνδρομανῆ
969 3907 1030 3965 in
1075 3906 1224 3980 pede
1270 3907 1526 3965 secundo
1558 3910 1619 3966 et
1648 3908 1825 3965 tertio
1856 3906 2213 3981 positionem
2256 3907 2381 3964 iure
2428 3907 2644 3981 impro-

315 3989 507 4048 batur.
584 3991 702 4051 Sed
745 4010 821 4050 ne
866 3991 961 4051 hic
1004 3991 1262 4088 quidem,
1311 3991 1608 4067 quomodo
1653 3991 1817 4051 locus
1858 3992 1937 4050 sit
1980 3991 2297 4066 sanandus,
2343 3991 2645 4053 indicavit.

315 4074 503 4134 Miror
546 4080 770 4152 autem,
820 4077 1046 4136 nemini
1091 4076 1504 4138 Andromedae
1549 4095 1782 4152 nomen,
1828 4075 1986 4150 quod
2031 4075 2158 4135 sine
2203 4075 2382 4135 dubio
2428 4077 2490 4135 in
2535 4077 2643 4135 illo

309 4151 640 4234 άνδρομέης
683 4122 849 4236 latet,
895 4162 956 4220 in
1002 4164 1256 4221 mentem
1301 4162 1554 4223 venisse.
1629 4161 1758 4219 Iam
1802 4178 1913 4236 ego
1957 4160 2153 4218 locum
2197 4161 2281 4220 ita
2322 4180 2357 4220 a
2386 4161 2461 4221 N.
2508 4181 2642 4237 pro-

313 4244 531 4303 fectum
575 4245 865 4306 arbitror·
1255 4267 1260 4274 ⁴

399 4339 485 4403 οὐ
532 4340 597 4404 δ’
646 4341 812 4424 ἐμὸς
853 4341 1380 4426 Ἀνδρομέδην,
1429 4346 1679 4425 Παφίης
1724 4343 1918 4430 χάριι,
1964 4342 2042 4409 ου’
2083 4369 2222 4409 ποτε
2270 4343 2535 4429 Περσεὺς

401 4427 622 4506 Θησέος
669 4430 1011 4510 ῖμείρουσαν
1056 4429 1162 4512 ἑὴν
1205 4429 1491 4513 ἐρρύσατο
1536 4432 1803 4512 νύμφην.
