3132 5129
1208 394 1670 455 ——577—

282 570 456 611 nemo
502 550 842 610 criticorum
904 550 1152 609 offendit
1195 552 1432 624 praeter
1476 550 1801 609 Henricum
1845 548 2171 630 Hirzelium
2215 552 2605 629 Lipsiensem,

286 637 388 713 qui
432 637 494 695 in
541 636 756 713 sagaci,
806 655 983 711 quam
1030 634 1141 711 „de
1184 634 1489 708 Euripidis
1533 636 1598 693 in
1643 636 2066 710 componendis
2112 634 2394 697 diverbiis
2438 638 2608 698 arte“

281 724 565 797 scriptam
610 721 848 797 Lipsiae
892 720 1004 779 hoc
1057 721 1187 795 ipso
1240 736 1395 777 anno
1450 720 1668 795 edidit,
1729 720 2143 780 dissertatione
2187 741 2244 796 p.
2282 721 2362 779 54
2382 741 2471 799 sq.
2517 742 2609 783 ac-

282 810 485 866 curate
546 805 980 865 demonstravit
1036 825 1093 864 v.
1141 805 1297 863 1051
1345 822 1466 862 non
1510 804 1802 879 quadrare
1857 805 1930 863 ab
1989 805 2302 882 Iphigenia
2355 809 2610 867 relatum

290 891 489 951 Oresti
520 910 734 950 navem
764 893 1034 966 paratam
1068 908 1194 949 esse
1238 890 1616 965 asseveranti,
1662 891 1938 965 quoniam
1965 893 2112 963 tum,
2161 887 2229 948 τὰ
2277 886 2428 950 ἄλλα
2472 894 2528 953 h.
2560 914 2612 956 e.

292 976 440 1035 aliae
484 996 578 1035 res
624 980 861 1050 praeter
904 975 1075 1034 navis
1116 977 1467 1051 apparatum
1504 975 1577 1033 ad
1611 975 1816 1051 fugam
1846 978 2208 1035 necessariae
2239 978 2446 1051 quales
2473 978 2613 1054 sint,

293 1062 391 1119 vix
435 1062 711 1121 videatur
755 1060 870 1118 dici
913 1079 1115 1136 posse,
1174 1059 1447 1134 idemque
1503 1062 1665 1119 recte
1708 1061 2010 1136 perspexit
2051 1064 2110 1119 et
2150 1081 2210 1121 v.
2247 1063 2409 1120 1052
2454 1062 2614 1138 Iphi-

292 1148 501 1222 geniae
547 1164 702 1221 esse,
760 1164 911 1220 quae
966 1149 1035 1203 ut
1089 1145 1331 1213 omnino
1387 1144 1770 1204 consiliorum
1825 1146 2124 1204 inventrix
2169 1147 2280 1221 sit,
2327 1148 2412 1205 ita
2455 1167 2610 1206 nunc

290 1250 527 1307 quoque
580 1232 711 1306 ipsa
766 1231 838 1289 de
895 1230 1245 1287 mulieribus
1301 1230 1553 1305 cogitet,
1611 1233 1674 1287 et
1725 1249 1908 1288 unum
1951 1231 2028 1289 ‚in
2083 1230 2192 1289 hac
2234 1233 2477 1308 regione
2521 1252 2614 1291 ex-

290 1317 501 1375 cidisse
544 1334 804 1377 versum.
893 1314 1012 1373 Sed
1055 1332 1182 1385 nec,
1229 1314 1333 1371 ubi
1375 1313 1471 1373 hic
1512 1334 1719 1374 versus
1763 1314 2050 1373 exciderit
2093 1318 2156 1373 et
2197 1317 2364 1375 cuius
2409 1318 2609 1394 fuerit,
2655 1330 2714 1378 17

289 1401 590 1460 intellexit
634 1404 695 1459 et
737 1403 867 1459 toto
911 1399 1041 1457 loco
1086 1400 1310 1458 erravit
1354 1399 1437 1457 sic
1482 1400 1930 1458 constituendo:

457 1518 875 1577 ΟΡΕΣΤΗΣ.
1006 1514 1111 1575 καὶ
1154 1513 1278 1593 μὴν
1320 1511 1469 1587 νεώς
1513 1538 1578 1595 γε
1623 1516 1864 1587 πίτυλος
1905 1510 2126 1595 εὐήρης
2170 1516 2354 1598 πάρα.

459 1604 955 1662 ΙΦΙΓΕΝΕΙΑ.
1128 1619 2237 1665 **********

455 1688 867 1747 ΟΡΕΣΤΗΣ.
1000 1684 1092 1745 σοὶ
1135 1682 1209 1760 δὴ
1254 1681 1453 1763 μέλειν
1495 1680 1606 1763 χρὴ
1650 1682 1820 1745 ,τᾶλλ’
1868 1679 2029 1760 ὅπως
2074 1686 2188 1762 ἕξει
2232 1692 2446 1764 καλῶς.

462 1773 951 1831 ΙΦΙΓΕΝΕΙΑ.
998 1764 1132 1843 ἑνὸς
1175 1770 1369 1849 μόνου
1414 1770 1526 1847 δεῖ,
1572 1767 1751 1830 τάσδε
1795 1768 2142 1851 συγκρύψαι
2187 1772 2345 1842 τάδε.

466 1859 885 1918 ΟΡΕΣΤΗΣ.
1015 1850 1152 1917 ἀλλ’
1198 1850 1432 1929 ἀντίαζε
1476 1877 1534 1917 κ.
1569 1878 1617 1920 τ.
1651 1861 1702 1916 λ.

284 1980 356 2038 In
397 1979 491 2037 his
535 1979 651 2036 tria
694 1982 853 2053 sunt,
903 1996 1053 2053 quae
1097 1977 1253 2035 male
1296 1976 1585 2035 habeant:
1631 1978 1886 2052 primum
1933 1976 2174 2038 Orestis‘
2207 1981 2278 2039 de
2324 1982 2616 2043 instructa

284 2070 609 2139 parataque
669 2064 807 2121 navi
867 2064 1089 2121 mentio
1147 2063 1519 2121 asseverandi
1564 2062 1876 2137 particulis
1935 2059 2056 2119 καὶ
2112 2060 2445 2139 priv-sine
2490 2069 2614 2127 ullo

284 2150 601 2209 verborum
656 2148 1157 2206 sententiarumve
1214 2164 1436 2204 conexu
1493 2150 1635 2221 post
1687 2145 2033 2223 Iphigeniae
2090 2168 2438 2225 responsum
2483 2150 2606 2210 πεί-

288 2248 441 2291 σασα
472 2231 713 2308 μύθοις,
740 2226 811 2289 οὐ
843 2223 955 2309 γὰρ
984 2226 1065 2288 οἲν
1094 2227 1347 2306 λάθοιμί
1369 2250 1435 2306 γε
1465 2232 1667 2305 illata;
1713 2232 1923 2290 deinde
1953 2232 2129 2308 quod,
2178 2235 2318 2309 quid
2352 2236 2425 2293 ad
2455 2236 2608 2296 hanc

283 2320 455 2378 navis
485 2322 722 2394 paratae
753 2319 1113 2375 mentionem
1138 2316 1493 2390 respondere
1520 2316 1794 2375 debuerit
1812 2315 2141 2393 Iphigenia,
2169 2320 2269 2377 vix
2291 2322 2613 2397 excogitari

285 2408 517 2480 potest3
566 2406 886 2478 postremo,
935 2401 1093 2477 quod
1144 2420 1201 2459 v.
1247 2403 1400 2460 1051
1450 2398 1646 2459 Oresti
1699 2400 1990 2459 tribuitur
2035 2402 2118 2460 ita
2163 2407 2233 2461 ut
2285 2404 2492 2464 relatis
2531 2397 2614 2463 τοὶ

284 2484 468 2546 ἄλλα
498 2488 574 2546 ad
601 2508 685 2563 ea,
716 2506 865 2562 quae
901 2484 1215 2562 Iphigenia
1244 2486 1359 2543 iam
1394 2486 1836 2561 excogitaverat
1864 2485 2012 2560 ipsa,
2043 2487 2184 2546 haec
2213 2488 2435 2563 eadem,
2467 2508 2616 2564 quae

288 2595 349 2634 se
395 2575 680 2632 facturam
725 2569 1049 2631 certissime
1095 2572 1273 2630 simul
1317 2572 1845 2645 pronuntiaverat,
1907 2575 1978 2629 ut
2031 2577 2454 2650 persequatur,
2511 2576 2616 2635 ille

287 2660 453 2734 quasi
499 2677 715 2718 novam
747 2675 871 2715 rem
903 2656 1424 2716 commendaturus
1466 2656 1762 2714 inutiliter
1789 2657 2246 2734 importuneque
2277 2660 2618 2719 strenuissi-

289 2763 446 2802 mam
496 2761 758 2801 sororem
803 2743 1138 2800 admoneat.
1228 2738 1378 2808 Quid
1433 2741 1622 2816 quod,
1671 2740 1721 2798 si
1763 2741 1958 2800 tetum
2002 2742 2196 2802 locum
2241 2744 2408 2802 nulla
2451 2765 2619 2821 prae·

288 2829 477 2904 pediti
524 2828 801 2903 opinione
847 2825 1199 2900 simpliciter
1241 2826 1708 2901 perlegerimus,
1755 2829 1916 2884 recte
1962 2828 2132 2886 illum
2179 2847 2416 2887 versum
2457 2829 2619 2905 Iphi-

286 2914 499 2990 geniae
545 2911 731 2970 tribui
780 2915 956 2987 atque
1002 2905 1082 2968 τὰ
1127 2905 1308 2967 ἄλλα
1355 2909 1426 2968 de
1469 2911 1542 2969 iis
1588 2911 1825 2987 potiuS,
1871 2931 2021 2987 quae
2065 2916 2203 2988 post
2243 2913 2618 2990 Iphigeniam

290 2997 489 3057 Oresti
545 2997 817 3056 facienda
872 2998 1131 3070 restant,
1190 2995 1461 3071 intellegi
1517 2994 1733 3054 debere
1789 2997 1960 3055 facile
2015 3000 2466 3075 perspiciemuS,
2525 3001 2618 3057 cui

291 3081 773 3158 interpretationi
821 3081 990 3139 unice
1036 3081 1316 3140 convenit
1358 3079 1604 3138 ultimus
1652 3079 1878 3140 Orestis
1921 3102 2130 3142 versus

690 3188 775 3256 τὰ
819 3189 879 3256 δ’
925 3192 1083 3256 ἄλλ’
1133 3196 1277 3268 ἴσως
1319 3185 1399 3255 ὂῖν
1440 3195 1637 3256 πάντα
1682 3195 1946 3276 συμβαίη
1989 3201 2216 3275 καλῶς,

297 3338 415 3395 quo
468 3322 669 3395 aperte
727 3318 801 3376 ad
858 3318 1023 3377 illam
1085 3317 1306 3376 sororis
1363 3317 1813 3392 responsionem
1857 3318 2119 3394 respicit.
2213 3319 2390 3378 Patet
2433 3320 2623 3397 igitur

290 3405 491 3479 potius
536 3406 676 3479 post
705 3423 763 3462 v.
802 3403 961 3463 1049
992 3421 1175 3461 unum
1207 3400 1431 3462 Orestis
1476 3421 1713 3461 versum
1759 3403 2055 3462 interiisse
2098 3403 2273 3464 huius
2319 3405 2443 3464 fere
2487 3425 2621 3465 sen-

290 3490 547 3548 tentiae:
615 3488 844 3564 „haec
905 3507 1080 3547 vero
1147 3488 1272 3545 ubi
1342 3487 1541 3544 facta
1605 3489 1806 3562 sunt,
1873 3487 2051 3563 quid
2117 3491 2272 3546 tum
2334 3489 2620 3550 facien-

292 3573 560 3632 dum‘?“
607 3575 701 3633 cui
747 3573 864 3631 iam
908 3572 1223 3648 Iphigenia
1267 3592 1322 3633 v.
1360 3573 1519 3631 1051
1569 3572 1893 3646 respondet

690 3705 781 3766 σοὶ
828 3697 904 3784 δή
942 3704 1151 3783 μέλειν
1194 3695 1302 3786 χρὴ
1346 3701 1507 3766 τᾶλλ’
1556 3696 1718 3778 ’ὅπως
1763 3703 1877 3781 ἕξει
1922 3706 2145 3783 καλῶς,

293 3865 443 3922 quae
505 3847 735 3904 restent
788 3845 928 3920 post
984 3843 1362 3902 simulacrum
1430 3844 1505 3903 ad
1565 3844 1712 3902 litus
1766 3845 2054 3920 navisque
2111 3843 2616 3920 propinquitatem

296 3933 792 4006 transportatum.
881 3927 1109 3988 Orestis
1153 3947 1283 3988 esse
1328 3929 1569 4004 eiusque
1614 3929 1906 3988 sociorum
1952 3928 2352 4004 declaratura,
2398 3929 2621 3988 scilicet

258 4037 271 4048 ·
297 4019 367 4073 ut
410 4016 633 4091 fugatis
676 4013 947 4074 barbaris
998 4013 1190 4089 ipsam
1235 4032 1367 4073 cum
1412 4013 1738 4078 simulacro,
1772 4015 1908 4073 navi
1955 4013 2216 4072 inferant
2257 4031 2617 4090 ancorasque

292 4101 551 4159 solvant.
639 4098 1027 4159 consentiens
1073 4097 1313 4159 Orestes
1355 4118 1413 4158 v.
1449 4100 1616 4158 1050

682 4231 802 4293 καὶ
843 4223 991 4312 μὴν
1033 4226 1181 4303 νεώς
1223 4253 1289 4311 γε
1332 4231 1576 4304 πίτυλος
1619 4225 1842 4311 εὐήρης
1883 4223 2044 4311 πάρα

292 4390 505 4432 navem
552 4375 781 4446 certe,
829 4389 945 4446 qua
988 4372 1126 4429 ante
1172 4370 1368 4428 omnia
1396 4370 1469 4429 ad
1499 4371 1558 4428 id
1589 4371 1899 4446 negotium
1932 4388 2079 4445 opus
2123 4368 2220 4444 sit,
2265 4368 2621 4431 instructam

293 4460 530 4533 praesto
574 4475 719 4532 esse,
764 4456 926 4531 quod
970 4473 1152 4531 supra
1182 4474 1238 4514 v.
1273 4455 1391 4514 981
1414 4475 1503 4531 sq.
1534 4455 1797 4516 breviter
1837 4457 2073 4514 tantum
2117 4454 2420 4532 indicavit,
2464 4475 2623 4516 nunc

398 4562 648 4612 zoelum
690 4561 939 4605 Schriften.
966 4563 1004 4601 1.
2186 4557 2250 4605 37
