3132 5129
1319 401 1733 465 „73-

515 555 647 615 Iam
708 556 897 634 igitur
953 562 1015 618 et
1068 558 1317 619 remotis
1372 561 1434 616 et
1487 557 1767 631 retentis,
1826 577 1976 633 quae
2032 561 2137 617 aut
2180 561 2538 619 removenda
2581 566 2686 620 aut

352 640 664 700 retinenda
708 646 894 716 erant,
940 663 1178 704 carmen
1221 643 1509 703 habemus
1554 640 1809 718 duplicis
1841 643 2118 716 ambitus,
2166 664 2345 719 quam
2374 646 2477 720 qui
2497 646 2683 706 Lach-

350 744 568 785 manno
615 727 951 788 videbatur.
1040 729 1294 790 Constat
1337 730 1494 787 enim
1541 728 1634 788 his
1679 729 1980 788 versibus:
2030 729 2088 784 Γ
2114 731 2334 787 1-17,
2369 730 2681 790 20—107.

355 810 710 873 111-120,
744 814 1109 889 245-4613
1162 816 1217 870 A
1244 813 1471 872 1-54.
1506 814 1831 887 57—-1573
1865 816 1994 872 tum
2027 816 2130 872 aut
2157 814 2298 873 158.
2335 816 2684 874 leo—162.

354 896 717 968 les—170,
766 902 870 958 aut
918 900 1280 971 171-182;
1348 900 1652 973 postremo
1703 899 2053 956 183—194.
2118 898 2468 958 198—222.
2557 900 2686 960 Hoc

352 981 545 1057 igitur
587 999 858 1054 carmen,
904 984 1063 1058 quod
1107 983 1280 1043 nobis
1312 986 1402 1042 est
1431 986 1749 1057 sextum,
1797 982 2276 1042 commodissime
2307 984 2683 1045 brevissime-

351 1084 466 1141 que
522 1065 770 1142 antiquo
826 1068 1066 1127 nomine
1112 1068 1376 1126 OPKIA
1421 1068 1721 1143 appellare
1780 1067 2013 1139 licebit,
2071 1068 2187 1127 nisi
2232 1069 2558 1144 praeferas,
2618 1072 2687 1129 ut

351 1170 460 1223 „ex
504 1150 728 1225 potiori
773 1151 881 1211 fiat
929 1153 1375 1212 denominatio“
1419 1171 1543 1211 non
1590 1152 1785 1212 minus
1831 1152 2078 1227 antiqua
2109 1152 2501 1210 ΠΑΡΙΔΟΣ
2526 1155 2688 1212 ΚΑΙ

360 1235 862 1293 ΜΕΝΕΛΑΟΤ
898 1237 1485 1297 ΜΟΝΟΜΑΧῙΑ.

523 1404 643 1465 Sed
690 1409 1084 1483 septimum
1131 1428 1364 1468 carmen
1410 1427 1529 1467 uno
1574 1408 1814 1467 nomine
1846 1406 2067 1466 Graece
2096 1408 2396 1482 appellare
2426 1410 2524 1468 vix
2554 1429 2684 1484 pos-

347 1510 554 1550 sumus
600 1523 680 1533 -
727 1492 876 1552 duae
918 1494 1076 1552 enim
1121 1495 1250 1553 eius
1294 1496 1436 1552 sunt
1480 1496 1677 1568 partes
1722 1491 2069 1569 singulatim
2115 1492 2458 1568 designatae
2510 1495 2682 1550 TEI-

352 1574 807 1634 ΧΟΣΚΟΠΙΑ
864 1582 924 1637 et
981 1578 1565 1635 ΕΠῙΠΩΛΗΣῙΣ
1628 1609 1739 1648 -,
1811 1577 2126 1636 vernacule
2183 1595 2500 1652 possumus
2558 1581 2688 1647 „dic

347 1662 605 1734 doppelte
649 1662 1060 1738 Musterun9“.
1118 1663 1271 1722 Nam
1317 1662 1797 1737 Teichoscopiam
1845 1665 2022 1736 atque
2065 1660 2414 1737 Epipolesin
2444 1681 2565 1722 non
2596 1684 2686 1723 so-

348 1747 472 1804 lum
531 1746 707 1805 unius
763 1747 1147 1823 eiusdemque
1198 1767 1327 1807 esse
1384 1748 1626 1822 poetae,
1687 1746 1844 1820 quod
1892 1746 2151 1804 metricis
2197 1746 2430 1806 indiciis
2475 1747 2686 1807 ductus

353 1832 467 1890 iam
514 1830 912 1892 Hoffmannus
957 1834 1146 1892 sensit
1188 1853 1246 1908 p.
1273 1834 1415 1904 209,
1464 1832 1566 1891 sed
1611 1832 1790 1890 etiam
1837 1849 2022 1888 unum
2068 1832 2130 1888 et
2173 1829 2421 1905 simplex
2453 1832 2685 1892 efficere

354 1934 598 1974 carmen
644 1915 775 1991 ipsa
819 1918 1161 1976 oeconomia
1205 1918 1436 1992 poetica
1478 1950 1559 1959 —
1607 1919 1675 1973 ut
1716 1916 1828 1974 hoc
1871 1915 2160 1974 vocabulo
2206 1918 2342 1974 utar
2370 1948 2453 1959 —-
2484 1918 2685 1977 certis-

348 2002 495 2060 sime
541 2000 783 2059 evincit.
839 2002 928 2060 Ac
971 2003 1227 2077 primum
1276 2002 1516 2077 quidem
1563 2020 1699 2058 cum
1745 1999 2023 2059 carminis
2067 1999 2379 2059 consilium
2424 2001 2685 2077 positum

349 2086 430 2143 sit
474 2085 537 2142 in
582 2086 922 2161 principum
947 2085 1305 2146 Graecorum
1350 2088 1775 2161 imperatorum
1821 2103 2087 2160 recensu,
2127 2086 2299 2159 patet
2342 2086 2501 2144 hunc
2543 2088 2684 2146 arti-

351 2170 551 2229 ficiose
597 2172 919 2244 separatim
966 2172 1055 2229 ita
1097 2171 1381 2243 exhiberi,
1429 2174 1498 2229 ut
1540 2170 1803 2246 primum
1848 2169 2083 2246 roganti
2129 2169 2392 2228 hostium
2437 2172 2566 2246 regi
2611 2173 2686 2230 ab

353 2254 603 2327 Helena,
651 2274 804 2329 quae
849 2259 940 2314 est
984 2257 1170 2315 totius
1218 2256 1397 2326 „belli
1431 2256 1762 2314 deterrima
1787 2254 2020 2327 causa“,
2069 2254 2249 2313 facies
2280 2257 2459 2329 atque
2494 2255 2686 2314 forma

354 2358 557 2397 eorum
606 2339 996 2412 describatur,
1042 2344 1171 2399 tum
1217 2341 1335 2415 ipsi
1379 2340 1543 2398 vario
1589 2339 1768 2397 modo
1812 2339 2102 2413 appellati
2133 2339 2208 2397 ab
2240 2340 2686 2415 Agamemnone

354 2427 419 2482 et
461 2424 696 2498 agendo
742 2429 804 2483 et
847 2425 1094 2484 dicendo
1140 2428 1203 2483 et
1245 2443 1386 2484 vero
1431 2426 1617 2483 etiam
1664 2424 1911 2482 tacendo
1958 2442 2064 2482 sua
2092 2423 2336 2498 ingenia
2364 2425 2685 2499 prodentes

352 2508 827 2568 introducantur.
915 2510 1166 2570 Accedit
1217 2528 1530 2585 procerum
1586 2508 1730 2569 ordo
1789 2509 1851 2567 in
1909 2507 2195 2567 ambabus
2252 2509 2527 2584 partibus
2571 2511 2685 2570 sibi

350 2592 685 2669 oppositus.
762 2594 857 2652 Ad
901 2595 1317 2666 Idomeneum,
1367 2613 1543 2671 quem
1589 2598 1889 2669 postremo
1933 2593 2063 2653 loco
2107 2593 2268 2652 ultro
2313 2593 2544 2653 Helena
2588 2596 2684 2655 de·
2712 2603 2745 2651 8

350 2679 734 2749 monstravit,
800 2680 1057 2754 primum
1105 2681 1332 2739 accedit
1376 2681 1790 2756 Agamemnon
1833 2679 1972 2737 inde
2015 2676 2087 2735 ad
2132 2677 2343 2737 Aiaces
2388 2683 2686 2756 transgre-

350 2763 540 2837 diens,
586 2782 842 2837 quorum
887 2765 1174 2824 maiorem
1218 2768 1451 2824 tantum
1483 2764 1722 2823 Priamo
1765 2762 2243 2823 animadversum
2272 2763 2504 2824 Helena
2547 2770 2684 2826 ante

349 2847 738 2907 Idomeneum
783 2850 1137 2912 nominavit.
1208 2850 1361 2908 Tum
1406 2849 1725 2908 Nestorem
1768 2848 1916 2922 adit,
1963 2849 2130 2907 cuius
2176 2868 2407 2907 summa
2449 2851 2685 2910 exhibe·

352 2936 451 2990 tur
495 2931 762 2992 laudatio
807 2934 1031 3009 quippe
1077 2938 1137 2994 et
1180 2935 1253 2993 ab
1298 2935 1428 3009 ipso
1474 2936 1653 3008 poeta
1684 2933 2025 2992 297—300
2065 2932 2307 2991 inducta
2335 2937 2396 2991 et
2424 2953 2530 2993 sua
2560 2955 2684 2994 ora-

355 3018 514 3076 tione
561 3018 896 3078 301—309
943 3018 1149 3077 adiuta
1192 3022 1331 3093 post
1372 3019 1759 3078 Idomeneum
1802 3020 1978 3092 atque
2002 3016 2215 3076 Aiaces
2261 3017 2345 3075 ita
2390 3018 2680 3092 laudatos,

351 3105 421 3161 ut
462 3103 523 3160 hi
571 3102 810 3177 quidem
855 3104 1034 3178 paulo
1077 3106 1269 3180 magis
1315 3104 1647 3163 288—291
1696 3122 1873 3177 quam
1917 3101 2019 3159 ille
2067 3102 2332 3177 257sqq.
2377 3106 2685 3163 ornentur.

355 3186 624 3247 Nestoris
681 3206 822 3246 vero
880 3207 1013 3247 cum
1066 3189 1233 3247 nulla
1288 3189 1369 3248 sit
1421 3190 1484 3246 in
1530 3186 1952 3261 Teichoscopia
2009 3186 2233 3244 mentio
2282 3218 2357 3227 —
2403 3188 2684 3262 quoniam

350 3270 643 3331 absonum
689 3271 901 3332 fuisset
945 3274 1184 3332 unicum
1230 3272 1649 3333 trisaeclisenis
1695 3272 2030 3347 exemplum
2075 3288 2199 3329 non
2244 3271 2380 3330 sciri
2424 3273 2528 3332 sed
2572 3275 2682 3333 sci-

351 3356 558 3414 scitari
603 3389 715 3427 -——-,
779 3376 854 3416 ne
909 3358 993 3417 sic
1049 3362 1247 3417 tamen
1310 3375 1568 3433 persona
1609 3357 1694 3415 ibi
1739 3356 2111 3416 desideratur
2155 3373 2288 3413 cum
2333 3374 2403 3416 eo
2447 3376 2681 3434 compo-

351 3440 561 3502 nenda.
650 3440 800 3500 Eam
858 3443 1018 3501 enim
1060 3446 1271 3502 nostro
1315 3446 1523 3517 poetae
1566 3443 1765 3516 ipsum
1811 3441 2112 3499 Priamum
2158 3440 2339 3500 fuisse
2385 3459 2516 3500 cum
2563 3463 2682 3501 am-

352 3525 566 3584 borum
612 3545 822 3602 regum
868 3526 1175 3586 simillima
1217 3531 1277 3587 et
1319 3531 1593 3586 senectus
1636 3529 1700 3585 et
1742 3524 2062 3584 auctoritas
2107 3525 2335 3598 suadet,
2382 3530 2511 3586 tum
2555 3528 2683 3602 ipsa

353 3610 673 3670 verborum
717 3611 1040 3671 eorundem
1086 3612 1378 3688 quaedam
1406 3611 1653 3671 allusio:
1699 3611 1820 3670 vid.
1849 3610 1907 3665 Γ
1927 3610 2153 3685 146sq.
2185 3610 2318 3672 coll.
2350 3613 2404 3666 A
2435 3612 2556 3669 295
2572 3631 2680 3687 sq„

358 3695 414 3750 Γ
440 3697 563 3754 150
576 3715 665 3770 sq.
699 3695 832 3756 coll.
869 3698 924 3752 A
954 3698 1100 3755 293.
1165 3695 1283 3755 Sed
1316 3697 1706 3755 Troianorum
1739 3713 1939 3771 regem
1967 3693 2250 3752 habemus
2282 3694 2439 3753 inter
2467 3715 2680 3771 aequa-

355 3780 441 3838 les
486 3799 692 3839 secure
736 3780 1237 3855 confabulantem,
1269 3780 1576 3856 Pyliorum
1622 3782 1779 3839 inter
1822 3780 2012 3840 socios
2056 3780 2284 3838 ratione
2329 3782 2392 3838 et
2413 3780 2682 3839 oratione

355 3864 539 3924 aciem
596 3863 1015 3925 instruentem.
1105 3865 1233 3924 Iam
1289 3885 1325 3923 a
1368 3865 1560 3924 laudis
1608 3865 1778 3940 quasi
1822 3865 2059 3925 cumulo
2105 3864 2178 3922 ad
2222 3862 2683 3940 vituperandum

354 3947 809 4009 descendentem
854 3949 1127 4010 videmus
1171 3950 1682 4027 Agamemnonem
1739 3953 1803 4008 et
1847 3951 1933 4008 ita
1978 3948 2249 4025 quidem,
2309 3951 2380 4006 ut
2422 3949 2679 4024 primum

358 4031 590 4092 Ulixem
636 4033 1011 4109 potissimum
1055 4067 1138 4078 --
1183 4035 1302 4097 vid.
1338 4035 1458 4094 339
1492 4068 1573 4076 -—
1605 4035 1888 4110 increpet,
1935 4053 1970 4092 a
2012 4051 2128 4108 quo
2172 4036 2310 4107 post
2351 4034 2547 4108 ipsum
2577 4034 2682 4093 im-

356 4120 690 4192 peratorem
765 4120 959 4194 primo
1023 4120 1154 4180 loco
1226 4119 1654 4180 nominandum
1722 4118 2180 4180 sciscitationem
2247 4135 2488 4178 exorsus
2554 4124 2681 4179 erat

354 4201 659 4276 Priamus,
706 4207 1010 4278 postremo
1054 4204 1318 4265 acerbius
1363 4205 1541 4264 etiam
1585 4204 1933 4263 Diomedem
1978 4221 2110 4262 cum
2154 4200 2439 4263 Sthenelo
2485 4205 2680 4264 obiur-

354 4289 474 4362 get,
520 4306 671 4362 quos
715 4291 778 4347 et
827 4289 989 4365 ipsos
1035 4290 1095 4349 in
1128 4289 1552 4364 Teichoscopia
1596 4308 1718 4348 non
1763 4290 2116 4347 memoratos
2161 4286 2345 4348 fuisse
2388 4309 2464 4349 ne
2507 4292 2679 4350 mire—

356 4371 456 4445 ris,
500 4390 635 4431 cum
678 4373 859 4434 nimis
904 4374 1086 4452 longa
1127 4376 1254 4434 tum
1298 4374 1629 4434 exstitisset
1669 4374 1916 4433 heroum
1961 4372 2163 4432 series.

528 4456 655 4518 Nec
698 4457 852 4518 aliae
896 4458 1117 4519 desunt
1160 4458 1411 4519 duarum
1456 4458 1719 4535 partium
1761 4460 2003 4516 mutuae
2039 4458 2531 4526 necessitudines.
2588 4460 2684 4519 Ita
