3132 5129
1331 328 1817 441 ⁸—50--

605 534 780 607 Nam,
826 538 893 593 ut
937 535 1009 593 ab
1058 535 1176 593 illis
1221 535 1519 609 incipiam,
1572 535 1777 610 vigent
1805 534 1901 593 vel
1933 536 2189 593 maxime
2218 534 2330 593 hac
2359 536 2552 592 aetate
2582 533 2779 593 studia

436 620 753 678 Homerica
796 623 976 696 atque
1022 620 1363 679 felicissime
1394 623 1742 695 augescunt,
1789 620 1914 678 sive
1956 615 2513 694 interpretationem
2548 623 2777 694 spectas

437 704 674 763 doctam
732 709 1065 763 accuratam
1133 708 1360 779 aptam,
1430 706 1491 762 in
1556 723 1674 780 quo
1741 723 1959 780 genere
2013 704 2440 762 Doederlinum
2499 703 2777 781 Naegels-

375 784 408 829 4
438 789 709 849 bachium
773 790 1046 849 Faesium
1114 790 1444 848 Ameisium
1508 791 1843 848 nominasse
1911 789 2159 860 sufficit,
2231 789 2354 848 sive
2423 789 2777 846 obrutorum

440 874 880 932 Alexandrinae
924 875 1204 934 scientiae
1251 873 1666 932 thesaurorum
1713 873 2240 949 investigationem
2273 877 2454 948 atque
2486 877 2776 931 restaura-

439 960 695 1031 tionem,
743 960 836 1017 cui
881 960 1219 1034 provinciae
1264 959 1653 1034 geologorum
1701 958 1821 1017 sere
1866 959 2097 1017 muneri
2154 958 2582 1033 comparandae
2643 962 2780 1031 post

441 1043 752 1103 Lehrsium
787 1044 1138 1119 signiferum
1170 1043 1665 1103 Friedlaenderus
1697 1043 2066 1103 Duentzerus
2090 1043 2448 1101 Ribbeckius
2471 1041 2530 1100 Ν
2531 1042 2778 1101 auckius

443 1127 718 1187 Osannus
765 1128 1127 1187 Schmidtius
1173 1129 1533 1187 indefessum
1582 1129 1843 1187 laborem
1892 1128 2348 1199 dedicaverunt,
2408 1128 2533 1185 sive
2589 1131 2776 1187 exter-

438 1232 605 1284 nam,
667 1233 818 1289 quae
880 1213 1126 1285 dicitur,
1184 1213 1380 1287 poesis
1426 1212 1773 1271 Homericae
1831 1213 2165 1283 historiam,
2227 1232 2379 1288 quae
2435 1213 2776 1287 nuperrime

435 1298 795 1357 acutissimis
825 1298 1361 1373 eruditissimisque
1393 1297 1784 1355 Maximiliani
1817 1296 2241 1373 Sengebuschii
2272 1297 2776 1373 disputationibus

435 1383 673 1459 egregie
727 1387 1000 1457 promota
1053 1387 1161 1441 est.
1254 1382 1425 1452 Quod
1485 1401 1627 1443 vero
1683 1384 1873 1458 ipsam
1926 1382 2137 1440 horum
2203 1382 2537 1441 studiorum
2610 1382 2775 1456 quasi

439 1487 631 1526 arcem
678 1468 912 1539 attinet,
959 1486 1107 1541 quae
1156 1467 1561 1542 quaestionem
1610 1466 1878 1525 continet
1923 1467 1995 1525 de
2039 1466 2270 1542 poetica
2313 1471 2419 1525 aut
2465 1467 2775 1525 universae

434 1551 639 1611 Iliadis
686 1556 862 1626 atque
906 1550 1208 1627 Odysseae
1253 1555 1356 1609 aut
1399 1552 1770 1628 singulorum
1816 1554 2125 1627 utriusque
2170 1552 2496 1610 carminum
2544 1552 2772 1609 unitate

435 1641 615 1712 atque
662 1638 910 1711 virtute,
970 1656 1098 1694 eam
1156 1656 1347 1694 arcem
1406 1640 1475 1694 ut
1530 1638 1647 1695 iam
1704 1639 1912 1711 parato
1959 1637 2156 1695 animo
2200 1635 2449 1712 adgredi
2496 1635 2779 1712 felicique

436 1739 708 1779 successu
764 1740 1103 1797 expugnare
1156 1722 1358 1793 liceat,
1430 1722 1653 1780 factum
1710 1723 1803 1780 est
1860 1722 2082 1797 insigni
2142 1720 2257 1780 viri
2315 1721 2777 1797 ingeniosissimi

435 1806 726 1878 facinore,
786 1808 888 1882 qui
942 1806 1101 1864 haud
1146 1807 1266 1865 scio
1310 1826 1384 1864 an
1433 1811 1570 1882 post
1614 1806 2056 1865 Lachmannum
2104 1825 2255 1865 unus
2301 1806 2525 1881 optime
2573 1805 2774 1880 vulga·

435 1896 557 1951 tam
615 1891 688 1948 de
744 1892 972 1950 invicta
1028 1891 1131 1949 illa
1187 1891 1444 1950 statione
1502 1893 1992 1966 superstitionem
2039 1910 2313 1967 spernere
2359 1891 2574 1949 docilia
2619 1896 2777 1948 certe

432 1976 679 2051 ingenia
723 1975 1000 2034 docuerit.
1094 1976 1236 2045 Quis
1282 1979 1400 2048 est,
1459 1976 1725 2051 quaeris,
1783 1978 1916 2051 quis
1962 1975 2206 2034 tandem
2250 1980 2368 2047 est,
2414 1977 2516 2050 qui
2562 1975 2778 2033 summi

434 2062 726 2137 magistri,
774 2060 940 2119 cuius
987 2063 1054 2118 ut
1097 2059 1428 2118 Hermanni
1459 2062 1735 2120 Manibus
1782 2061 1957 2119 hodie
2003 2080 2037 2118 a
2080 2061 2374 2120 nasutulis
2421 2060 2776 2135 quibusdam

433 2164 788 2221 quamquam
828 2145 989 2203 haud
1019 2145 1273 2206 indoctis
1304 2146 1644 2205 hominibus
1675 2146 2150 2222 petulantissime
2181 2145 2456 2204 insultari
2491 2145 2777 2215 videmuS,

433 2251 599 2288 arma
659 2249 778 2289 non
836 2231 1028 2288 solum
1085 2230 1377 2289 sustinere
1435 2230 1696 2289 humeris
1752 2251 1929 2290 ausus
1992 2230 2097 2301 sit,
2155 2231 2257 2288 sed
2304 2230 2480 2288 etiam
2524 2249 2632 2304 per
2677 2229 2776 2287 ob·

434 2319 765 2391 strepentes
789 2315 979 2390 magis
1010 2334 1185 2390 quarn
1217 2315 1566 2387 „obstantes
1596 2319 1900 2375 catervas“
1933 2316 2122 2375 victor
2152 2314 2441 2390 explicare
2470 2312 2778 2390 potuerit?

432 2400 592 2459 Num
648 2400 779 2476 quis
837 2405 1142 2472 nostrum,
1212 2400 1313 2476 qui
1370 2399 1441 2457 ad
1501 2400 1776 2477 signiferi
1846 2400 2143 2475 exemplar
2198 2399 2434 2474 singula
2487 2398 2781 2474 quaedam

435 2485 742 2558 „carmina
774 2487 1117 2558 venamur“,
1165 2486 1414 2556 arduum
1458 2484 1628 2543 illum
1672 2485 1732 2543 in
1778 2489 2039 2543 montem
2071 2485 2269 2543 enisus
2299 2483 2580 2559 praedam
2624 2483 2782 2558 cepit

433 2571 854 2630 molestissimo
884 2571 1085 2629 labore
1119 2570 1581 2646 dignissimam?
1643 2570 1850 2642 Nem0,
1897 2571 2042 2628 mihi
2075 2570 2266 2641 crede,
2298 2587 2472 2627 nemo
2503 2572 2777 2627 nostrum

434 2658 665 2713 tantam
721 2655 837 2712 sibi
896 2675 1044 2713 vana
1097 2656 1436 2731 arrogantia
1495 2655 1762 2714 vindicat
1814 2654 2095 2731 gloriam!
2186 2655 2284 2712 An
2330 2658 2423 2712 est
2467 2653 2778 2730 Augustus

434 2738 681 2797 Iacobus
740 2739 831 2798 vir
889 2741 1018 2797 sani
1075 2739 1311 2811 iudicii,
1380 2739 1482 2814 qui
1540 2739 1634 2798 vel
1702 2738 2167 2816 elegantioribus
2234 2738 2603 2810 hominibus,
2675 2738 2777 2812 qui

436 2822 766 2881 delectandi
809 2824 1003 2899 gratia
1046 2823 1388 2881 Homericas
1434 2824 1752 2899 epopoeias
1798 2824 2040 2900 legunt,
2097 2843 2275 2899 quam
2331 2823 2523 2881 multa
2586 2825 2646 2880 in
2703 2823 2776 2879 iis

434 2909 730 2983 perfectae
776 2909 951 2966 unius
997 2907 1232 2965 artificii
1280 2909 1523 2984 imagini
1571 2909 1974 2980 adversentur,
2022 2909 2167 2967 scite
2212 2907 2637 2984 perspicueque
2679 2906 2774 2964 de·

433 2991 837 3051 monstravit?
896 2993 1031 3051 Non
1063 2993 1525 3053 contemnendus
1558 2993 1830 3066 Iacobus,
1878 2993 2227 3067 praesertim
2265 3009 2397 3050 cum
2428 2991 2780 3067 plenissima

433 3078 781 3136 Homericae
837 3078 1083 3137 unitatis
1141 3077 1254 3135 fide
1313 3079 1638 3137 instructus
1695 3096 1824 3136 eam
1886 3086 2082 3135 tamen
2140 3078 2201 3136 in
2258 3076 2598 3136 lectitandis
2644 3095 2774 3134 car-

433 3162 693 3221 minibus
738 3163 1008 3220 veritatis
1052 3163 1173 3222 vim
1220 3166 1496 3237 expertus
1542 3163 1651 3235 sit,
1713 3167 1782 3220 ut
1828 3163 2079 3222 fortasse
2123 3163 2296 3237 plura
2339 3162 2549 3233 etiam,
2598 3180 2775 3236 quam

435 3267 582 3323 opus
628 3249 772 3318 erat,
822 3247 881 3305 in
930 3247 1003 3306 iis
1048 3247 1515 3322 reprehenderit.
1596 3247 1714 3305 Sed
1746 3247 1840 3306 vel
1883 3246 1979 3304 hic
2024 3265 2229 3305 vereor
2276 3250 2342 3304 ut
2383 3245 2776 3304 unitariorum

433 3333 537 3390 uni
593 3333 953 3405 persuaserit
1007 3335 1111 3390 aut
1168 3333 1429 3390 carmina
1484 3334 1726 3407 integra
1770 3335 1874 3389 aut
1917 3333 2245 3389 carminum
2289 3331 2583 3407 fragmina
2627 3349 2775 3402 esse,

436 3435 590 3493 quae
634 3415 754 3475 illis
802 3417 965 3474 varia
1009 3416 1247 3490 quidem
1281 3417 1383 3475 sed
1417 3417 1630 3475 idonea
1675 3417 1809 3474 miri
1856 3416 2116 3491 corporis
2161 3415 2427 3474 membra
2471 3416 2772 3475 videntur.

434 3501 579 3572 Quis
612 3500 801 3575 igitur
830 3501 966 3559 est?
1034 3499 1192 3569 Quin
1239 3502 1481 3559 nomina
1526 3500 1765 3559 tandem
1814 3502 2004 3559 virum
2035 3500 2396 3559 Lachmanni
2444 3499 2773 3559 aemulum!

436 3585 701 3645 Attende
745 3585 960 3660 igitur:
1009 3604 1183 3643 nemo
1245 3587 1294 3643 is
1339 3586 1491 3644 alius
1537 3595 1645 3656 est,
1692 3586 1808 3644 nisi
1854 3585 2262 3661 Gregorius
2306 3584 2774 3656 NitzschiuS,

434 3690 610 3730 senex
658 3688 793 3729 vere
838 3670 1225 3741 venerabilis,
1285 3671 1680 3728 unitariorum
1741 3671 1859 3728 dux
1904 3674 2081 3745 atque
2128 3671 2433 3744 princeps,
2494 3669 2598 3746 qui
2643 3687 2776 3728 cum

434 3754 645 3815 ceteris
701 3753 873 3812 libris
933 3754 1269 3829 libellisque
1328 3754 1398 3812 de
1443 3755 1691 3813 historia
1733 3758 1910 3829 atque
1953 3755 2114 3829 poesi
2159 3754 2406 3812 Homeri
2451 3756 2594 3813 olim
2640 3772 2776 3813 con-

433 3840 679 3916 scriptis
710 3843 839 3898 tum
884 3839 1174 3914 imprimis
1221 3839 1378 3896 edito
1422 3857 1609 3914 nuper
1652 3858 1721 3899 eo
1775 3839 1950 3911 libro,
1997 3840 2090 3896 cui
2143 3839 2299 3897 hunc
2344 3839 2587 3898 titulum
2634 3839 2775 3897 fecit

406 3929 565 3998 '„die
609 3924 987 3999 Sayenpoesic
1030 3926 1134 3982 der
1178 3921 1520 3992 Gr·iechen“,
1578 3928 1842 3983 sanctam
1887 3923 2051 3981 illam
2094 3924 2386 3982 unitatem
2433 3929 2555 3982 tam
2609 3941 2773 3981 accu-

436 4016 561 4068 rate
592 4010 917 4082 enucleare,
973 4012 1093 4068 tam
1124 4008 1424 4067 subtiliter
1451 4010 1722 4083 probare,
1770 4012 1892 4066 tam
1924 4008 2143 4066 blande
2173 4009 2598 4081 commendare,
2647 4013 2772 4066 tam

433 4094 527 4168 pie
585 4094 924 4167 praedicare
981 4094 1238 4163 studuit,
1310 4096 1406 4161 ut,
1474 4112 1859 4169 quaecunque
1916 4093 1991 4151 ab
2049 4093 2180 4152 aliis
2235 4097 2372 4152 ante
2426 4113 2564 4152 eum
2617 4098 2685 4152 ut
2740 4113 2774 4150 a

435 4178 664 4254 Langio
722 4178 1118 4237 Vetterleinio
1179 4177 1434 4235 Arndtio
1500 4178 1908 4237 Baeumleinio
1975 4180 2036 4235 in
2104 4177 2351 4235 eandem
2418 4179 2774 4237 sententiam

435 4262 656 4338 scripta
715 4267 882 4334 sunt,
940 4284 1009 4321 ea
1061 4262 1164 4319 ille
1218 4281 1369 4320 unus
1426 4264 1626 4321 omnia
1680 4262 2196 4338 comprehendisse
2251 4264 2431 4337 atque
2500 4280 2770 4321 consum·

374 4357 405 4403 5
434 4366 626 4405 masse
659 4346 943 4405 videatur.
1013 4347 1238 4406 Verum
1283 4349 1438 4405 enim
1470 4367 1613 4407 vero
1645 4348 1739 4404 hic
1769 4347 2007 4422 quidem
2049 4340 2081 4403 ὁ
2127 4342 2441 4421 ἰασάμενος
2488 4341 2767 4423 ἕτρωσενί

439 4431 606 4500 Quod
654 4448 773 4489 non
819 4450 926 4507 pro
970 4431 1228 4492 ludibrio
1273 4435 1334 4490 et
1375 4434 1505 4491 ioco
1552 4433 1864 4504 obiectum,
1910 4432 2014 4491 sed
2059 4432 2212 4492 serio
2258 4435 2320 4488 et
2367 4449 2500 4490 vero
2546 4431 2770 4490 dictum

1994 4620 2006 4644 Ι
