3132 5129
309 2698 373 2746 41

1335 345 1410 355 —
1500 306 1798 371 328-

656 465 787 545 ρεΐα
830 459 964 543 μὲν
1007 456 1324 562 ὄξυτέροισι
1373 457 1822 543 δαμασσαμενος
1868 457 2247 541 στονύχεσσι

651 546 752 608 καὶ
797 546 1112 628 γενύεσσιν
1156 538 1303 608 ἓλῶν
1346 549 1572 629 φόρτον
1612 546 1799 628 μέγαν
1839 543 2103 608 αυτίκα
2146 551 2377 625 σεῐεν,

657 656 785 694 ωκα
831 630 997 713 φέρει
1037 630 1268 711 μογέων
1311 631 1391 694 δὲ
1432 629 1841 713 βαρυνόμενός
1886 655 1945 693 τε
1989 627 2237 706 πελάζει.

401 756 595 815 Versu
624 756 816 832 primo
846 774 918 814 ex
949 754 1208 830 antiquis
1240 755 1601 816 editionibus
1631 753 1790 831 quod
1820 755 2092 815 revocavi
2125 753 2218 827 εἰ,
2264 753 2322 811 id
2353 754 2736 815 Schneiderus

401 842 601 918 tacite,
649 841 833 915 nulla,
879 842 948 899 ut
975 839 1230 915 videtur,
1280 842 1636 900 auctoritate
1665 840 1941 899 mutavit.
2019 839 2169 897 Tum
2201 838 2525 899 rectissime
2559 838 2736 899 habet

400 921 567 1003 μέν,
625 926 842 985 iniuria
898 924 971 983 ab
1029 924 1354 985 editoribus
1413 925 1748 1003 expulsum.
1836 924 1929 982 Ad
1975 925 2125 982 illud
2179 920 2289 1000 μέν
2333 925 2561 999 spectat
2602 942 2732 999 par-

403 1010 587 1070 ticula.
635 1006 731 1084 δέ,
788 1029 964 1085 quam
1021 1029 1079 1069 v.
1127 1011 1247 1068 526
1295 1030 1326 1068 e
1370 1030 1504 1070 mea
1559 1010 1897 1069 coniectura
1941 1010 2133 1088 posui.
2222 1008 2574 1069 Rectissime
2619 1009 2735 1068 sibi

404 1096 787 1172 opponuntur
830 1095 936 1153 illa
981 1093 1095 1153 duo
1149 1095 1447 1172 membra,
1505 1114 1758 1171 quorum
1803 1096 1864 1152 in
1909 1094 2102 1170 primo
2148 1093 2532 1169 describitur,
2592 1112 2735 1170 quo-

402 1181 580 1240 modo
626 1180 787 1240 canis
831 1180 1094 1254 leporem
1139 1183 1445 1240 assecutus
1491 1180 1795 1256 unguibus
1839 1179 2149 1237 subactum
2195 1180 2255 1237 et
2298 1178 2577 1238 dentibus
2609 1196 2734 1238 cor-

403 1271 641 1342 reptum
687 1265 1017 1340 concutiat,
1080 1264 1144 1324 in
1187 1265 1380 1325 altero
1425 1269 1731 1339 narratur,
1788 1264 2083 1340 quomodo
2129 1265 2289 1322 canis
2334 1282 2467 1322 cum
2515 1264 2736 1339 praeda

403 1351 478 1411 ad
526 1351 830 1410 dominum
874 1348 1098 1408 redeat.
1176 1347 1601 1424 Στονύχεσσιν
1631 1351 1749 1409 iam
1779 1350 2166 1409 Hermannus
2195 1348 2267 1406 ad
2302 1347 2490 1423 Orph.
2522 1368 2580 1424 p.
2615 1350 2735 1408 712

405 1456 474 1494 ex
517 1435 628 1511 ΙΙΙ,
680 1436 801 1493 232
848 1434 1134 1507 reposuit.
1224 1434 1394 1504 Quod
1450 1439 1648 1495 autem
1704 1435 1914 1510 scripsi
1956 1427 2170 1491 αὐτίκα
2216 1435 2393 1505 σεῖεν,
2438 1433 2500 1491 id
2546 1434 2741 1494 fateor

406 1521 551 1581 satis
610 1538 736 1579 esse
791 1519 1101 1578 incertum.
1188 1519 1453 1580 Possunt
1510 1521 1668 1579 enim
1720 1519 1837 1578 alia
1892 1520 2081 1578 multa
2135 1518 2383 1593 tentari,
2444 1521 2512 1578 ut
2564 1513 2740 1577 αἰνὸν

406 1602 592 1663 ἔσειεν
648 1607 751 1663 aut
804 1595 946 1676 αἶψ’
1002 1598 1272 1663 ἀνέσειεν
1328 1608 1433 1664 aut
1481 1625 1661 1683 αγρια
1716 1606 1906 1677 σεῐεν,
1973 1606 2079 1663 aut
2139 1603 2317 1662 etiam
2374 1603 2508 1662 alia.
2607 1605 2740 1664 Hoc

407 1694 604 1750 tamen
649 1692 809 1748 recte
853 1688 1000 1748 mihi
1045 1690 1366 1750 coniecisse
1410 1691 1633 1767 videor,
1679 1690 1913 1749 latere'
1898 1708 1960 1749 1n
1990 1689 2094 1748 illo
2125 1676 2461 1748 ἀντιάσειεν
2491 1689 2736 1749 verbum

407 1772 591 1833 σείειν
636 1776 741 1833 aut
781 1767 1102 1834 ἆνασείειν.
1198 1775 1407 1835 Solent
1446 1776 1604 1834 enim
1650 1794 1824 1837 canes
1880 1777 2215 1851 correptum
2261 1774 2539 1834 dentibus
2583 1776 2739 1851 lepo-

405 1879 530 1920 rem
574 1860 958 1920 vehementer
1001 1860 1114 1920 huc
1157 1860 1298 1921 illuc
1343 1860 1593 1937 agitare.

1390 2082 1610 2155 Liber
1663 2082 1754 2155 II.

575 2188 650 2248 v.
706 2188 780 2247 14
810 2207 940 2264 sqq.

653 2284 976 2363 Ιππαλέην
1020 2283 1077 2346 δ’
1123 2285 1315 2369 ἄγρην
1358 2284 1388 2348 ὅ
1435 2285 1780 2368 φαεσφόρος
1822 2310 2037 2369 ευρατο
2081 2287 2366 2369 Κάστωρ·

665 2396 763 2434 και
812 2372 951 2446 τοὺς
995 2371 1106 2453 μὲν
1151 2371 1524 2450 κατέπεφνεν
1570 2372 1896 2435 ἐπίσκοπον
1936 2372 2084 2446 ἰθὺς
2126 2373 2335 2435 ἄκοντι

661 2458 1057 2538 βαλλόμενος,
1103 2456 1240 2531 τοὺς
1285 2456 1343 2519 δ’
1393 2452 1535 2519 αὖτε
1581 2464 1754 2532 θοοῖς
1804 2457 2191 2538 βελέεσσιν
2234 2452 2505 2522 ἐλαυνων

662 2548 862 2624 θῆρας
907 2542 996 2608 ἕλε
1040 2544 1317 2628 ξυνοχῆσι
1364 2545 1785 2625 μεσημβρίνοιο
1828 2544 2089 2623 δρόμοιο.

422 2684 637 2743 Totum
712 2639 998 2760 adscripsi
1063 2686 1286 2759 locum,
1356 2689 1425 2743 ut
1488 2687 1830 2760 appareret,
1897 2703 2017 2742 non
2083 2685 2244 2743 recte
2308 2704 2344 2742 a
2404 2686 2745 2746 Schneidero

418 2766 713 2844 βελέεσσιν
759 2790 828 2828 ex
872 2770 1041 2844 Ald.,
1089 2772 1218 2828 cod.
1265 2770 1560 2843 Turneb.,
1609 2772 1670 2827 et
1715 2768 1902 2827 Paris.
1953 2771 1983 2826 1
2049 2768 2275 2826 editum
2333 2787 2459 2829 esse
2505 2790 2611 2846 pro
2656 2791 2742 2847 e0,

411 2854 572 2930 quod
630 2855 811 2930 vulgo
868 2854 1123 2928 legitur:
1190 2851 1526 2912 ἴπποισιν.“
1572 2854 1726 2912 Nam
1790 2872 1920 2912 cum
1989 2859 2303 2926 equestrem
2366 2857 2743 2915 venationem

412 2939 713 2999 invenisse
759 2937 989 2997 dicatur
1020 2938 1249 3013 Castor,
1297 2957 1575 3011 equorum
1619 2938 1795 2998 etiam
1843 2940 2069 2998 mentio
2104 2939 2372 2997 facienda
2402 2944 2550 2999 erat.
2626 2941 2743 2998 Sed

413 3025 563 3082 mira
605 3027 804 3081 tamen
848 3023 954 3081 illa
998 3024 1325 3097 scripturae
1383 3024 1675 3084 varietas:
1731 3018 2053 3100 βελέεσσιν;
2112 3043 2286 3099 quam
2342 3024 2391 3082 si
2444 3044 2744 3100 compara-

416 3109 570 3167 veris
617 3126 748 3165 cum
793 3107 1040 3183 vulgato
1087 3104 1380 3182 ἵπποισιν,
1426 3109 1536 3168 hoe
1580 3128 1686 3184 pro
1732 3108 2088 3183 glossemate
2117 3108 2364 3168 habebis
2395 3109 2538 3185 eiuS,
2587 3111 2742 3185 quod

415 3193 673 3266 scriptor
717 3191 948 3250 dedisse
992 3192 1257 3252 videtur:
1304 3186 1689 3252 πώλοισιν.
1764 3193 1888 3250 Iam
1936 3194 2132 3252 omnia
2175 3194 2502 3253 rectissime
2543 3213 2746 3268 proce-

416 3277 597 3335 dunt:
658 3275 895 3352 Castor,
959 3279 1061 3353 qui
1106 3278 1272 3354 equis
1316 3279 1381 3337 in
1424 3277 1694 3338 venando
1751 3279 1836 3336 uti
1893 3277 2122 3352 docuit,
2184 3280 2339 3337 seras
2395 3282 2499 3337 aut
2552 3279 2746 3339 iaculo

414 3363 596 3421 misso
653 3362 950 3436 percussit
1007 3360 1183 3439 (equo
1239 3364 1529 3438 insidens,
1590 3362 1827 3438 opinor)
1886 3366 1992 3421 aut
2043 3365 2213 3439 equis
2257 3363 2509 3440 impigre
2552 3384 2749 3439 perse-

415 3450 586 3505 cutus
631 3447 932 3522 fugientes
977 3467 1075 3507 eas
1121 3449 1294 3524 cepit.
1368 3449 1671 3508 Posterius
1727 3448 1913 3524 igitur
1956 3448 2111 3507 idem
2155 3448 2429 3508 innuitur
2458 3452 2750 3524 equestris

415 3533 746 3592 venationis
804 3552 1020 3608 genus,
1078 3552 1193 3608 quo
1248 3537 1308 3592 et
1362 3534 1504 3591 olim
1559 3535 1622 3591 in
1678 3531 1995 3593 Germania
2046 3534 2344 3609 principes
2398 3536 2462 3592 et
2519 3534 2748 3596 nobiles

417 3617 738 3677 delectatos
784 3617 986 3693 fuisse,
1035 3622 1097 3677 et
1141 3618 1480 3677 etiamnunc
1524 3618 1587 3676 in
1617 3618 1831 3691 vulpes
1860 3618 2093 3696 Anglos
2123 3619 2212 3678 uti
2243 3620 2478 3678 scimus.
2536 3619 2747 3680 Verbis

419 3702 695 3784 ξυνοχῇσι
740 3701 1167 3781 μεσημβρίνοιο
1213 3696 1454 3777 δρόμοιο
1500 3704 1977 3778 congressionem
2008 3704 2308 3781 intellegit
2335 3706 2748 3781 persequentis

418 3789 718 3847 venatoris
766 3792 825 3848 et
868 3790 1156 3866 fugientis
1202 3789 1379 3864 ferae,
1426 3788 1528 3846 ubi
1574 3787 1856 3846 nimirum
1902 3789 2044 3847 haec
2088 3788 2287 3848 labore
2318 3791 2472 3847 fessa
2503 3790 2744 3850 corruit.

422 3871 880 3950 Μεσημβρίνοιο
926 3874 1180 3950 addidit,
1240 3875 1378 3950 quia
1422 3874 1711 3934 eiusmodi
1755 3875 2024 3950 equitum
2067 3876 2306 3935 venatio
2350 3893 2470 3934 non
2512 3879 2749 3951 poterat

416 3964 596 4019 noctu
630 3962 733 4019 aut
764 3960 827 4018 in
864 3959 1125 4018 diluculo
1159 3962 1429 4019 exerceri.
1458 3992 1534 4001 —
1576 3958 1747 4030 Quod
1779 3963 1977 4018 autem
2009 3979 2066 4019 v.
2096 3962 2174 4018 27
2208 3953 2399 4032 φόνον
2428 3957 2749 4039 πτερόεντα

417 4046 713 4104 invenisse
745 4045 964 4103 dicitur
997 4044 1300 4121 Atalanta,
1347 4044 1784 4122 intelleguntur
1827 4048 2089 4119 say-ittae.
2165 4045 2320 4104 Nam
2367 4045 2577 4105 Castor
2621 4049 2748 4107 ute-

417 4130 596 4187 batur
639 4133 843 4191 iacu-ZO.
934 4132 1064 4191 Hoc
1108 4134 1350 4206 propter
1392 4131 1727 4190 Schneidcri
1768 4133 1974 4189 notam
2020 4130 2093 4188 ad
2136 4150 2193 4189 v.
2246 4134 2322 4189 16
2368 4131 2589 4190 addidi.

588 4247 662 4310 V.
696 4251 796 4308 59.
886 4243 1096 4322 Αὐτὰρ
1143 4245 1268 4307 ἐπεὶ
1313 4237 1639 4326 σάλπιγξαν
1686 4242 1787 4321 ἐφ’
1833 4241 2097 4322 ὑσμίνην
2137 4237 2463 4324 ἀλεγεινήν.

419 4368 804 4427 Schneidcrus
847 4369 990 4427 haec
1033 4369 1371 4444 adscripsit:
1430 4368 1777 4446 „Cogitavit
1818 4370 1995 4445 poeta
2038 4370 2335 4428 certamen
2379 4368 2451 4428 ab
2497 4369 2748 4429 homini-
