3132 5129
396 3505 455 3550 16

1426 376 1890 441 -480—

494 533 826 609 epistula
882 533 965 592 de
1020 533 1406 593 Bucolicis
1464 531 1768 593 Graecis
1825 533 2118 609 critica,
2172 554 2349 610 quam
2409 534 2714 611 Petropoli
2770 555 2824 593 a.

500 620 660 677 1815
726 617 917 679 edidit
982 618 1333 679 coniecturis
1405 619 1734 694 ingeniosis
1802 618 2436 695 observationibusque
2503 619 2826 695 praeclaris

493 704 923 791 plenissimam,
991 723 1048 779 p.
1089 704 1249 763 30-
1256 703 1337 761 42
1394 701 1465 761 de
1518 702 1632 762 hoc
1690 703 1901 779 idyllio
1955 704 2190 780 egregie
2243 705 2442 763 meriti
2499 708 2658 767 sunt.
2749 704 2830 763 Et

497 788 820 863 discipulus
863 778 1103 865 quidem
1148 792 1267 848 no'n
1313 789 1505 846 solum
1548 787 1790 865 singula
1835 788 2125 863 quaedam
2171 788 2323 849 bene
2377 791 2659 863 correxit,
2721 790 2824 849 sed

495 874 674 931 etiam
698 891 1083 948 personarum
1114 874 1323 932 turbas
1353 872 1753 948 strophaeque
1783 872 2071 931 iacturam
2101 874 2438 933 acutissime
2469 877 2534 933 et
2561 834 2825 933 animad-

495 958 680 1016 vertit
720 960 783 1015 et
824 958 1139 1017 maximam
1166 960 1396 1033 partem
1431 957 1682 1032 sanavit,
1727 958 2014 1033 magister
2042 976 2182 1017 vero
2211 958 2550 1018 vanissimis
2579 958 2822 1017 Valcke-

495 1042 644 1101 narii
704 1043 947 1105 somniis
1008 1043 1264 1118 explosis
1318 1041 1445 1117 ipse
1500 1060 1734 1101 carmen
1788 1042 1851 1099 in
1906 1040 2053 1101 duas
2122 1046 2316 1118 partes
2383 1043 2692 1119 dissecuit,
2761 1048 2828 1101 ut
2887 1116 2898 1126 .

497 1126 773 1203 idyllium
817 1127 1092 1203 primitus
1135 1131 1368 1186 tantum
1416 1145 1624 1185 versus
1673 1128 1878 1185 1—30
1920 1130 1984 1186 et
2028 1128 2107 1185 63
2154 1146 2337 1203 usque
2379 1127 2455 1186 ad
2501 1126 2683 1187 finem
2727 1128 2822 1186 ha-

496 1211 709 1286 buerit,
758 1212 917 1286 quod
962 1212 1113 1271 alius
1142 1216 1319 1288 poeta
1346 1212 1433 1269 ita
1462 1210 1925 1286 interpolaverit,
1972 1215 2040 1270 ut
2069 1231 2178 1287 pro
2209 1212 2478 1272 versibus
2511 1215 2713 1272 63-7
2722 1214 2758 1271 9
2779 1207 2824 1287 ¹)

494 1298 745 1371 poneret
802 1315 1010 1356 versus
1067 1297 1316 1355 31—56
1370 1328 1439 1337 ——
1489 1314 1630 1354 nam
1683 1295 1858 1355 etiam
1917 1298 2078 1353 57—
2088 1298 2170 1355 60
2223 1299 2467 1372 propter
2523 1296 2824 1355 turbatam

494 1381 873 1456 stropharum
918 1382 1211 1440 rationem
1240 1379 1630 1439 removendos
1662 1384 1862 1439 censet
1889 1412 1974 1421 —
2005 1382 2254 1441 servatis
2285 1400 2338 1443 v.
2369 1383 2454 1440 80
2481 1384 2546 1439 et
2573 1400 2824 1457 sequen-

492 1466 683 1541 tibus,
744 1468 806 1523 et
864 1464 1118 1524 fortasse
1159 1484 1220 1525 v.
1267 1467 1303 1523 3
1349 1483 1457 1540 pro
1502 1484 1686 1539 αμφω
1739 1456 1974 1539 ἅνάβω
2029 1466 2313 1525 scriberet
2351 1460 2538 1542 ἄμφω
2582 1461 2826 1541 ἐνάβωι

492 1570 646 1625 quae
691 1550 808 1607 duo
854 1550 1117 1608 carmina
1158 1548 1408 1608 eundem
1440 1548 1757 1607 introitum
1787 1550 2126 1626 exitumque
2159 1550 2441 1611 habentia
2470 1555 2598 1609 tum
2629 1570 2821 1627 gram·

492 1637 744 1695 maticus
800 1633 1013 1709 aliquis
1068 1633 1307 1692 insertis
1363 1631 1435 1690 de
1490 1649 1597 1691 suo
1655 1633 1926 1692 versibus
1971 1636 2048 1693 61
2097 1637 2158 1692 et
2202 1636 2280 1693 62
2324 1636 2389 1695 in
2448 1654 2633 1693 unum
2692 1653 2828 1693 con-

493 1720 774 1779 iunxerit.
863 1718 959 1776 Ita
1011 1718 1253 1795 quidem
1308 1717 1718 1794 HermannuS,
1775 1718 1942 1777 cuius
1998 1720 2061 1777 in
2115 1718 2252 1777 crisi
2307 1738 2430 1779 non
2487 1720 2680 1779 solum
2737 1738 2828 1777 ac-

493 1802 913 1879 quiescendum
977 1800 1213 1877 putavit
1280 1801 1610 1860 Meinekius
1675 1802 1779 1861 sed
1847 1802 2028 1862 etiam
2081 1804 2348 1877 perstitit
2401 1804 2572 1862 novis
2625 1804 2826 1862 allatis

494 1886 865 1965 argumentis
908 1886 1261 1963 Hartungus
1318 1886 1639 1945 acerrimus
1701 1886 1804 1945 ille
1859 1887 2006 1945 alias
2049 1886 2382 1960 Hermanni
2439 1892 2618 1963 atque
2673 1887 2830 1947 haud

495 1992 629 2032 raro
675 1971 1096 2032 iniustissimus
1140 1972 1480 2030 insectator.
1556 1969 1918 2031 Fritzschius
1958 1989 2101 2031 vero
2131 1973 2517 2047 posteriorem
2547 1974 2828 2037 carminis

492 2057 633 2115 inde
664 2075 699 2116 a
728 2076 781 2117 v.
814 2056 893 2115 49
934 2060 1164 2132 partem
1196 2075 1231 2114 a
1261 2056 1598 2130 collectore,
1646 2056 1749 2130 qui
1794 2074 1923 2114 eam
1966 2057 2083 2114 iam
2128 2057 2464 2116 mutilatam
2509 2058 2823 2131 invenerit,

494 2142 714 2217 partim
767 2142 1041 2216 genuinis
1089 2140 1475 2200 Theocriteae
1520 2140 1722 2198 Musae
1768 2140 2119 2217 fragmentis
2164 2141 2386 2217 partim
2429 2161 2569 2201 suae
2613 2161 2825 2201 manus

491 2226 914 2285 additamentis
958 2226 997 2284 i.
1048 2243 1100 2285 e.
1144 2245 1201 2284 v.
1252 2226 1329 2283 31
1378 2228 1439 2283 et
1482 2224 1585 2283 32.
1633 2226 1903 2287 57—60.
1951 2226 2220 2285 76—80.
2268 2228 2346 2285 92
2404 2230 2468 2286 et
2527 2228 2606 2285 93
2663 2244 2826 2286 com-

492 2312 717 2387 pletam
770 2327 897 2369 esse
950 2314 1143 2387 putat.
1232 2310 1393 2369 Haec
1448 2309 1692 2385 quidem
1744 2310 2056 2369 licentiora
2111 2313 2174 2368 et
2217 2310 2620 2386 desperatiora
2663 2314 2824 2385 sunt,

492 2416 671 2473 quam
728 2412 877 2471 quae
933 2394 1115 2453 ullam
1158 2393 1604 2470 probabilitatis
1648 2394 1903 2469 speciem
1945 2394 2222 2453 habeant.
2309 2394 2641 2455 Hermanni
2685 2414 2825 2457 vero

493 2482 643 2541 ratio
698 2480 1069 2557 argumentis
1122 2479 1339 2539 nititur
1392 2479 1547 2537 haud
1605 2479 2074 2555 contemnendiS,
2142 2498 2294 2555 quae
2359 2484 2426 2539 ut
2495 2482 2825 2540 accuratius

492 2567 906 2626 examinentur
947 2584 1185 2625 necesse
1228 2567 1338 2624 est.
1430 2562 1654 2623 Eorum
1699 2583 1838 2624 vero
1893 2564 2241 2640 primarium
2297 2564 2423 2625 sine
2480 2564 2660 2626 dubio
2715 2570 2824 2640 est,

492 2653 543 2712 si
600 2671 805 2711 verum
861 2654 951 2709 est
1003 2649 1164 2726 quod
1220 2649 1599 2707 Hermannus
1654 2649 2058 2708 demonstrare
2110 2652 2357 2708 conatus
2414 2655 2534 2725 est,
2591 2651 2826 2710 eosdem

494 2755 710 2811 pueros
765 2737 831 2793 in
881 2737 1141 2794 carmine
1195 2733 1457 2810 elegiaco
1515 2734 1748 2809 aliquot
1788 2734 1960 2793 annis
2005 2733 2324 2793 adultiores
2369 2753 2496 2794 esse
2539 2754 2716 2810 quam
2759 2735 2824 2793 in

496 2820 863 2895 hexametrO,
912 2820 1131 2896 quippe
1174 2818 1329 2893 quod
1376 2836 1692 2893 puerorum
1737 2818 1816 2876 sit
1860 2818 2030 2877 unice
2073 2818 2357 2894 gregibus
2401 2819 2822 2878 delectatorum

493 2909 670 2979 atque
716 2904 789 2962 ab
834 2923 1032 2963 amore
1087 2904 1173 2961 ita
1226 2903 1586 2978 alienorum,
1641 2906 1712 2962 ut
1751 2903 2049 2978 Daphnis,
2110 2902 2212 2961 ubi
2267 2903 2525 2963 formam
2583 2922 2748 2961 suam
2791 2922 2827 2960 a

493 2990 693 3064 puella
736 2987 964 3047 laudari
1011 2987 1241 3063 audiat,
1300 2987 1464 3045 humi
1511 2986 1760 3046 deiectis
1811 2987 1996 3046 oculis
2039 2987 2422 3063 pudibundus
2469 2991 2822 3062 praetereat,

496 3093 629 3132 cum
662 3073 927 3133 versibus
958 3072 1235 3148 elegiacis
1279 3073 1433 3130 alter
1476 3074 1680 3146 aperte
1723 3089 1785 3129 se
1829 3091 2080 3146 puerum
2122 3073 2276 3130 alter
2318 3072 2580 3147 puellam
2623 3091 2822 3130 amare

497 3158 813 3217 fateantur.
886 3157 958 3216 In
1004 3159 1195 3216 maius
1240 3156 1405 3214 auxit
1446 3159 1863 3231 argumentum
1895 3155 2264 3233 HartunguS,
2310 3157 2406 3215 cui
2448 3157 2513 3216 in
2556 3156 2670 3216 hoc
2699 3175 2820 3216 car-

492 3243 653 3301 mine
697 3263 752 3319 p.
799 3244 920 3302 407
966 3259 1091 3301 non
1144 3241 1414 3316 „aliquot
1466 3241 1640 3298 annis
1697 3239 2061 3299 adultiores“
2115 3241 2219 3300 sed
2273 3240 2421 3300 adeo
2468 3241 2582 3302 viri
2624 3241 2814 3300 adulti

492 3327 801 3386 videntur!
893 3325 1062 3396 Quod
1118 3343 1236 3401 quo
1293 3325 1421 3383 iure
1478 3327 1801 3400 statuatur,
1853 3325 2013 3383 infra
2069 3325 2133 3383 in
2185 3326 2518 3385 enarrando
2563 3326 2820 3386 carmine

492 3411 846 3485 videbimus·
936 3412 1049 3470 Hic
1105 3410 1344 3486 quidem
1390 3410 1650 3485 primum
1695 3413 1905 3468 contra
1948 3428 2188 3469 monere
2241 3409 2494 3486 sufficit,
2553 3411 2607 3470 ei
2663 3413 2825 3469 certe

498 3499 737 3571 poetae,
812 3496 915 3572 qui
970 3495 1308 3554 Hermanno
1376 3495 1618 3552 auctore
1675 3511 1782 3568 pro
1837 3494 2190 3554 hexametris
2246 3495 2516 3554 versibus
2571 3495 2826 3555 disticha

492 3599 600 3638 sua
654 3581 1064 3654 substituerit,
1121 3597 1242 3638 non
1296 3579 1383 3636 ita
1439 3578 1636 3638 visum
1693 3577 1908 3638 fuisse:
1966 3579 2230 3654 alioquin
2285 3580 2442 3638 enim
2502 3597 2623 3638 non
2668 3580 2824 3638 hunc
2893 3633 2900 3636 ,

490 3665 813 3740 antiquiori
858 3667 1068 3740 poetae
1111 3662 1426 3723 introitum
1457 3665 1644 3739 atque
1686 3662 1911 3721 exitum
1958 3664 2343 3738 surripuisset
2363 3707 2378 3738 ,
2424 3664 2583 3740 quod
2628 3665 2822 3740 ipsum

491 3751 734 3810 omnino
778 3749 1037 3808 alienum
1082 3748 1316 3808 videtur
1358 3767 1395 3806 a
1436 3751 1614 3822 poeta
1656 3746 2126 3823 elegantissime,
2185 3747 2352 3807 cuius
2394 3748 2664 3824 elegiaco·
2700 3767 2822 3807 car-

400 3887 409 3892 .
490 3835 635 3893 mini
694 3834 979 3893 maiorem
1036 3852 1214 3909 quam
1266 3832 1609 3892 hexametro
1663 3835 1851 3890 artem
1910 3831 2034 3906 ipse
2079 3832 2457 3892 Hermannus
2501 3832 2821 3893 adiudicat.

490 3919 613 3978 Nec
665 3919 843 3978 nimis
901 3919 1215 3994 parvulum
1269 3935 1399 3977 esse
1454 3915 1827 3992 Daphnidem
1878 3918 2060 3975 etiam
2112 3918 2174 3975 in
2229 3917 2590 3993 antiquiore,
2659 3917 2820 3992 quod

490 4003 577 4062 illi
625 4004 864 4080 quidem
910 4004 1023 4063 sibi
1066 4003 1317 4078 fingunt,
1365 4002 1626 4060 carmine
1669 4001 1788 4059 duo
1833 4001 2116 4076 postremi
2159 4020 2362 4060 versus
2391 4001 2819 4076 demonstrant,

488 4107 637 4162 quos
681 4089 783 4165 qui
827 4093 887 4148 et
928 4089 1089 4164 ipsos
1134 4088 1208 4147 ab
1252 4087 1680 4162 interpolatore
1734 4085 1970 4145 additos
2028 4086 2266 4162 putavit
2311 4086 2674 4146 Fritzschius
2725 4105 2817 4144 ce-

628 4305 683 4368 1)
720 4301 807 4356 Ita
841 4319 966 4355 cum
1000 4304 1262 4356 numerat
1296 4299 1668 4366 Hei-mannus,
1702 4315 1929 4380 prorsus
1965 4299 2178 4354 omittit
2215 4315 2433 4354 versum
2469 4301 2642 4369 vulgo
2689 4303 2821 4379 post

488 4369 822 4493 ἰξξιῗθξξῃέ
858 4371 1151 4438 intrusum,
1189 4385 1355 4438 quem
1382 4383 1576 4422 omnes
1613 4373 1742 4436 post
1769 4367 2028 4424 Dahlium
2065 4367 2309 4422 editores
2343 4367 2463 4421 iure
2499 4385 2604 4437 pro
2630 4367 2820 4438 spurio
