3132 5129
1344 1267 1677 1356 XXVII.

346 1459 903 1532 Emendationum
952 1460 1028 1529 in
1073 1460 1420 1550 Euripidis
1458 1460 1884 1550 Iphigeniam
1929 1458 2275 1529 Tauricam
2313 1478 2470 1549 pars
2508 1459 2592 1581 Iis
2604 1454 2679 1556 ¹).

513 1632 842 1707 Vitiorum,
904 1632 1120 1707 quibus
1165 1634 1355 1691 scatet
1409 1633 1726 1707 primum
1782 1632 2175 1691 Stasimum
2219 1651 2279 1690 v.
2327 1630 2682 1703 392—455,
2731 1647 2762 1693 3

349 1718 632 1777 maiorem
676 1720 906 1792 partem
952 1717 1070 1775 iam
1127 1718 1398 1791 priorum
1457 1718 1755 1776 editorum
1800 1716 2047 1775 sustulit
2088 1716 2417 1775 industria:
2476 1734 2681 1774 eorum

345 1820 494 1878 quae
539 1805 644 1860 aut
689 1802 916 1861 leviora
970 1805 1110 1860 sunt
1152 1805 1258 1860 aut
1302 1802 1386 1861 ita
1431 1805 1617 1876 certa,
1678 1805 1748 1860 ut
1790 1802 1866 1860 ab
1925 1801 2200 1861 omnibus
2258 1800 2537 1876 deinceps
2592 1820 2681 1859 re-

347 1890 516 1964 cepta.
559 1887 711 1961 sint,
770 1886 966 1945 denuo
1012 1888 1349 1946 examinare
1405 1888 1558 1946 nihil
1602 1888 1854 1962 attinet,
1916 1887 1988 1945 de
2032 1886 2124 1945 his
2170 1905 2340 1961 vero,
2386 1906 2537 1961 quae
2580 1889 2687 1944 aut

346 1972 660 2031 dubitandi
705 1973 1016 2030 materiam
1072 1972 1361 2048 praebent
1403 1977 1511 2030 aut
1554 1992 1589 2030 a
1633 1992 1726 2030 me
1771 1972 2009 2030 demum
2054 1974 2283 2030 remota
2326 1974 2495 2046 sunt,
2526 1990 2682 2061 ‘pau-

347 2059 431 2115 cis
476 2057 790 2116 dicendum
837 2057 1095 2116 videtur.

517 2143 599 2201 Et
640 2143 817 2200 initio
862 2143 1102 2218 quidem
1147 2160 1282 2201 cum
1326 2141 1672 2201 Hermanno
1718 2141 2091 2200 scribendum
2141 2141 2257 2197 fuit

751 2252 1035 2337 κυάνεαι,
1081 2254 1335 2319 κυάνεαι
1378 2258 1623 2318 σύνοδοι
1664 2252 2010 2328 θαλάσσας,

753 2339 838 2401 ἵν’
886 2304 1188 2419 οἶστρος”
1159 2365 1190 2403 ο
1238 2340 1577 2422 ποτώμενος
1613 2336 1909 2422 Ἀργόθεν

752 2426 967 2503 αξενον
1014 2423 1105 2489 ἐπ’
1155 2422 1334 2508 οἶδμα
1377 2423 1722 2509 διεπέρασεν
1757 2424 1973 2503 Ἰοῦς,

350 2550 451 2608 ubi
510 2569 642 2608 cum
699 2548 761 2608 in
806 2550 866 2608 B
908 2550 1185 2610 mutilato
1242 2553 1432 2609 metro
1479 2553 1715 2609 tantum
1760 2545 2106 2626 διεπέρασεν
2150 2550 2437 2624 exstaret,
2497 2548 2685 2608 defec-

349 2639 480 2694 tum
529 2635 691 2695 vario
736 2635 912 2694 modo
960 2636 1196 2711 explere
1244 2635 1626 2695 studuerunt.
1701 2634 1967 2704 Quorum
2013 2635 2253 2696 chorum
2289 2632 2339 2693 C'
2377 2637 2439 2692 et
2464 2634 2688 2693 Aldina

352 2720 576 2781 ducunt
618 2720 953 2779 exhibendo
1001 2715 1348 2798 διεπέρασέν
1402 2739 1608 2796 ποτε,
1668 2720 1827 2796 quod
1875 2721 2152 2780 vitiosum
2197 2724 2260 2778 et
2313 2721 2506 2796 ipsum
2554 2740 2687 2779 cum

350 2826 420 2866 ex
466 2809 671 2881 aperta
698 2804 1082 2865 ‘correctione
1127 2806 1463 2882 profectum
1509 2808 1618 2881 sit,
1665 2805 1815 2863 nihil
1861 2806 1997 2863 inde
2027 2807 2399 2864 auctoritatis
2445 2806 2691 2865 trabunt

351 2893 721 2950 coniecturae
769 2891 984 2950 litteris
1029 2892 1155 2950 eius
1184 2890 1579 2951 additamenti
1608 2890 2113 2963 accommodatae,
2170 2892 2375 2967 quales
2421 2891 2690 2950 fecerunt

353 2976 678 3035 Schoenius
722 2971 1034 3053 διεπέρασε
1075 2968 1166 3033 πό
1181 2995 1354 3034 ντου
1416 2980 1477 3035 et
1521 2976 1818 3052 Bergkius
1874 2970 2180 3053 διεπέρασε
2221 2969 2492 3049 πόρτιν
2547 2977 2685 3034 scri-

350 3060 577 3134 hendo,
626 3061 727 3120 sed
774 3060 892 3118 alia
934 3062 1468 3138 circumspicienda
1512 3064 1655 3121 sunt
1698 3060 1945 3134 indicia,
1995 3079 2067 3118 ex
2109 3061 2323 3134 quibus
2371 3059 2515 3135 quid
2562 3061 2687 3134 ipse

351 3148 529 3220 poeta
573 3145 807 3203 dederit
861 3147 1268 3221 perspiciatur.
1349 3146 1614 3217 Quorum
1661 3146 1918 3221 primum
1979 3163 2049 3203 eo
2103 3147 2469 3219 continetur,
2527 3145 2686 3219 quod

353 3230 556 3289 Ionem
605 3233 709 3288 aut
752 3230 1047 3289 nominari
1105 3234 1210 3290 aut
1267 3229 1484 3289 diserte
1538 3231 1712 3289 innui
1756 3249 1996 3289 necesse
2056 3231 2212 3304 erat,
2270 3230 2549 3305 quoniam
2607 3219 2688 3285 οἴ-

350 3330 516 3392 στρος
563 3308 594 3372 ὁ
638 3308 975 3391 ποτώμενος
1025 3308 1321 3394 Ἀργόθεν
1367 3316 1490 3375 sive
1544 3315 1787 3392 proprio
1834 3316 1959 3375 sive
2015 3315 2305 3373 translato
2363 3333 2538 3373 sensu
2603 3315 2687 3371 in-

352 3400 724 3477 tellegendus
778 3401 856 3459 ad
908 3420 1037 3459 eam
1092 3420 1218 3459 rem
1272 3419 1392 3459 non
1437 3401 1792 3460 sufficiebat.
1876 3399 2263 3458 Reiciendum
2315 3399 2505 3475 igitur
2560 3418 2688 3457 eam

354 3485 430 3543 ob
475 3503 711 3544 causam
757 3485 1197 3545 Schoenianum
1252 3476 1526 3543 πόντου
1574 3488 1833 3546 otiosum
1889 3486 2134 3560 insuper
2175 3487 2419 3559 propter
2461 3487 2688 3542 antece·

355 3571 500 3629 dens
555 3567 887 3641 θαλάσσας.
982 3570 1122 3629 Alia
1176 3589 1351 3630 causa
1394 3571 1735 3648 Bergkiano
1792 3562 2063 3649 πόρτιν
2118 3569 2349 3643 obstat,
2409 3571 2688 3627 constans

353 3654 509 3731 apud
553 3655 902 3732 Euripidem
952 3656 1116 3715 verbi
1173 3654 1547 3732 διαπερᾶν
1593 3675 1765 3732 usus,
1830 3674 1947 3732 quo
2003 3654 2093 3712 illi
2136 3672 2243 3728 per
2286 3654 2689 3712 accusativum

354 3759 585 3816 semper
629 3760 724 3800 res
769 3742 933 3816 ipsa,
991 3759 1144 3815 quae
1198 3742 1542 3816 traiciatur,
1601 3741 1865 3816 additur,
1924 3741 2050 3799 sive
2105 3739 2272 3813 regio
2330 3741 2447 3812 est,
2509 3757 2689 3813 quam

354 3826 487 3900 quis
530 3828 797 3885 transeat
841 3828 946 3884 aut
987 3829 1278 3901 permeet,
1314 3830 1381 3885 ut
1428 3828 1584 3886 insta
1626 3826 1896 3886 v.1392
1956 3819 2198 3898 στόμια,
2255 3822 2472 3884 Troad.
2525 3824 2683 3880 1151

356 3908 811 3986 Σκαμανδρίους
857 3905 1034 3987 ροάς,
1077 3909 1441 3986 Suppl.117
1482 3905 1770 3984 Ἑλλάδα,
1816 3912 1939 3970 sive
1968 3908 2097 3969 vita
2138 3910 2298 3983 ipsa,
2345 3927 2523 3982 quam
2557 3908 2690 3981 quis

356 3996 683 4072 transigat,
730 4000 797 4054 ut
840 3994 1015 4054 Herc.
1063 3995 1179 4054 fur.
1225 3997 1350 4057 504
1411 3998 1546 4056 coll.
1609 3994 1688 4054 ib.
1737 3998 1861 4054 830
1915 3991 2214 4092 μόχθους,
2272 3992 2398 4052 sive
2444 4011 2687 4067 coerS,

355 4082 513 4155 quod
557 4081 679 4140 telo
723 4080 1272 4156 transverberetur,
1333 4083 1404 4140 ut
1455 4082 1682 4139 Phoen.
1737 4081 1895 4138 1394
1954 4070 2193 4155 κνήμην
2237 4097 2295 4134 τε
2342 4072 2692 4155 διεπέρασεν

349 4157 617 4242 Ἀργεῖον
661 4160 840 4241 δόρυ,
898 4166 999 4224 ubi
1044 4167 1200 4225 male
1254 4126 1614 4234 recentiores
1671 4184 1741 4223 ex
1788 4164 1847 4219 A
1890 4156 2118 4240 κνήμης
2174 4161 2506 4222 ediderunt.
2583 4162 2690 4221 Sin

358 4269 498 4308 vero
542 4248 834 4328 διαπερᾶν
887 4271 957 4310 ex
1002 4252 1406 4326 prosaicorum
1463 4249 1890 4310 consuetudine
1934 4249 2128 4308 activo
2176 4267 2352 4307 sensu
2409 4265 2542 4306 cum
2597 4266 2690 4305 ao-

500 4417 553 4481 1)
593 4414 734 4482 [Ind.
767 4413 918 4471 lectt
955 4414 1014 4466 in
1039 4414 1150 4467 litt.
1198 4413 1346 4466 univ
1377 4412 1562 4470 Turio.
1588 4411 1717 4466 inde
1755 4429 1789 4465 a
1824 4411 1879 4466 d.
1906 4411 2047 4465 XIV.
2074 4431 2146 4466 m.
2174 4412 2295 4470 Oct
2320 4410 2690 4465 MDCCCLXI

360 4497 535 4549 usque
572 4483 642 4536 ad
680 4482 733 4536 d.
771 4480 941 4535 XVII.
978 4499 1051 4540 m.
1089 4481 1259 4537 Mart.
1299 4480 1693 4537 MDCCCLXII
1732 4481 2154 4591 habendarum]

2287 4560 2388 4619 35·
