3132 5129
1363 382 1827 483 *488—

430 541 672 615 wahlt‘g
734 561 840 599 nec
884 540 1029 615 quid
1076 541 1389 615 displiceat
1432 542 1497 598 in
1541 540 1907 599 accuratiore
1951 540 2211 598 hesterni
2256 538 2374 596 diei
2419 556 2771 595 commemo-

428 627 677 685 ratione.
754 625 1002 684 Naidem
1049 645 1188 684 sane
1234 626 1400 683 innui
1446 629 1691 700 propter
1734 624 1977 699 nuptias
2022 643 2156 683 cum
2202 642 2271 682 ea
2315 622 2427 681 hoc
2472 623 2600 696 ipso
2646 642 2771 681 cer-

430 712 650 769 tamine
695 713 1132 769 consummatas
1177 710 1545 791 putaverim,
1595 710 1933 785 optimeque
1978 710 2032 767 ei
2078 708 2359 768 convenit
2399 706 2665 766 eiusdem
2707 707 2772 766 in

434 796 706 871 populari
750 795 1101 870 traditione,
1161 815 1337 871 quam
1381 794 1476 853 hic
1522 795 1764 870 quidem
1825 798 2062 854 secutus
2115 797 2207 851 est
2263 796 2467 868 poeta,
2522 791 2771 851 indoles.

433 882 616 940 Cuius
661 879 1025 954 petulantiae
1071 880 1323 955 superbe
1372 899 1407 938 a
1448 897 1634 953 puero
1667 881 1975 956 ignoratae
2006 879 2057 937 si
2088 877 2222 954 quis
2251 878 2449 936 minus
2480 876 2773 953 quadrare

433 966 737 1040 putaverit
780 984 929 1040 quae
974 984 1151 1040 supra
1183 984 1237 1024 v.
1271 967 1425 1022 41—
1440 966 1521 1023 43
1555 967 1617 1022 et
1646 966 1727 1022 48
1774 964 1846 1023 de
1890 984 1961 1022 ea
2002 962 2423 1038 praedicantur
2465 963 2772 1021 tenerrimi

434 1069 638 1109 sensus
693 1049 1063 1125 plenissima,
1120 1050 1385 1109 modeste
1444 1048 1773 1124 pudiceque
1827 1067 2043 1107 nomen
2099 1048 2195 1106 hic
2251 1047 2489 1122 quidem
2531 1047 2775 1105 reticuit

433 1139 611 1210 atque
666 1137 894 1193 incerta
949 1136 1345 1211 appellatione
1401 1134 1741 1236 Nympham
1794 1133 2162 1193 clandestino
2219 1136 2419 1192 tamen
2478 1131 2773 1190 desiderio

433 1221 684 1295 petitam
716 1219 1073 1293 designavit.
1150 1220 1306 1278 Hinc
1350 1212 1500 1295 κῆμὲ
1541 1238 1649 1288 τις
1695 1219 1812 1276 iam
1845 1218 2066 1276 dudum
2099 1216 2565 1289 emendaveram‚
2613 1216 2776 1291 quod

432 1306 632 1379 ipsum
680 1322 834 1362 unus
878 1324 949 1362 ex
996 1305 1329 1363 scholiastis
1373 1304 1551 1380 legit:
1607 1298 1755 1360 ἀλλὰ
1811 1299 1913 1359 καὶ
1970 1291 2157 1359 αὐτὸν
2214 1298 2362 1378 κόρη
2407 1321 2516 1370 τις
2561 1299 2762 1359 ἰδοῦσα

434 1385 764 1483 ἐπῄνεσεν,
790 1408 925 1448 cum
971 1389 1129 1448 idem
1175 1390 1249 1448 ab
1295 1390 1616 1464 Hartungo
1663 1388 1973 1447 inventum
2019 1387 2161 1446 vidi.
2254 1386 2369 1445 Sed
2417 1386 2573 1444 idem
2619 1386 2765 1444 bene

434 1475 636 1533 docuit
688 1462 997 1550 σύνοφρυς
1053 1493 1174 1532 non
1231 1477 1300 1532 ut
1352 1475 1415 1532 in
1471 1474 1834 1532 Anacreont.
1863 1471 2169 1546 ·,XXVIII
2222 1473 2297 1531 16
2348 1467 2577 1548 [Poett.
2622 1470 2764 1546 lym

433 1559 525 1618 ed.
574 1558 790 1633 Bergk.
839 1579 897 1632 p.
945 1559 1068 1616 815
1118 1556 1372 1635 (1054)]
1424 1559 1496 1617 de
1542 1559 1997 1633 superciliorum
2043 1557 2440 1616 continuitate
2484 1556 2581 1615 vel
2625 1555 2766 1614 artis

434 1663 545 1717 ope
592 1642 738 1720 (vid.
773 1642 946 1701 Ovid
981 1647 1090 1701 art.
1124 1663 1238 1701 am.
1271 1643 1378 1717 III,
1414 1646 1552 1702 201.
1585 1642 1791 1702 Iuven.
1839 1641 1916 1717 II,
1953 1644 2030 1701 93
2065 1638 2185 1717 sq.)
2235 1644 2424 1715 aucta,
2471 1640 2574 1699 scd
2619 1643 2767 1699 teste

436 1728 730 1802 Hesychio
779 1725 942 1805 [Vol.
990 1727 1095 1802 IV,
1146 1729 1177 1785 1
1228 1748 1289 1803 p.
1340 1730 1459 1786 107
1509 1723 1738 1806 Schm.]
1795 1758 1865 1781 ,-
1917 1723 2307 1803 σύνοφρυς
2362 1717 2765 1802 μεγαλόφρων,

433 1807 798 1887 μεγάλαυχος
848 1844 921 1853 -—
971 1811 1043 1870 de
1089 1812 1247 1871 fastu
1293 1812 1762 1889 intellegendum
1806 1831 1950 1887 esse,
1997 1832 2115 1887 quo
2158 1811 2419 1871 nobilior
2464 1808 2769 1869 Semideae

434 1900 648 1955 natura
690 1897 868 1971 paulo
917 1896 1196 1956 disertius
1242 1897 1553 1956 indicatur.

603 1980 807 2038 Finito
867 1982 1125 2039 carmine
1180 2000 1311 2039 cum
1359 1984 1661 2057 caprarius
1708 1980 2004 2056 Daphnidi
2051 1999 2174 2039 non
2219 1981 2415 2040 solum
2457 1979 2766 2039 victoriam

437 2066 704 2124 decernit
762 2064 865 2123 sed
908 2067 1092 2124 etiam
1137 2084 1359 2125 novum
1407 2068 1479 2125 de
1525 2086 1632 2125 suo
1678 2066 2012 2140 praemium
2057 2067 2386 2140 promittit,
2435 2065 2484 2124 si
2531 2064 2765 2141 quidem

436 2153 633 2225 ipsum
679 2154 914 2208 cantum
961 2151 1169 2209 docere
1233 2153 1403 2227 velit,
1461 2152 1557 2210 hic
1611 2169 1845 2226 quoque
1890 2170 1924 2207 a
1967 2155 2146 2225 poeta
2190 2151 2264 2207 ad
2309 2169 2438 2208 eam
2483 2150 2769 2208 rationem'

433 2237 551 2293 iam
598 2234 918 2294 indicatam
962 2235 1163 2294 adludi
1207 2242 1374 2312 puto,
1422 2256 1573 2312 quae
1619 2237 1776 2295 inter
1818 2236 2169 2310 popularem
2200 2236 2508 2310 ipsiusque
2537 2235 2771 2293 Musam
2839 2286 2842 2289 .

435 2319 779 2380 intercedat.
870 2320 1026 2378 Eum
1082 2321 1242 2379 enim
1296 2322 1389 2380 hic
1446 2322 1689 2396 quidem
1737 2320 2108 2395 Daphnidem
2168 2320 2526 2380 intellexisse
2569 2324 2771 2393 pasto-

439 2425 569 2463 rum
620 2405 838 2464 fabulis
885 2406 1249 2464 celebratum
1294 2425 1428 2466 cum
1473 2425 1543 2465 ex
1576 2426 1630 2466 v.
1669 2409 1700 2463 1
1729 2426 1815 2480 sq.
1867 2406 1902 2463 3
1928 2425 2016 2480 sq.
2067 2406 2144 2463 72
2166 2426 2256 2480 sq.
2287 2408 2416 2463 tum
2461 2423 2526 2463 ex
2557 2404 2774 2462 ultimo

440 2510 611 2549 versu
654 2491 1022 2568 apertissime
1068 2491 1271 2568 prodit

740 2606 840 2667 καὶ
886 2606 1162 2684 Νύμφαν
1205 2605 1536 2687 ἄκρηβος
1581 2603 1724 2668 ἐών
1767 2606 1872 2666 ἔτι
1918 2607 2130 2666 Ναΐδα
2175 2607 2385 2687 γᾶμεν,

436 2749 587 2805 quae
619 2729 817 2787 omnia
861 2747 1039 2803 quam
1083 2729 1347 2804 apprime
1392 2727 1465 2785 ad
1511 2729 1823 2805 vulgarem
1867 2728 2163 2804 quadrent
2206 2729 2603 2788 narrationem
2650 2730 2769 2787 iam

437 2834 471 2871 a
518 2812 853 2871 Stesichoro
913 2813 1057 2871 olim
1112 2815 1458 2885 tractatam,
1518 2832 1589 2871 ex
1646 2832 1765 2872 uno
1823 2814 1947 2872 eius
1992 2816 2233 2872 auctore
2278 2814 2525 2873 Aeliano
2572 2813 2645 2870 V.
2691 2814 2776 2876 H.

439 2899 509 2971 X,
564 2899 637 2956 18
684 2896 905 2972 optime
951 2898 1342 2973 intellegitur.
1434 2896 1530 2954 Ita
1575 2899 1733 2956 enim
1778 2897 1910 2956 ille:
1973 2886 2222 2975 ἠράσθη
2279 2890 2466 2955 αὐτοῦ
2523 2890 2776 2972 νύμφη

438 2980 577 3057 μία,
623 2977 724 3039 καὶ
768 2975 1021 3057 ὡμίλησε
1065 2983 1263 3062 καλῷ
1317 2977 1448 3039 ὄντι
1491 2979 1591 3040 και
1637 2977 1749 3038 νέω
1795 3001 1897 3037 και
1941 2990 2235 3058 πρῶτον
2283 2981 2519 3064 (πρωτῳ
2563 2983 2776 3059 vulgo)

341 3079 405 3124 25
437 3058 811 3146 ὑπηνήτῃ,
887 3062 1039 3124 ἔνθα
1100 3065 1204 3124 τοῦ
1270 3061 1485 3143 χρόνου
1557 3060 1640 3144 ἡ
1673 3063 2131 3164 χαριεστάτη
2207 3062 2363 3125 ἐστὶν
2433 3043 2580 3144 ἥβη
2655 3075 2777 3126 τῶν

436 3149 634 3209 καλῶν
698 3149 1052 3227 μειρακίων,
1118 3171 1199 3220 ως
1266 3147 1385 3208 πού
1452 3167 1603 3225 φησι
1672 3147 1770 3209 καὶ
1817 3142 2081 3227 1’Όμηρος
2122 3150 2235 3229 (Ω.
2267 3153 2390 3211 348
2421 3161 2570 3209 dx
2602 3154 2774 3227 279).

438 3236 936 3296 Echenaidem
990 3236 1334 3312 Nympham
1390 3236 1660 3295 nominat
1711 3268 1776 3278 —
1831 3238 1880 3295 si
1943 3237 2116 3295 lectio
2174 3255 2317 3295 sana
2362 3268 2444 3278 —-
2489 3237 2774 3296 Parthen.

438 3325 716 3380 amatorr.
778 3322 876 3396 29,
934 3321 1343 3397 Nympham
1405 3322 1647 3380 omnino
1708 3322 1889 3381 fuisse
1945 3325 2237 3380 memorat
2288 3321 2463 3380 Diod.
2517 3322 2623 3396 IV,
2671 3323 2774 3381 84.

440 3405 555 3464 Sed
598 3405 896 3464 Theocriti
944 3410 1054 3481 est,
1102 3407 1259 3481 quod
1305 3408 1415 3466 hoc
1460 3405 1780 3465 certamine
1826 3407 2156 3465 Menalcam
2201 3407 2556 3465 audaculum
2601 3407 2774 3465 illum

438 3493 618 3565 atque
676 3494 1021 3564 protervum
1078 3494 1304 3550 victum
1358 3493 1532 3568 facit,
1591 3491 1970 3566 Daphnidem
2029 3509 2171 3551 vero
2216 3491 2549 3551 modestum
2595 3493 2777 3567 atque

439 3576 721 3650 pudicum
775 3595 897 3635 non
952 3576 1145 3635 solum
1191 3577 1507 3636 adversarii
1554 3577 1656 3635 sed
1703 3577 1883 3636 etiam
1928 3576 2137 3636 Naidis
2182 3577 2335 3636 clam
2382 3581 2611 3635 amatae
2657 3578 2776 3635 vic·

443 3665 654 3719 torem.

609 3746 865 3804 Restant
906 3747 1076 3821 pauci
1122 3745 1362 3820 quidam
1394 3745 1526 3821 loci,
1576 3746 1649 3804 de
1679 3746 1894 3821 quibus
1926 3746 2275 3821 singulatim
2311 3746 2774 3821 brevissimeque

441 3830 753 3890 dicendum
783 3831 879 3892 sit.
948 3831 1023 3892 V.
1062 3832 1137 3889 13
1180 3831 1362 3905 paulo
1408 3831 1691 3890 audacius
1736 3831 1960 3906 refinxi,
2018 3849 2151 3889 cum
2195 3832 2364 3906 nihil,
2412 3832 2568 3906 quod
2614 3831 2775 3890 suffi-

368 3965 380 3975 .
441 3920 613 3991 ccret,
659 3915 909 3974 allatum
955 3916 1240 3975 viderem.
1317 3915 1476 3974 Olim
1520 3916 1701 3992 vulgo
1747 3916 2058 3992 legebatur
2099 3907 2247 3972 ἀλλὰ
2292 3915 2351 3973 τί
2387 3909 2772 3990 θησεύμεσθ’

444 3996 477 4058 ὅ
532 4021 637 4059 κεν
691 3993 839 4075 ἆμῖν
891 3996 1105 4077 ἄρκιον
1160 3997 1289 4073 εἴη,
1345 4019 1456 4075 pro
1514 4020 1630 4075 quo
1689 4001 2011 4060 Hermann.
2058 4001 2099 4057 l.
2149 4020 2197 4062 c.
2244 4021 2302 4076 p.
2350 4003 2429 4058 82
2477 4001 2777 4060 codicibus

444 4086 671 4144 innisus
715 4080 818 4142 καὶ
862 4083 995 4143 τίνα
1036 4078 1445 4160 θησεύμεσθ’,
1503 4081 1629 4155 ὅτις
1671 4078 1820 4158 ἆμῐν
1862 4082 2067 4162 ἄρκιος
2112 4083 2208 4160 εἴη
2257 4086 2446 4145 suasit
2488 4087 2776 4161 posterio-

445 4171 609 4228 ribus
654 4172 972 4245 rcceptum.
1045 4170 1372 4230 *Refutavit
1411 4170 1524 4229 hoc
1566 4175 1745 4246 atque
1789 4170 2228 4229 Ahrensianum

746 4301 847 4363 καὶ
891 4303 1023 4363 τίνα
1060 4309 1270 4382 θησεῖς
1313 4302 1631 4383 μισθόν,
1678 4301 1841 4381 ε’μὶν
1883 4300 2040 4375 ὅτις
2084 4302 2289 4382 ἄρκιος
2335 4303 2455 4381 εἴη]

447 4441 881 4501 commendavit
911 4442 1036 4519 ipse
1077 4446 1277 4504 tamen
1322 4438 1575 4520 μισθόν,
1623 4437 1777 4513 ὅτις
1823 4437 1900 4500 κε’
1939 4462 2061 4518 μοι
2105 4445 2410 4520 praestare
2453 4442 2778 4502 arbitratus
