3132 5129
1391 372 1810 435 -32—

442 533 579 608 Ipsa
625 531 808 590 verba
851 530 1164 606 adscripsi,
1211 534 1279 588 ut
1323 533 1640 605 appareret
1681 548 1752 586 ex
1797 529 1972 586 huius
2015 527 2254 603 quidem
2301 527 2596 586 sententia
2649 546 2773 586 non

429 623 663 675 tantum
708 637 764 675 v.
798 618 945 687 558,
991 616 1061 674 de
1106 634 1222 690 quo
1267 635 1301 671 a
1347 615 1563 674 Solone
1611 614 1849 672 demum
1893 615 2128 671 invecto
2174 616 2453 671 constans
2496 616 2624 670 erat
2665 631 2774 670 an-

431 703 733 777 tiquorum
778 702 1118 759 criticorum
1163 699 1322 757 fama
1369 732 1443 741 —
1492 699 1613 759 vid.
1651 698 1844 757 Schol.
1877 698 1977 755 BL
2024 697 2098 756 ad
2142 717 2198 756 v.
2248 698 2391 758 494.
2442 698 2560 756 557
2610 701 2672 755 01
2716 701 2771 754 Α

431 788 505 845 ad
534 788 757 860 P23O3
790 786 952 844 Plut.
987 785 1108 843 Sol.
1141 787 1249 859 103
1284 784 1459 861 Diog.
1491 786 1692 844 Laert.
1729 782 1777 854 Ι,
1814 784 1849 839 2
1884 781 2051 857 §483
2088 782 2284 840 Strab.
2306 782 2389 839 IX
2422 802 2475 856 p.
2500 783 2642 853 394,
2668 782 2774 857 qui

433 872 506 930 ab
524 872 654 947 ali-is
669 870 1049 929 Pisistratum
1065 888 1174 944 pro
1190 870 1615 945 interpolatore
1630 868 1831 927 haberi
1850 867 2033 925 refert
2049 889 2063 941 ς
2090 870 2150 925 01
2164 866 2241 930 cf.
2262 866 2513 925 Aristot.
2530 866 2771 924 Rhetor.

432 957 481 1028 Ι,
523 957 616 1027 15,
668 957 744 1014 13
784 953 870 1030 [p.
912 951 1207 1013 1375b30
1239 953 1454 1030 Bekk.]
1482 957 1543 1012 et
1577 953 1825 1025 Quintil.
1859 952 1932 1023 V,
1970 956 2066 1023 11,
2100 953 2201 1023 40,
2233 952 2338 1027 qui
2368 971 2503 1009 eum
2534 971 2772 1010 versum

434 1060 595 1114 „non
641 1041 701 1098 in
748 1041 909 1099 omni
955 1038 1215 1098 editione
1259 1040 1549 1113 reperiri“
1582 1039 1726 1096 dicit
1754 1071 1854 1109 —,
1889 1038 1992 1095 sed
2025 1055 2157 1095 cum
2203 1054 2272 1094 eo
2319 1037 2497 1094 etiam
2540 1039 2772 1095 antece-

433 1127 675 1185 dentem
736 1144 971 1184 versum
1028 1124 1365 1182 Atticorum
1421 1124 1619 1200 gratia
1671 1125 1961 1182 insertum
2019 1142 2164 1180 esse.
2255 1121 2334 1179 Et
2390 1121 2540 1180 hanc
2596 1121 2773 1180 unius

437 1212 634 1269 Aiacis
684 1209 1016 1268 Telamonii
1071 1208 1380 1267 fortissimi
1439 1209 1603 1268 ducis
1666 1207 2029 1266 mentionem
2085 1206 2259 1264 unico
2315 1224 2503 1280 eoque
2547 1206 2772 1264 tenuis-

432 1298 581 1366 simo
640 1295 932 1354 versiculo
989 1294 1320 1351 absolutam
1381 1313 1509 1352 esse
1553 1294 1650 1352 vel
1694 1293 1748 1351 ei
1794 1310 2036 1368 prorsus
2082 1291 2431 1349 incredibile
2475 1290 2770 1361 videatur,

430 1382 533 1454 qui
588 1380 658 1438 de
717 1379 1019 1455 strophica
1073 1379 1322 1454 catalogi
1383 1378 1514 1454 lege
1570 1378 1759 1436 adhuc
1814 1377 2061 1435 dubitet.
2151 1376 2357 1450 Itaque
2415 1378 2520 1433 aut
2578 1375 2774 1434 so'litis

434 1466 632 1540 quinis
676 1465 946 1523 versibus
991 1463 1169 1521 etiam
1224 1463 1425 1521 Aiacis
1487 1464 1657 1538 origo
1702 1463 2082 1536 militumque
2129 1462 2322 1534 patria
2365 1461 2507 1518 olim
2551 1460 2772 1518 indica·

433 1551 628 1620 batur,
675 1553 779 1606 aut
810 1547 1119 1606 Salaminii
1165 1547 1357 1606 herois
1388 1549 1674 1606 memoria
1717 1547 2137 1621 qualicumque
2182 1546 2252 1603 de
2298 1563 2475 1603 causa
2518 1564 2552 1603 a
2595 1548 2774 1619 poeta

434 1635 680 1692 Boe-otio
742 1634 837 1692 vel
896 1633 1167 1708 ignorata
1223 1638 1315 1691 est
1372 1632 1463 1691 vel
1521 1651 1858 1709 suppressa.
1951 1630 2033 1688 Et
2091 1630 2202 1690 hoc
2262 1630 2501 1704 quidem
2548 1634 2617 1687 ut
2661 1633 2778 1688 sta-

434 1723 653 1790 tuatur,
703 1717 947 1776 suadere
1008 1717 1285 1774 videntur
1342 1737 1491 1793 quae
1540 1717 1757 1775 Strabo
1803 1718 1845 1777 1.
1896 1735 1980 1788 0.,
2030 1718 2341 1791 postquam
2387 1734 2442 1773 v.
2478 1716 2600 1774 558
2647 1714 2781 1771 aliis

435 1804 682 1862 Homeri
714 1803 858 1861 locis
904 1801 1180 1878 redargui
1225 1802 1478 1875 notavit,
1523 1803 1724 1860 addit:
1772 1799 1832 1858 οἵ
1868 1795 1979 1876 μὲν
2023 1796 2097 1874 δὴ
2140 1793 2455 1873 Ἀθηναῖοι
2502 1792 2785 1873 τοιαύτην

444 1885 576 1946 τινὰ
623 1884 986 1963 σκήψασθαι
1029 1884 1361 1962 μαρτυρίαν
1404 1879 1546 1962 παρ’
1601 1878 1855 1962 Ὁμήρου
1901 1884 2203 1958 δοκοῦσιν,
2263 1882 2323 1941 οἷ
2361 1878 2428 1940 δὲ
2476 1885 2784 1961 Μεγαρεῖς

434 1968 1057 2052 ἆντιπαρῳὸῆσαι
1100 1966 1318 2041 οὕτως·

744 2071 906 2144 Αἴας
959 2067 1014 2130 ‹5'
1067 2069 1133 2130 ἐκ
1176 2073 1521 2146 Σαλαμῖνος
1565 2069 1714 2151 ἄγεν
1758 2067 1916 2147 νέας,
1963 2067 2027 2128 ἔκ
2071 2091 2130 2129 τε
2176 2068 2480 2146 Πολίχνης

742 2155 807 2218 ἔκ
853 2153 909 2216 τ’
959 2154 1389 2235 Αἰγειρούσσης
1435 2156 1699 2233 Νισαίης
1745 2178 1803 2216 τε
1854 2153 2168 2233 Τριπόδων
2212 2176 2288 2214 τε.

443 2262 615 2321 Unde
661 2262 793 2337 quis
837 2280 958 2320 non
1006 2261 1206 2335 inepte
1251 2260 1570 2319 coniecerit
1625 2279 1950 2335 numquam
2013 2260 2214 2335 plures
2259 2258 2332 2317 de
2381 2257 2557 2315 Aiace
2600 2260 2782 2316 notos

441 2348 623 2406 fuisse
670 2366 893 2405 versus.
985 2344 1348 2419 Quamquam
1410 2344 1571 2402 haud
1615 2344 1737 2403 scio
1783 2364 1857 2403 an
1902 2344 2273 2418 probabilius
2318 2343 2497 2401 etiam
2545 2343 2606 2400 in
2651 2361 2784 2400 ver-

439 2432 603 2491 sibus
664 2433 814 2502 illis,
882 2449 1031 2506 quos
1099 2430 1171 2488 de
1238 2448 1342 2488 suo
1402 2430 1642 2488 finxisse
1696 2429 1976 2489 dicuntur
2019 2429 2428 2504 Megarenses,
2496 2427 2783 2501 reliquiae

439 2536 747 2593 superesse
791 2520 1080 2592 putentur
1124 2515 1392 2573 mutilati
1436 2514 1776 2573 Atticorum
1823 2514 2201 2590 malignitate
2248 2513 2525 2588 catalogi.
2623 2509 2781 2581 Quo-

442 2603 875 2677 modocumque
920 2601 1222 2671 statuitur,
1269 2619 1508 2658 versum
1553 2599 2107 2668 illum-solitarium
2154 2600 2268 2656 iam
2314 2616 2435 2656 non
2466 2616 2676 2656 vereor
2707 2616 2783 2655 ne

443 2687 575 2762 quis
618 2691 855 2746 nostrae
901 2686 1206 2745 doctrinae
1252 2685 1332 2744 sit
1376 2686 1786 2759 oppositurus.

609 2772 742 2831 Non
788 2772 984 2830 minus
1031 2773 1231 2846 aperte
1288 2768 1359 2826 ad
1405 2769 1516 2828 hoc
1571 2789 1761 2846 genus
1807 2769 2184 2828 referendum
2231 2770 2321 2827 est
2363 2767 2782 2843 longissimum

442 2859 503 2915 et
548 2857 1089 2932 splendidissimum
1136 2872 1321 2928 eoque
1366 2854 1438 2912 ab
1483 2853 1781 2913 Hesiodeo
1828 2854 2025 2913 colore
2073 2852 2542 2913 diversissimum
2589 2853 2781 2927 episo-

443 2942 603 2998 dium
652 2942 723 3000 de
771 2941 1097 3015 Tlepolemi
1154 2940 1328 2998 rebus
1377 2959 1432 2997 v.
1485 2940 1849 3011 658—670,
1888 2939 1959 2997 de
2007 2956 2124 3014 quo
2171 2938 2442 3013 pluribus
2489 2955 2782 3011 exponere

441 3045 559 3084 non
609 3045 757 3101 opus
802 3030 894 3085 est
937 3030 1073 3100 post
1115 3045 1200 3096 ea,
1251 3043 1402 3099 quae
1451 3022 1575 3085 Od.
1626 3024 2040 3082 Muellerus
2086 3023 2146 3081 in
2193 3022 2407 3098 Aegin.
2454 3041 2514 3096 p.
2545 3022 2625 3077 42
2673 3020 2782 3095 (cf.

348 3118 405 3165 17
440 3111 521 3169 id.
564 3110 705 3170 Dor.
752 3111 783 3168 Ι
829 3130 886 3185 p.
935 3112 1075 3168 109.
1119 3110 1389 3186 prolegg.
1435 3109 1687 3184 mythol.
1734 3128 1791 3183 p.
1827 3110 1967 3168 403.
2010 3108 2152 3166 hist.
2185 3107 2304 3165 litt.
2341 3104 2440 3164 Gr.
2485 3106 2516 3163 I
2556 3125 2614 3180 p.
2650 3100 2781 3185 95),

441 3195 865 3254 Boeckhius
910 3198 972 3253 et
1016 3195 1412 3255 Dissenius
1457 3194 1531 3251 ad
1577 3192 1815 3252 Pindar.
1862 3191 1954 3252 Ol.
1989 3191 2125 3264 VII,
2163 3193 2241 3248 32
2303 3191 2374 3249 de
2430 3210 2499 3248 eo
2546 3209 2784 3248 monue-

440 3283 616 3351 runt,
677 3299 928 3354 quorum
986 3281 1058 3338 de
1117 3279 1335 3338 iudicio
1404 3278 1858 3337 Mommsenium
1916 3298 1976 3352 p.
2024 3278 2144 3334 526
2207 3275 2508 3334 dubitasse
2576 3276 2785 3333 miror.

442 3363 718 3422 Ceterum
774 3384 849 3422 ne
913 3367 976 3423 in
1033 3364 1138 3422 illo
1196 3364 1431 3440 quidem
1480 3363 1747 3437 episodio
1794 3362 2104 3421 fortuitam
2162 3361 2421 3419 arbitror
2475 3364 2781 3418 ternorum

443 3469 716 3507 versuum
763 3450 1239 3508 coniunctionem
1286 3455 1498 3523 quater
1541 3449 1886 3522 repetitam:
1933 3466 2068 3506 nam
2116 3446 2396 3520 primitus
2429 3448 2534 3502 aut
2568 3464 2623 3502 v.
2659 3446 2782 3502 669

441 3538 546 3592 aut
591 3537 713 3592 670
757 3538 994 3593 tantum
1039 3535 1370 3610 episodium
1417 3533 1759 3592 conclusum
1805 3551 1932 3591 esse
1978 3535 2041 3590 et
2085 3529 2370 3606 parallela
2415 3530 2587 3588 docet
2617 3529 2781 3586 Iovis

440 3620 664 3677 mentio
727 3619 788 3677 in
845 3622 1098 3694 utroque
1157 3620 1315 3678 facta
1372 3622 1431 3675 et
1487 3618 1829 3676 criticorum
1890 3616 2328 3687 dubitationes,
2378 3633 2632 3689 quorum
2678 3614 2783 3670 alii

439 3724 496 3761 v.
518 3706 637 3762 669
667 3737 740 3745 —-
763 3704 883 3765 vid.
905 3703 1339 3762 Schol.Aadv.
1368 3702 1703 3760 668—alii
1734 3721 1792 3760 v.
1822 3703 1946 3760 670
1975 3698 2191 3760 ——vid.
2216 3699 2409 3758 Schol.
2443 3698 2515 3756 ad
2541 3698 2782 3756 Pindar.

443 3787 533 3847 Ol.
560 3788 694 3860 VII,
729 3790 808 3846 62
845 3785 930 3865 [p.
968 3791 1086 3847 169
1123 3786 1402 3863 Boeckh.]
1438 3819 1512 3826 —
1550 3804 1661 3860 pro
1694 3787 1894 3861 spurio
1939 3786 2291 3844 habuerunt.
2370 3781 2539 3852 Quod
2572 3783 2781 3841 caedes

443 3873 545 3930 illa
591 3873 887 3949 Licymnii
937 3873 1225 3948 Tirynthe
1282 3872 1440 3930 facta
1485 3871 1744 3929 traditur
1788 3891 1822 3928 a
1865 3871 2158 3941 Pindar0,
2206 3868 2389 3944 Argis
2433 3873 2634 3925 autem
2679 3867 2781 3924 ha·

442 3958 662 4016 bitasse
717 3960 791 4017 ab
836 3959 967 4017 aliis
1011 3961 1081 4017 ut
1125 3978 1159 4014 a
1201 3957 1467 4015 Diodoro
1512 3954 1617 4024 IV,
1666 3957 1766 4013 58.
1812 3951 1886 4028 V,
1937 3956 2014 4014 59
2062 3957 2339 4013 narratur
2383 3952 2780 4027 Tlepolemus,

446 4044 806 4116 omninoque
850 4062 946 4102 res
994 4043 1341 4118 Tirynthiae
1386 4045 1447 4100 et
1490 4041 1805 4116 Argolicae
1850 4040 2132 4098 confundi
2178 4039 2402 4107 solent,
2452 4037 2782 4112 probabilis

448 4131 541 4184 est
586 4127 892 4202 Freytagii
938 4128 1196 4203 suspicio
1241 4128 1388 4200 „hos
1434 4145 1640 4185 versus
1686 4126 1759 4183 ab
1807 4126 2167 4201 Argivorum
2214 4122 2643 4197 rhapsodorum
2676 4121 2781 4178 ali-

454 4230 571 4286 quo
616 4212 1003 4287 interpositos
1050 4213 1239 4271 esse“.
1328 4212 1410 4270 Et
1455 4211 1717 4270 eiusdem
1766 4210 2013 4286 originis
2060 4228 2187 4268 esse
2231 4229 2288 4267 v.
2323 4208 2443 4265 572

704 4317 803 4378 καὶ
847 4317 1141 4398 Σικυῶν’,
1187 4316 1294 4380 ’ὅθ’
1344 4316 1445 4400 ἄρ’
1485 4317 1809 4397 ’Ἄδρηστος
1852 4313 2031 4394 πρῶτ’
2086 4315 2488 4395 ἐμβασίλευεν,

450 4433 512 4490 111
557 4450 676 4507 quo
721 4436 782 4491 et
826 4430 1189 4508 Sicyonis
1233 4451 1453 4493 nomen
1497 4431 1746 4490 offendit
1788 4432 2023 4489 tantum
2076 4429 2142 4486 Ψ
2182 4430 2302 4488 299
2351 4428 2626 4498 obvium,
2673 4444 2788 4500 pro
