3132 5129
1317 262 1731 326 „72-

355 422 425 481 αἷ
463 418 677 498 φρένες
724 428 844 479 τῶν
888 416 1044 479 νέων
1072 415 1422 499 κρέμανται,
1468 413 1649 478 οὐδὲν
1679 415 1852 491 ξένον
1879 413 2192 498 ἁμάρτημα
2222 413 2687 493 πεποιήκασιν.“

358 508 756 571 Proverbialis
802 510 893 565 est
937 506 1239 565 sententia
1282 506 1354 563 de
1401 505 1714 564 temeraria
1758 506 2227 566 adolescentium
2259 506 2480 566 ferocia
2507 508 2688 581 atque

357 594 785 667 circumspecta
830 610 1037 650 senum
1082 591 1394 665 sapientia,
1444 609 1595 665 quae
1641 590 1940 649 sententia
1981 609 2093 651 nec
2137 592 2377 650 omnino
2421 591 2517 651 hic
2545 609 2688 666 qua-

359 678 511 749 drat,
562 677 664 735 ubi
710 677 911 751 potius
956 676 1055 751 pia
1098 675 1318 733 Priami
1366 674 1514 734 fides
1559 676 1739 733 tacite
1785 674 2043 733 filiorum
2087 676 2460 751 improbitati
2506 680 2690 751 atque

359 762 639 838 perfidiae
684 761 1019 837 opponitur,
1068 763 1128 818 et
1169 760 1368 820 verbis
1413 760 1637 835 partim
1682 763 1965 835 concepta
2007 764 2101 820 est
2142 780 2260 819 non
2292 762 2438 820 satis
2468 760 2689 819 Home·

359 848 515 920 ricis,
564 849 631 904 ut
675 839 1029 921 ὁπλοτέρων,
1076 845 1149 903 de
1195 863 1310 920 quo
1355 846 1472 903 iam
1503 844 1872 904 Aristarchei
1916 849 2275 906 monuerunt
2302 841 2453 926 (vid.
2478 845 2688 904 Lehrs.

361 933 433 990 de
477 931 663 989 Arist.
711 931 912 989 studd.
958 929 1199 989 Homm.
1245 950 1304 1005 p.
1357 926 1535 1006 183),
1594 931 1655 988 et
1706 922 2089 1005 ἠερέθονται,
2154 930 2311 1006 quod
2370 930 2517 989 alibi
2569 949 2691 989 non

362 1016 580 1075 dicitur
630 1016 747 1074 nisi
805 1016 878 1074 de
932 1034 995 1073 re
1056 1033 1344 1114 corporea
1383 1015 1428 1071 Β
1474 1015 1617 1072 448.
1679 1014 1736 1071 Φ
1787 1016 1884 1071 12.
1976 1014 2194 1074 Contra
2250 1016 2322 1073 ad
2383 1015 2693 1090 sequentia

359 1102 624 1201 proxime
668 1100 958 1159 accedunt
1002 1101 1061 1155 A
1106 1100 1227 1157 343
1275 1090 1416 1156 οὐδέ
1462 1119 1514 1155 τι
1558 1089 1681 1155 οἶδε
1729 1094 1999 1174 νοῆσαι
2042 1121 2184 1174 αμα
2230 1096 2528 1176 πρόσσω
2571 1095 2695 1156 καὶ

361 1179 653 1250 ὀπίσσω
698 1187 767 1242 et
809 1186 869 1240 Σ
905 1186 1030 1244 250
1081 1177 1115 1241 ὁ
1170 1181 1283 1261 γὰρ
1326 1173 1448 1252 οἶος
1492 1178 1603 1260 ὅρα
1646 1175 1941 1257 πρόσσω
1985 1185 2108 1241 καὶ
2162 1177 2473 1259 ὀπίσσω,
2531 1183 2692 1259 quod

362 1271 542 1329 etiam
588 1270 651 1327 in
697 1290 743 1326 ω
773 1271 894 1327 452
943 1269 1202 1328 transiit.
1270 1269 1363 1326 Ad
1411 1268 1559 1326 hanc
1604 1287 1746 1326 vero
1792 1272 1853 1327 et
1897 1269 2203 1344 praeteriti
2236 1271 2299 1356 et
2327 1269 2514 1327 futuri
2546 1272 2693 1327 tem-

361 1355 522 1431 poris
577 1354 957 1414 intuitionem
1017 1353 1165 1411 illud
1222 1346 1350 1428 μετ’
1397 1345 1776 1428 ἀμφοτέροισι
1828 1354 2126 1427 pertinere
2178 1349 2295 1411 iam
2342 1353 2692 1413 scholiastae

365 1439 808 1512 intellexerunt,
857 1458 990 1497 cum
1035 1438 1087 1497 is
1131 1439 1233 1514 qui
1278 1437 1473 1496 locum
1518 1456 1886 1495 communem
1933 1438 2162 1513 primus
2194 1438 2433 1497 infersit
2458 1439 2558 1496 vix
2588 1437 2693 1494 du·

364 1525 543 1583 bitari
587 1524 784 1598 possit
827 1522 971 1598 quin
1017 1541 1085 1581 eo
1130 1541 1306 1581 sensu
1352 1522 1683 1596 sumpserit
1725 1541 1843 1596 quo
1878 1523 2046 1581 Γ85.
2080 1523 2223 1580 321.
2262 1526 2315 1579 Δ
2349 1524 2445 1581 16.
2480 1524 2579 1584 38.
2613 1523 2693 1580 83

362 1610 605 1684 legitur.
700 1606 1017 1666 Consentit
1058 1606 1401 1666 Nitzschius
1445 1606 1483 1663 l.
1531 1626 1578 1668 c.
1622 1627 1680 1681 p.
1715 1607 1857 1664 337.

536 1692 691 1750 Τιιιιι
738 1693 916 1750 etiam
954 1693 1006 1746 Δ
1038 1693 1116 1749 55
1164 1693 1224 1750 et
1270 1692 1348 1749 56
1394 1709 1528 1750 cum
1576 1692 1917 1751 Aristarcho
1961 1692 2307 1751 removendi
2352 1694 2579 1767 sunt„
2586 1686 2697 1761 ,du

366 1775 475 1853 τὴν
517 1797 690 1854 χαριν
733 1763 1131 1841 ἆναλύουσιν,
1189 1773 1243 1834 εἰ
1293 1796 1393 1833 και
1435 1773 1517 1851 μὴ
1562 1773 1916 1851 προδεηθεὶς
1963 1771 2219 1833 δύναται
2263 1770 2424 1833 τοῦτ’
2474 1772 2644 1851 ἔχειν
2651 1776 2693 1810 “

367 1864 542 1921 Patet
572 1861 1001 1920 diasceuastam
1032 1862 1123 1919 his
1171 1860 1438 1920 versibus
1484 1861 1704 1919 inferre
1748 1861 2007 1921 voluisse
2052 1881 2182 1919 eam
2226 1861 2474 1921 Iunonis
2521 1861 2694 1920 oboe-

365 1947 651 2005 dientiam
697 1946 1085 2021 impotentiae
1129 1946 1478 2004 necessitate
1510 1945 1856 2016 iniunctam,
1905 1965 2083 2021 quam
2114 1947 2174 2004 in
2205 1946 2487 2019 secunde,
2535 1946 2697 2022 quod

365 2033 668 2090 Precum
711 2031 951 2088 nomine
1008 2030 1455 2102 constituimuS,
1516 2029 1774 2089 carmine
1829 2031 2022 2088 Deum
2068 2034 2239 2105 pater
2282 2034 2464 2106 atque
2509 2031 2696 2090 homi-

365 2135 510 2175 num
577 2134 677 2172 rex
733 2114 898 2173 uxori
955 2115 1284 2190 refraganti
1340 2118 1461 2172 tam
1519 2115 1783 2190 graviter
1841 2116 2233 2174 commendat.
2331 2115 2443 2173 Sed
2504 2134 2696 2190 neque

366 2201 466 2258 ille
511 2218 619 2259 nec
666 2199 906 2258 unitarii
952 2198 1141 2258 nostri
1185 2198 1467 2257 viderunt
1511 2218 1755 2273 prorsus
1800 2199 1975 2257 aliam
2023 2218 2152 2258 esse
2197 2200 2494 2259 innostro
2519 2204 2696 2275 atque

369 2286 430 2344 in
463 2285 567 2343 illo
613 2287 883 2359 poemate
928 2284 1130 2343 Iovem
1174 2283 1330 2342 inter
1375 2285 1556 2359 atque
1602 2284 1891 2342 Iunonem
1936 2285 2223 2345 consortii
2267 2284 2696 2343 condicionem.

370 2370 493 2428 Nec
536 2370 857 2429 verborum
903 2368 1111 2428 electio
1141 2368 1555 2443 interpolatori
1585 2387 1864 2443 prospere
1897 2369 2090 2443 cessit,
2137 2369 2431 2512 imprimis
2463 2369 2698 2444 repetiti

368 2449 616 2529 φθονέω
650 2486 723 2494 -
762 2447 1122 2528 φθονέουσ.

539 2538 848 2598 Postremo
893 2539 956 2597 in
986 2538 1452 2615 Agamemnonis
1500 2537 1768 2597 oratione
1799 2541 1936 2614 post
1970 2538 2086 2597 157
2121 2538 2269 2598 duas
2300 2557 2427 2599 esse
2458 2557 2701 2613 prorsus

370 2626 635 2684 diversas
680 2624 1074 2693 recensiones,
1123 2623 1376 2681 alteram
1420 2622 1669 2682 fiduciae
1716 2623 1776 2681 in
1822 2624 1966 2682 Iove
2010 2623 2257 2697 periurii
2304 2624 2501 2682 ultore
2544 2623 2702 2697 posi·⁴

369 2714 463 2768 tae
508 2708 746 2784 plenam
797 2710 1147 2782 158-170,
1198 2707 1450 2766 alteram
1494 2725 1614 2765 non
1661 2709 1856 2766 solum
1899 2708 1973 2765 de
2020 2708 2277 2766 Menelai
2321 2710 2447 2768 vita
2489 2707 2591 2767 sed
2627 2707 2701 2765 de

373 2794 557 2853 totius
597 2792 994 2867 expeditionis
1039 2794 1259 2852 eventu
1303 2791 1713 2866 desperantem
1763 2793 2124 2863 171-182,
2183 2796 2354 2852 acute
2400 2791 2707 2867 perspexit

375 2877 1011 2937 Friedlaenderus
1057 2877 1120 2935 in
1166 2876 1560 2952 philologo
1606 2876 1692 2934 IV
1724 2871 1949 2956 (1849)
1987 2897 2045 2952 p.
2084 2879 2313 2952 578sq.
2362 2878 2533 2936 Prior
2561 2895 2704 2937 vero

374 2963 654 3036 recensiO,
710 2981 888 3037 quam
933 2961 1178 3020 eandem
1223 2964 1285 3020 et
1329 2961 1731 3036 antiquiorem
1778 2962 2134 3036 putaverim,
2160 2961 2413 3038 ‘duobus
2458 2963 2704 3036 insuper

373 3048 519 3107 locis
564 3047 927 3123 interpolata
970 3049 1089 3105 est:
1135 3047 1371 3105 illatum
1432 3064 1560 3104 esse
1611 3047 1727 3105 159
1775 3066 1844 3105 ex
1892 3047 1941 3102 B
1975 3047 2092 3104 341
2144 3046 2261 3104 iam
2307 3066 2486 3122 supra
2529 3066 2589 3120 p.
2625 3047 2702 3103 71

374 3133 598 3203 monui,
644 3135 706 3189 et
751 3149 958 3190 versus
1002 3132 1425 3206 pulcherrimos
1463 3132 1812 3201 163-165,
1860 3132 2074 3205 quibus
2107 3130 2433 3190 Hectoreae
2470 3134 2707 3208 tragoe-

317 3224 345 3271 7
373 3216 502 3274 diae
542 3215 853 3290 fastigium
894 3216 1235 3274 continetur
1279 3216 1328 3271 Z
1351 3216 1708 3286 447-449,
1756 3215 1851 3275 hic
1891 3215 2402 3290 importunissime
2443 3215 2707 3277 intrusos

376 3319 504 3359 esse
556 3299 738 3358 semel
792 3301 1054 3360 monitus
1097 3319 1273 3359 nemo
1317 3299 1535 3358 infitias
1581 3300 1711 3358 ibit.
1786 3300 1933 3359 Eius
1981 3300 2463 3375 interpolationis
2508 3300 2709 3375 aliqua

378 3403 553 3444 causa
608 3383 788 3442 fuisse
834 3384 1072 3442 videtur
1115 3385 1177 3443 in
1223 3384 1538 3442 Homerico
1585 3385 1952 3443 coniunctivi
1978 3380 2365 3485 ἐπισσείῃσιν
2415 3386 2528 3442 167
2576 3403 2705 3456 usu,

379 3470 480 3574 qui
526 3469 956 3544 coniunctivuS,
1004 3469 1054 3526 si
1099 3468 1172 3526 ad
1217 3468 1365 3526 illud
1410 3463 1639 3526 ἔσσεται
1681 3459 1859 3566 ἦμαρ,
1903 3459 1993 3527 ὅτ’
2040 3492 2121 3528 αν
2149 3463 2283 3526 ποτ’
2318 3461 2506 3548 ὀλώλῃ
2523 3465 2704 3538 Ἴλιος

379 3548 476 3632 ἱρή
521 3555 891 3625 adnectatur,
938 3556 1302 3628 quantopere
1347 3552 1631 3628 langueat
1673 3555 1867 3629 quivis
1911 3553 2094 3614 videt.

549 3639 790 3698 Ceteros
835 3639 1026 3710 locos,
1076 3656 1225 3713 quos
1271 3637 1392 3696 suis
1438 3637 1769 3697 rationibus
1815 3639 2028 3698 ductus
2059 3658 2166 3715 pro
2197 3638 2418 3713 spuriis
2447 3637 2708 3697 Aristar·

380 3725 522 3782 chus
566 3723 775 3782 habuit
817 3755 900 3767 —
948 3724 1006 3779 Γ
1040 3724 1182 3782 352.
1231 3723 1586 3781 432-436.
1636 3726 1689 3779 Δ
1738 3725 1876 3786 117.
1930 3724 2070 3783 140.
2120 3725 2238 3782 149
2287 3755 2368 3763 -
2410 3723 2487 3781 ab
2529 3722 2708 3782 huius

381 3809 656 3870 carminis
702 3810 943 3867 auctore
989 3808 1282 3882 profectos
1326 3807 1604 3880 arbitror,
1651 3827 1829 3883 quam
1872 3811 2071 3866 tamen
2101 3808 2457 3867 sententiam
2499 3809 2710 3866 contra

380 3911 676 3952 summum
700 3891 1169 3950 Alexandrinum
1205 3891 1516 3950 defendere
1545 3911 1665 3951 non
1703 3897 1797 3952 est
1819 3894 1995 3951 huius
2018 3892 2152 3954 loci.
2217 3892 2332 3950 Sed
2356 3893 2545 3967 pluris
2569 3911 2707 3950 eum

382 3977 553 4049 facin,
586 3996 763 4051 quam
792 3979 861 4034 ut
883 3976 1063 4036 etiam
1086 3975 1308 4034 XXIII.
1340 3995 1546 4035 versus
1576 3977 1817 4053 ingenio
1843 3977 2021 4035 huius
2045 3976 2326 4036 carminis
2356 3977 2705 4036 convenien-

382 4062 643 4121 tissimos
678 4061 736 4116 Γ
745 4063 1080 4121 396-418
1114 4061 1238 4119 eius
1270 4060 1437 4119 obelo
1468 4064 1705 4120 notatos
1736 4061 2086 4134 existimem,
2118 4080 2264 4136 quos
2294 4062 2498 4136 potius
2523 4062 2708 4120 Zeno·

386 4146 515 4204 doti
539 4145 1011 4205 dubitationibus
1042 4146 1264 4222 petitos
1295 4164 1418 4205 esse
1450 4149 1804 4222 argumenta
1830 4146 2082 4222 probare
2111 4146 2392 4206 videntur
2418 4146 2577 4204 haud
2608 4146 2708 4204 ab·

386 4229 603 4289 similia
633 4229 723 4304 iis,
755 4230 971 4304 quibus
1003 4250 1144 4290 usus
1174 4230 1333 4289 idem
1357 4231 1537 4289 etiam
1560 4232 1960 4289 Γ423-426
1987 4231 2291 4291 damnavit
2312 4235 2373 4291 et
2392 4231 2456 4288 A
2476 4232 2556 4290 88
2583 4249 2708 4288 cor-

384 4319 563 4389 rupta
591 4314 856 4374 clausula
886 4315 948 4373 in
980 4306 1149 4394 εὗρε
1181 4314 1217 4372 ὃ
1232 4310 1257 4374 ὲ
1288 4312 1511 4374 τόνδε
1541 4319 1887 4392 sequentem
1918 4335 2155 4377 versum
2187 4335 2430 4392 prorsus
2466 4314 2707 4376 delevit.
