3132 5129
366 2476 426 2523 12

1402 360 1863 424 „160-

465 519 535 577 in
597 517 1110 577 Aristoniceis
1164 537 1220 593 p.
1257 519 1333 575 18
1402 516 1806 576 consentiente
1866 515 2245 590 Henningsio'
2309 515 2368 574 in
2434 515 2809 573 Telemachia

466 624 522 677 p.
562 605 708 678 149,
768 603 884 660 iam
940 602 1110 659 unice
1166 605 1391 660 rectum
1450 601 1826 661 restituimus
1883 603 2312 660 sententiarum
2369 603 2631 658 tenorem
2687 600 2807 657 levi

465 707 606 746 sane
664 688 764 746 sed
821 688 976 745 iusta
1031 686 1405 745 anacoluthia
1461 687 1647 746 illata.
1736 686 1862 744 Hac
1905 687 2064 744 enim
2109 688 2341 744 remota
2383 684 2457 742 ad
2500 685 2807 780 vulgarem

464 772 954 832 consuetudinem
1011 772 1415 831 membrorum
1472 771 1613 830 inde
1669 791 1703 829 a
1747 791 1803 830 v.
1840 772 1916 829 16
1965 789 2150 845 usque
2196 771 2269 829 ad
2314 790 2369 830 v.
2407 771 2483 827 27
2531 771 2805 827 conexio-

464 877 601 916 nem
630 858 742 916 hoc
772 856 946 916 modo
979 855 1360 916 indicaveriS.
1406 843 1538 917 ἄλλ’
1584 847 1678 912 ὅτε
1722 845 1794 932 δὴ
1840 850 1966 923 ἔτος
2008 845 2164 930 ἦλθε
2196 890 2299 929 -—-,
2344 861 2423 936 τῷ
2465 852 2529 910 οἵ
2550 847 2807 910 ἐπεκλώ·

464 958 641 999 σαντο
683 937 816 998 θεοὶ
862 932 1102 997 οἶκόνδε
1131 937 1375 1000 νέεσθαι
1419 930 1599 1014 νόσφι
1641 932 2059 1009 Ποσειδάωνος
2102 939 2232 996 τοῦ
2274 915 2576 1036 ἀσπερχὲς
2603 958 2812 1012 μενε-

463 1025 841 1098 αίνοντος,
910 1015 1126 1095 οὗτος
1180 1020 1311 1104 μὲν
1371 1024 1677 1095 Αἰθίοπας
1731 1022 2046 1120 μετεκίαθε
2106 1057 2219 1100 —-,
2277 1023 2342 1082 οἵ
2391 1020 2451 1080 δὲ
2508 1013 2584 1099 δὴ
2640 1015 2809 1080 αλλοι

466 1101 656 1186 Ζηνὸς
701 1108 790 1169 ἐνὶ
831 1106 1174 1189 μεγάροισιν
1211 1105 1535 1187 Ὀλυμπίου
1580 1101 1805 1184 ἀθρόοι
1846 1091 2018 1187 ἦσαν.

634 1196 786 1255 Tum
830 1216 887 1256 v.
923 1198 1084 1255 29—
1094 1199 1168 1255 31
1221 1217 1289 1256 ex
1335 1195 1372 1253 δ
1408 1196 1739 1255 187-189

767 1305 1034 1414 μνήσατο
1077 1334 1188 1393 γαρ
1234 1335 1383 1371 κατα
1427 1303 1633 1390 θυμὸν
1675 1301 1978 1415 ἆμυμονος
2015 1305 2398 1390 Ἀντιλόχοιο,

766 1393 868 1458 τόν
913 1395 970 1472 ῥ’
1012 1391 1191 1469 Ἠοῦς
1235 1396 1454 1457 ἔκτεινε
1497 1397 1753 1474 φαεινῆς
1798 1391 2035 1501 ἀγλαὸς
2062 1391 2220 1470 υἱός·

771 1485 875 1543 τοῦ
922 1506 952 1541 ο
998 1480 1059 1561 γ’
1110 1479 1500 1560 ἐπιμνησθεὶς
1546 1480 1686 1542 ἔπεα
1730 1476 2035 1561 πτερόεντ’
2082 1477 2373 1564 ἀγόρευεν

466 1624 618 1682 male
689 1622 803 1680 huc
877 1621 1139 1681 intrusos
1212 1641 1338 1681 esse
1409 1623 1682 1679 accurate
1757 1620 2192 1681 demonstravit
2265 1620 2581 1697 Hennings
2656 1620 2699 1683 l.
2761 1639 2815 1683 c.

634 1792 718 1850 Ut
771 1811 841 1850 ex
899 1790 1130 1850 duobus
1189 1791 1430 1849 deorum
1489 1790 1784 1863 conciliiS,
1851 1809 2002 1865 quae
2067 1790 2245 1865 primi
2301 1793 2363 1849 et
2417 1791 2611 1865 quinti
2668 1788 2813 1848 libri

464 1877 654 1937 initiis
709 1876 1118 1950 continentur,
1177 1896 1361 1934 unum
1422 1877 1702 1949 facerem,
1762 1877 1855 1933 tot
1913 1878 2227 1950 tantosque
2286 1875 2468 1934 habui
2512 1879 2811 1949 auctores,

464 1967 534 2021 ut
576 1981 677 2020 eos
722 1962 991 2038 singulos
1036 1979 1379 2020 enumerare
1422 1979 1609 2037 paene
1655 1961 1987 2019 taediosum
2019 1961 2118 2019 sit.
2193 1960 2284 2018 Ex
2317 1962 2533 2035 quibus
2565 1960 2813 2019 honoris

463 2048 658 2123 gratia
702 2047 961 2120 primum
1006 2045 1508 2105 Godofredum
1553 2045 2079 2119 Hermannum,
2126 2045 2292 2104 cuius
2324 2045 2438 2104 viri
2477 2064 2811 2120 numquam

462 2134 637 2209 grata
666 2151 736 2189 ex
766 2132 962 2189 animo
994 2149 1123 2190 meo
1170 2130 1432 2189 discedet
1475 2131 1788 2204 memoria,
1836 2129 2139 2188 nominare
2183 2129 2379 2204 iuvat,
2428 2131 2595 2189 cuius
2627 2130 2813 2188 verba

462 2218 526 2275 in
583 2217 801 2274 litteris
858 2216 980 2275 illis
1024 2236 1080 2277 a.
1118 2217 1274 2274 1841
1336 2215 1410 2273 ad
1464 2214 1804 2273 Bekkerum
1859 2214 2014 2272 datis
2068 2215 2210 2273 haec
2268 2219 2411 2273 suut
2465 2210 2567 2293 [cf.
2614 2214 2809 2271 Bekk.

462 2303 503 2360 1.
538 2303 577 2359 l.
610 2322 670 2376 p.
700 2302 819 2360 637
846 2297 1088 2379 not.]:‚
1092 2301 1225 2368 ,Die
1254 2301 1365 2360 alte
1397 2297 1640 2374 Οά3]εεεε
1666 2301 1820 2358 hatte
1848 2300 1995 2357 wohl
2025 2300 2171 2358 bloss
2199 2302 2313 2359 den
2339 2300 2811 2374 anyektindiyien

465 2378 682 2443 νόστον
718 2379 1035 2459 Ὀδυσσῆος
1078 2404 1213 2445 eum
1255 2386 1492 2454 inhalte,
1537 2385 1665 2443 und
1702 2386 1829 2459 βαρ
1872 2385 1974 2442 der
2014 2386 2180 2444 sache
2223 2385 2379 2443 nach
2421 2387 2525 2443 mit
2570 2383 2663 2452 Vl
2703 2403 2809 2444 an.

467 2491 525 2530 es
579 2473 849 2531 scheincn
900 2472 1040 2531 aber
1091 2489 1202 2529 aus
1254 2471 1357 2529 der
1410 2471 1538 2529 dort
1593 2470 1995 2543 beyivmenden
2046 2471 2360 2544 einlcitunq
2413 2472 2539 2528 cine
2594 2488 2707 2527 an
2686 2470 2813 2526 olel

461 2576 620 2617 verse
672 2558 923 2617 hernach
978 2558 1046 2615 in
1099 2557 1207 2615 das
1263 2561 1406 2615 erstc
1461 2555 1606 2614 buch
1655 2559 1864 2629 yesetzt
1926 2572 2003 2614 zu
2054 2557 2198 2614 sein.
2298 2557 2456 2615 devm
2521 2556 2654 2614 sehr
2702 2559 2811 2631 yut

463 2644 705 2701 wil-rden
747 2642 1319 2715 zusammenkanqen
1374 2639 1430 2699 V
1452 2670 1603 2709 1-19,
1651 2640 1696 2697 I
1703 2677 1719 2690 .
1734 2670 1905 2709 5047,
1964 2638 2020 2698 V
2039 2671 2109 2709 21,
2153 2640 2393 2712 worauf
2424 2645 2564 2700 statt
2607 2639 2811 2709 Ῡῃ-ςπ

461 2728 730 2786 vielleicht
777 2728 924 2785 bloss
967 2719 1065 2780 ναὶ
1113 2723 1189 2801 δὴ
1235 2721 1424 2782 ταῦτά
1477 2744 1543 2801 γε
1600 2716 1831 2798 πάντα,
1884 2723 2082 2800 τέκος,
2140 2716 2291 2782 κατὰ
2346 2729 2563 2800 μοῖραν
2619 2721 2812 2794 ἔειπες

460 2811 649 2886 folqte,
679 2813 806 2870 und
835 2813 1002 2870 donn
1036 2809 1134 2878 Vm,
1177 2811 1269 2868 die
1297 2811 1612 2884 erzcihluny
1638 2813 1831 2868 weiter
1858 2809 2177 2884 fortyiny.“
2252 2810 2396 2869 Tria
2441 2813 2611 2885 sunt,
2658 2831 2811 2886 quae

464 2896 538 2953 de
567 2896 660 2955 his
689 2896 836 2953 mihi
865 2895 1163 2954 monenda
1193 2894 1494 2953 videntur.
1561 2897 1648 2952 Ac
1679 2895 1938 2969 primum
1968 2894 2207 2969 quidem
2242 2914 2362 2954 non
2410 2896 2537 2954 sine
2580 2896 2808 2971 gaudio

463 2999 593 3039 sero
649 2980 914 3039 intellexi
969 2981 1088 3038 iam
1141 2982 1280 3037 ante
1334 2979 1442 3038 hos
1490 2979 1708 3054 viginti
1763 2982 1949 3038 annos
2008 2980 2315 3055 egregium
2359 2984 2809 3055 praeceptorem

463 3066 585 3124 fere
631 3064 786 3123 idem
829 3065 1109 3140 antiquae
1151 3063 1450 3139 Odysseae
1497 3065 1693 3122 animo
1740 3064 2076 3138 concepisse
2120 3070 2576 3141 argumentum,
2627 3085 2809 3140 quam

465 3149 624 3226 quod
676 3168 838 3209 nunc
893 3169 1002 3225 ego
1058 3149 1289 3207 ambitu
1350 3149 1627 3208 carminis
1675 3148 1851 3205 simul
1896 3148 2194 3224 descripto
2239 3150 2514 3225 persequi
2559 3154 2811 3208 conatus

463 3254 612 3297 sum.
707 3234 778 3293 In
837 3234 1206 3310 designando
1264 3237 1460 3292 autem
1516 3233 1692 3291 huius
1748 3232 1924 3291 Nosti
1983 3234 2277 3308 principio
2332 3235 2548 3293 leviter
2605 3236 2811 3310 lapsus

464 3323 555 3378 est
599 3321 690 3379 vir
734 3338 1019 3394 summus,
1070 3318 1230 3395 quod
1275 3319 1501 3376 scilicet
1544 3318 1607 3375 in
1650 3316 1984 3374 litterarum
2030 3318 2594 3378 conscribendarum
2642 3320 2810 3379 sesti-

463 3404 702 3463 natione
747 3404 973 3462 nemini
1017 3423 1136 3462 non
1196 3403 1459 3461 accidere
1513 3403 1695 3475 solet,
1758 3402 2019 3477 primum
2075 3403 2233 3478 quod
2279 3409 2419 3479 post
2464 3423 2491 3462 ε
2525 3406 2602 3463 19
2650 3423 2812 3463 com·

467 3489 642 3547 mode
687 3489 858 3564 sequi
902 3488 1144 3563 scripsit
1186 3507 1224 3542 α
1257 3488 1366 3561 50,
1413 3487 1572 3563 quod
1617 3486 1745 3545 fieri
1791 3489 2032 3563 nequit:
2079 3489 2410 3563 scripturus
2445 3494 2570 3548 erat
2599 3490 2814 3565 procul

469 3573 652 3632 dubio
697 3594 736 3630 α
766 3575 876 3648 49,
923 3577 992 3632 ut
1035 3574 1156 3631 leni
1200 3573 1530 3631 mutatione
1575 3572 1718 3631 haec
1762 3572 1848 3630 ita
1893 3572 2303 3632 cohaererent.

595 3722 621 3756 ρ
661 3698 724 3747 18
771 3689 886 3749 νῦν
931 3681 1017 3750 av
1062 3684 1231 3749 παῖδ’
1279 3683 1590 3792 ἀγαπητὸν
1631 3676 1980 3748 αποκτεῖναι
2024 3708 2318 3787 μεμαασιν

766 3772 974 3833 οἴκαδε
1018 3770 1396 3851 νισσόμενον·
1443 3768 1474 3833 ὃ
1522 3768 1580 3831 δ’
1629 3770 1738 3852 ἔβη
1781 3773 1924 3849 μετὰ
1967 3765 2191 3849 πατρὸς
2234 3766 2468 3871 ἀκουὴν

596 3893 634 3926 α
670 3869 736 3918 49
782 3853 1151 3937 δυσμόρου,
1194 3881 1263 3931 ος
1310 3852 1386 3934 δη
1435 3850 1600 3936 δηθα
1644 3857 1836 3933 φίλων
1878 3854 2001 3917 όίπο
2045 3855 2288 3935 πήματα
2332 3876 2544 3937 πασχει

768 3941 931 4027 νήσῳ
978 3941 1044 4003 ἐν
1083 3939 1428 4025 ἀμφιρύτῃ,
1474 3938 1583 4003 ὅθι
1628 3936 1684 4000 τ’
1732 3936 1997 4021 ὀμφαλός
2041 3941 2159 4002 ἐστι
2201 3942 2533 4021 θαλάσσης.

462 4082 807 4143 Graviorem
855 4101 997 4140 vero
1043 4101 1305 4141 errorem
1347 4080 1645 4143 commisit
1688 4098 1787 4154 eo,
1845 4081 2004 4154 quod
2059 4083 2291 4142 reiectis
2336 4104 2377 4140 α
2413 4085 2567 4140 11-
2579 4085 2660 4142 48
2708 4102 2813 4159 po-

462 4166 581 4225 tius
632 4187 658 4223 ε
692 4168 896 4225 1-19
942 4185 1052 4242 pro
1097 4167 1373 4242 genuinis
1417 4167 1646 4226 habuit.
1731 4164 1877 4225 Vice
1922 4184 2094 4225 versa
2138 4169 2330 4225 totum
2377 4168 2627 4228 alterius
2672 4188 2814 4228 con·

463 4251 583 4308 cilii
643 4252 879 4310 initium
938 4271 1009 4309 ex
1077 4253 1329 4311 aliorum
1395 4252 1663 4310 locorum
1730 4250 1962 4309 laciniis
2031 4250 2246 4309 misere
2302 4256 2621 4312 consutum
2681 4273 2815 4313 esse

463 4339 731 4393 accurate
802 4335 1237 4395 demonstravit
1292 4335 1607 4395 Carolus
1662 4332 2294 4394 Schmitt-Blank
2364 4339 2426 4396 in
2490 4337 2808 4413 singulari,

463 4439 640 4495 quam
693 4439 746 4477 a.
786 4420 943 4477 1852
990 4420 1312 4496 Friburgae
1369 4421 1581 4494 edidit,
1642 4419 1753 4496 „de
1811 4420 2069 4480 secundo
2125 4420 2188 4479 in
2244 4420 2513 4497 Odyssea
2559 4423 2813 4482 deorum
