3132 5129
1248 385 1707 449 -173—

516 561 576 599 m
705 536 1024 616 „mlum-s,
1073 536 1368 640 Φαιήκων
1409 535 1693 620 ἡγήτορες
1734 535 1841 618 ἠδὲ
1883 536 2194 619 μέδοντες,
2417 553 2654 602 97=536

619 620 964 703 Δημόδοκος
1011 621 1068 682 δ’
1115 618 1232 704 ἤδη
1278 624 1542 722 σχεθέτω
1587 624 1896 729 φόρμνγγα
1929 626 2184 731 λίγειαν·
2553 639 2651 687 537

609 705 682 770 οὐ
725 709 839 789 γάρ
860 732 974 809 rum
1018 707 1300 770 πάντεσσι
1345 704 1717 810 χαριζόμενος
1762 705 1896 770 τάδ’
1945 706 2147 772 ἀείδει.

517 817 576 854 ιιι
706 793 766 868 ἐξ
810 815 882 854 ου
925 792 1251 874 δορπέομέν
1295 818 1353 856 τε
1398 794 1499 855 καὶ
1540 788 1721 875 ὠρορε
1765 800 1936 868 θεῖος
1980 792 2216 873 ἀοιδός,

612 877 676 939 ἐκ
721 888 827 940 τοῦ
874 875 933 937 δ’
982 875 1057 941 οὗ
1097 902 1192 941 πω
1235 874 1497 940 παύσατ’
1548 876 1803 956 ὀιζυροῖο
1846 876 2009 984 γόοιο
2551 893 2653 940 540

608 957 640 1024 ὃ
685 967 905 1038 ξεῖνος·
949 960 1103 1064 μάλα
1146 961 1266 1025 πού
1306 989 1412 1045 μιν
1453 987 1599 1043 αχος
1644 962 1869 1064 φρένας
1912 961 2346 1046 αμφιβέβηκεν.

517 1073 576 1111 m
704 1042 833 1109 ἀλλ’
882 1047 985 1130 oey'
1032 1041 1065 1109 ὃ
1105 1047 1219 1128 μὲν
1263 1047 1557 1128 σχεθέτω,
1606 1043 1689 1110 ιν’
1741 1045 1899 1129 ὁμῶς
1945 1051 2298 1150 τερπώμεθα
2341 1073 2593 1130 παντες,

608 1132 934 1207 ξεινοδόκοι
979 1134 1081 1195 καὶ
1125 1139 1348 1211 ξεῖνος,
1396 1133 1522 1195 ἐπεὶ
1561 1128 1719 1194 πολυ
1762 1132 2002 1195 κάλλιον
2036 1129 2261 1209 οὕτως·

610 1218 808 1279 εινεκα
852 1219 966 1300 γὰρ
1011 1220 1227 1295 ξείνοιο
1271 1216 1404 1280 τάδ’
1452 1220 1702 1280 αἰδοίοιο
1748 1217 2030 1281 τέτυκται.

714 1309 792 1388 τῷ
843 1304 952 1366 νῦν
991 1302 1139 1385 μηδὲ
1183 1304 1260 1365 σὺ
1306 1309 1494 1365 κεῦθε
1546 1302 1801 1382 νοήμασι
1842 1304 2277 1385 κερδαλέοισιν,
2549 1319 2649 1368 548

610 1411 730 1448 οττι
774 1389 841 1450 κέ
883 1381 946 1449 σ’
993 1390 1274 1470 εἴρωμαι·
1321 1384 1564 1467 φάσθαι
1609 1387 1674 1449 δέ
1718 1407 1782 1449 σε
1825 1386 2069 1452 κάλλιόν
2112 1390 2287 1452 ἔστιν

476 1474 565 1534 ω*

610 1557 778 1619 αλλοι
819 1551 889 1619 θ
940 1562 1002 1621 οι
1038 1556 1186 1620 κατὰ
1229 1579 1382 1620 αστυ
1427 1560 1529 1621 καὶ
1571 1560 1633 1618 οἳ
1674 1579 2211 1641 περιναιεταουσιν·

610 1642 734 1705 εἰπὲ
781 1643 847 1705 δέ
888 1667 989 1724 μοι
1030 1638 1212 1725 γαῖάν
1256 1669 1314 1706 τε
1361 1643 1502 1722 τεὴν
1545 1642 1745 1722 δῆμόν
1790 1668 1847 1705 τε
1891 1643 2067 1708 πόλιν
2110 1663 2199 1708 τε·
2548 1658 2648 1705 555

711 1735 835 1789 εἰπέ
881 1737 941 1788 δ
985 1738 1099 1804 ὅπῃ
1143 1730 1458 1830 πλάγχθης
1503 1753 1561 1791 τε
1607 1730 1707 1791 καὶ
1749 1754 1823 1802 ας
1868 1755 2033 1805 τινας
2078 1731 2207 1794 ικεο
2249 1731 2441 1813 χώρας
2548 1743 2648 1790 573

607 1809 978 1894 ἀνθρώπων,
1022 1811 1242 1887 αὐτούς
1287 1837 1346 1874 τε
1389 1814 1602 1889 πόλιας
1647 1812 1701 1875 τ’
1751 1809 1820 1877 εὖ
1865 1834 2247 1891 ναιεταωσας.

608 1896 737 1960 εἰπέ
780 1896 865 1978 δ’,
910 1899 944 1960 8
990 1923 1044 1960 τι
1087 1901 1309 1973 κλαίεις
1354 1899 1455 1960 καὶ
1502 1896 1742 1981 ὀδύρεαι
1788 1900 1998 1962 ἔνδοθι
2042 1903 2249 1986 θυμῷ.
2548 1913 2647 1960 577

476 1730 566 1791 ω*

473 2072 546 2131 In
600 2072 765 2147 hac,
831 2092 1009 2148 quam
1064 2073 1241 2132 modo
1296 2073 1611 2148 descripsi,
1675 2073 2075 2150 rhapsodia
2130 2074 2494 2134 restituenda
2550 2075 2649 2132 vix

305 2176 517 2217 vereor
560 2176 636 2216 ne
680 2158 814 2232 quis
859 2162 1200 2217 nostrorum
1249 2158 1425 2216 nimis
1470 2158 1751 2216 audacem
1796 2162 1900 2217 aut
1928 2161 2309 2218 temerarium
2339 2180 2432 2218 me
2464 2159 2649 2218 fuisse

304 2246 611 2318 coarguat,
657 2244 957 2317 quoniam,
1000 2243 1243 2318 quantis
1288 2243 1702 2318 discrepantiis
1747 2246 1926 2319 atque
1972 2244 2427 2303 difficultatibus
2473 2244 2649 2302 hodie

302 2328 412 2403 qui
455 2327 732 2385 feruntur
773 2326 913 2386 libri
960 2329 1247 2403 septimus
1292 2331 1355 2385 et
1400 2332 1644 2387 octavus
1667 2329 1989 2404 ‚laborent,
2037 2348 2170 2388 cum
2214 2330 2289 2388 ab
2333 2329 2465 2388 aliis
2510 2329 2646 2404 iam,

299 2417 433 2470 tum
476 2411 727 2470 maxime
774 2412 848 2470 ab
890 2412 1339 2471 Heerklotio
1384 2412 1445 2470 in
1488 2412 1924 2487 dissertatione,
1972 2416 2065 2472 cui
2108 2412 2353 2472 emissae
2394 2433 2445 2473 a.
2482 2413 2643 2470 1854

297 2497 824 2572 „Betracktwnyen
864 2498 1011 2556 {lber
1051 2499 1142 2556 die
1189 2495 1473 2576 odyssae“
1517 2498 1763 2556 titulum
1810 2498 1967 2574 fecit,
2014 2519 2072 2574 p.
2108 2499 2188 2557 28
2213 2517 2341 2574 sqq.
2387 2502 2450 2556 et
2479 2518 2540 2574 p.
2569 2500 2646 2556 79

297 2603 434 2658 sqq.
481 2585 661 2657 atque
716 2584 791 2642 ab
847 2584 1183 2658 Augusto
1239 2583 1509 2642 Iacobo
1564 2584 1624 2640 in
1683 2584 1867 2658 libro,
1930 2602 2107 2658 quem
2169 2584 2282 2659 „de
2336 2583 2539 2642 Iliadis
2585 2590 2649 2641 et

299 2666 609 2743 Odysseae
653 2667 924 2745 origine“
968 2668 1284 2727 vernacule
1343 2668 1632 2742 scriptum
1677 2687 1731 2727 a.
1782 2670 1943 2728 1856
1990 2669 2205 2743 edidit,
2264 2690 2321 2744 p.
2370 2670 2492 2727 398
2517 2687 2645 2742 sqq.

298 2753 454 2812 satis
510 2770 806 2828 superque
858 2752 1327 2820 demonstratum
1384 2771 1514 2811 esse
1569 2753 1824 2812 videtur.
1926 2753 2021 2811 Ad
2079 2771 2328 2828 quorum
2384 2755 2648 2813 virorum

300 2836 714 2896 dubitationes
760 2857 890 2913 eos,
949 2839 1049 2913 qui
1107 2838 1180 2895 ab
1227 2838 1358 2896 aliis
1404 2837 1631 2896 discere
1675 2857 1852 2912 quam
1895 2839 2010 2912 ipsi
2055 2840 2354 2913 inquirere
2396 2838 2646 2912 malunt,

297 2922 357 2982 si
391 2921 761 2997 ablegavero,
809 2941 917 2981 nec
961 2922 1071 2981 hoc
1114 2922 1259 2980 mihi
1288 2921 1616 2982 verendum
1661 2922 1936 2996 arbitror,
1983 2942 2057 2981 ne
2101 2925 2235 2997 quis
2264 2940 2648 2998 quaecunque

298 3006 383 3064 ab
426 3005 551 3064 illis
593 3025 700 3081 per
743 3010 1004 3066 saturam
1061 3007 1446 3081 proferuntur
1500 3005 1658 3065 levia
1715 3008 1935 3081 partim
1990 3008 2205 3083 partim
2249 3012 2452 3082 aperte
2499 3008 2649 3065 falsa

304 3110 345 3149 a
388 3109 483 3148 me
528 3110 649 3150 uno
693 3092 948 3152 adsensu
994 3092 1234 3166 probari
1282 3091 1396 3150 sibi
1441 3090 1649 3150 aliisve
1693 3111 2039 3166 persuasum
2085 3096 2198 3151 eat.
2260 3091 2483 3149 Verum
2514 3111 2646 3151 cum

303 3174 430 3233 illis
461 3175 735 3234 altercari
780 3182 977 3252 atque,
1025 3175 1126 3233 ubi
1170 3176 1346 3235 nimis
1376 3175 1641 3235 acuendo
1671 3176 1859 3235 aciem
1891 3176 2196 3252 fregerint,
2244 3177 2649 3236 demonstrare

299 3279 415 3319 nec
457 3264 697 3336 gratum
742 3280 850 3320 nec
906 3262 1236 3336 gratiosum
1279 3260 1631 3335 videbatur,
1687 3263 2083 3320 necessarium
2127 3280 2269 3321 vero
2315 3280 2384 3320 eo
2430 3261 2644 3335 minuS,

303 3363 426 3420 quo
475 3345 734 3419 faciliuS,
782 3346 884 3403 ubi
931 3345 1266 3405 Heerklotii
1311 3350 1490 3420 atque
1534 3344 1734 3404 Iacobi
1781 3345 2015 3407 iudiciis
2062 3351 2166 3405 aut
2195 3346 2648 3421 subscripserim

302 3435 412 3487 aut
439 3430 774 3506 refragatus
820 3432 948 3505 sim,
996 3450 1062 3488 ex
1109 3431 1237 3505 ipso
1284 3430 1407 3505 illo,
1454 3430 1627 3505 quale
1674 3431 1986 3490 restituere
2030 3436 2279 3490 conatus
2324 3451 2473 3505 sum,
2520 3449 2645 3488 car·

306 3516 471 3573 mine
515 3515 792 3591 cognosci
837 3520 1052 3591 potest.

478 3599 573 3657 Ad
604 3599 664 3657 id
714 3599 904 3676 igitur
946 3600 1378 3659 restituendum
1423 3601 1677 3674 removi,
1724 3602 1794 3657 ut
1837 3620 1872 3657 a
1915 3600 2329 3659 maioribus
2373 3599 2644 3658 emble-

304 3685 530 3742 matis
561 3684 799 3743 initium
844 3686 1075 3760 faciam,
1120 3686 1383 3760 primum
1415 3703 1550 3743 cum
1579 3684 1948 3744 Kirchhoffio
1979 3704 2210 3744 omnem
2246 3687 2316 3743 de
2347 3685 2648 3744 Minervae

303 3773 488 3844 atque
533 3768 728 3828 Ulixis
783 3788 1107 3847 congressu
1161 3771 1594 3844 narrationem,
1658 3768 1730 3827 ad
1787 3788 1963 3843 quam
2006 3771 2346 3846 7118-42.
2393 3770 2641 3827 46-81

299 3854 629 3929 pertinent.
718 3854 845 3912 Iam
904 3873 1012 3930 per
1066 3873 1129 3913 se
1184 3855 1342 3913 enim
1395 3873 1645 3951 prorsus·
1696 3854 1907 3913 inutile
1965 3855 2108 3929 fuit,
2168 3859 2238 3912 ut
2297 3853 2500 3912 Ulixes
2545 3853 2646 3911 ille

300 3938 632 4015 prudentia
661 3941 822 3998 omni
851 3943 915 3998 et
957 3939 1179 3999 astutia
1222 3940 1393 3998 unice
1439 3938 1794 4013 conspicuus
1827 3940 2232 3998 sciscitaretur
2260 3939 2380 3997 alta
2409 3937 2645 3996 Alcinoi

303 4027 498 4097 tecta,
545 4041 698 4098 quae
743 4025 936 4084 scibat
979 4043 1049 4083 ex
1082 4023 1406 4082 Nausicaae
1452 4041 1721 4083 sermone
1766 4020 1899 4100 ῥεια
1943 4016 2238 4119 αρίγνωτα
2282 4043 2409 4082 esse
2453 4041 2647 4097 neque

303 4112 642 4167 ceterorum
672 4108 1001 4168 Phaeacum
1032 4109 1309 4168 domibus
1353 4109 1600 4183 similia,
1648 4107 1721 4165 ad
1765 4128 1915 4183 quae
1961 4109 2012 4167 si
2056 4104 2156 4167 καὶ
2197 4130 2278 4165 αν
2319 4102 2459 4177 πάις
2504 4101 2648 4185 ἡγή-

301 4208 470 4251 σαιτο
516 4184 763 4269 νήπιος,
820 4194 1136 4291 indignum
1192 4194 1464 4268 profecto
1519 4196 1653 4252 erat
1693 4192 1870 4252 heroe
1914 4194 2293 4269 sagacissimo
2336 4194 2495 4252 viam
2540 4212 2647 4251 sua

300 4279 574 4338 sollertia
616 4297 737 4337 non
781 4279 1102 4339 invenisse.
1179 4279 1261 4337 Et
1305 4279 1415 4337 dea
1457 4278 1584 4337 eius
1629 4279 1678 4336 si
1723 4279 1857 4352 ipsa
1900 4278 2320 4338 monstrandae
2353 4279 2481 4336 tiae
2524 4296 2646 4336 mo·

303 4364 543 4423 lestiam
573 4368 922 4439 susceptura
951 4367 1106 4437 erat,
1153 4364 1438 4421 miramur
1479 4362 1784 4438 profecto,
1831 4364 1990 4438 quod
2036 4364 2098 4422 in
2128 4363 2438 4422 excitanda
2467 4366 2647 4437 atque

298 4468 439 4508 cum
481 4449 665 4507 heroe
709 4449 1137 4507 committenda
1191 4448 1479 4507 Nausicaa
1536 4465 1772 4521 operam
1828 4448 2384 4523 perdidit:.quidni
2441 4449 2647 4507 statim

697 1464 820 1535 εἴπ’
870 1471 1070 1571 ὄνομ’,
1087 1473 1241 1536 ὄττι
1285 1492 1348 1536 σε
1394 1480 1559 1535 κεῖθι
1603 1471 1818 1535 κάλεον
1857 1474 2050 1574 μήτηρ
2092 1498 2150 1536 τε
2182 1473 2374 1556 πατήρ
2405 1499 2465 1537 τε
2550 1488 2652 1536 550

2686 1571 2752 1619 28
