3132 5129
1397 357 1853 420 —345-

453 516 742 584 oblatum,·
787 513 997 589 XXXI,
1045 516 1165 572 236
1192 534 1276 589 sq.
1321 513 1470 572 Iuno
1525 512 1978 591 indign-abunda
2023 513 2192 572 dicit·
2253 511 2441 571 δείδια
2494 509 2578 590 μὴ
2625 510 2797 589 μετὰ

453 600 675 675 γαῖαν
734 594 796 655 ἕν
851 560 1059 675 αἰθέρι
1102 631 1184 642 -
1227 594 1498 673 αμπελον
1544 630 1619 639 -
1669 593 1937 676 φυτεύσῃ
1999 595 2245 678 (Ζεύς)
2305 605 2618 673 postquam
2668 602 2801 659 vit-is

453 688 519 745 in
575 686 744 745 terris
797 690 927 744 orta
979 690 1030 743 et
1086 686 1241 744 culta
1295 690 1408 755 cst‚·
1465 682 1753 759 XXXIII,
1802 684 1922 742 255
1984 684 2295 743 Morrheus
2350 684 2567 760 InduS,
2626 684 2795 745 Chal-

454 771 730 829 comedac
775 788 972 829 amore
1019 771 1243 845 tactuS,
1292 769 1515 828 bellum
1562 769 1837 844 deponit:
1892 766 2141 844 Τμῶλον
2183 763 2339 844 ἔχειν
2383 764 2577 828 ἐθέλω
2619 790 2799 845 μετα

454 845 804 913 Καύκασο
830 873 888 919 νς
961 852 1215 927 XLVII,
1277 855 1397 911 545
1442 874 1530 928 sq
1593 853 1743 912 Iuno
1812 852 2095 913 Perseum
2162 854 2236 912 ad
2303 853 2527 912 bellum
2595 859 2800 914 contra

452 940 753 999 Bacchum
807 940 1108 998 hortatur:
1177 934 1258 1014 μὴ
1326 936 1539 1013 Δανάη
1597 929 1770 1011 μετὰ
1827 933 2121 1007 λέκτρα,
2186 934 2367 1009 μετὰ
2431 933 2794 1015 χρυσέους

453 1018 866 1100 ὑμεναίους
905 1025 915 1099 Ι
955 1057 1036 1068 --
1067 1021 1217 1100 γόνυ
1262 1021 1476 1081 δοῦλον
1500 1017 1915 1098 ὑπογνάμψειε
1948 1020 2193 1102 Λυαίῳ;
2244 1023 2389 1085 ibid.
2426 1026 2543 1084 704
2577 1020 2799 1096 αἰθέρα

458 1104 807 1167 ναιετάουσα
870 1129 1046 1184 μετα
1116 1104 1412 1186 Κρήτην
1471 1102 1782 1183 Ἀριαδνη,
1838 1114 2152 1183 postquam
2199 1108 2427 1168 Cretam
2485 1110 2801 1176 habitave't:

455 1195 737 1270 XLVIII,
785 1195 906 1254 976
940 1215 1028 1270 sq.
1076 1195 1149 1253 de
1203 1195 1438 1253 Baccho
1506 1194 1569 1253 in
1624 1194 1853 1252 caelum
1907 1197 2177 1291 recepto:
2244 1186 2561 1270 βροτέην
2624 1187 2798 1270 μετὰ

456 1278 708 1356 δαῖτα,
752 1300 923 1356 μετα
967 1276 1338 1356 προτέρην
1382 1276 1607 1377 χύσιν
1651 1276 1823 1336 οἴνου
1861 1275 1872 1359 Ι
1910 1265 2198 1351 ουροὶνιον
2226 1276 2321 1336 πίε
2357 1275 2584 1355 νέκταρ.
2671 1280 2796 1339 Hos

452 1366 614 1425 locos
660 1384 864 1424 omnes
908 1366 958 1423 si
1004 1365 1575 1439 comparaverimus,
1626 1364 1743 1422 iam
1788 1364 1849 1422 in
1893 1363 2102 1422 eodem
2148 1363 2350 1422 Nonni
2395 1364 2551 1423 libro
2595 1367 2794 1424 rectis-

454 1450 600 1510 sime
646 1450 760 1509 dici
805 1468 878 1507 ex
925 1449 1028 1507 illa
1073 1449 1312 1525 quidem
1361 1448 1789 1508 consuetudine
1833 1447 2147 1525 apparebit
2188 1469 2246 1508 v.
2297 1450 2417 1507 696

630 1564 732 1626 καὶ
774 1564 962 1664 μετὰ
995 1570 1217 1626 θεῖον
1259 1556 1554 1644 αγαλμα
1597 1562 1720 1624 καὶ
1765 1559 2254 1625 αυτοέλικτον
2298 1562 2668 1644 ἱμάσθλην

622 1651 885 1712 δείκελον
929 1640 1117 1730 αβρὸν
1148 1649 1409 1726 Ἔρωτος
1451 1645 1806 1726 άπηκόντιζε
1850 1649 2041 1731 κονίῃ.

453 1772 657 1832 Sermo
717 1776 806 1831 est
862 1772 933 1832 de
980 1773 1171 1847 Aura,
1217 1791 1369 1847 quae
1414 1772 1621 1831 doloso
1668 1770 1881 1830 Bacchi
1928 1770 2244 1829 concubitu
2290 1772 2499 1831 vitiata
2542 1771 2793 1832 Veneris

454 1861 712 1917 statuam
747 1856 1069 1916 furibunda
1100 1858 1337 1933 cingulo
1367 1876 1475 1917 suo
1506 1856 1930 1933 flagellaverat,
1980 1858 2154 1931 atque
2178 1856 2241 1914 in
2272 1875 2434 1915 mare
2480 1857 2791 1916 deiecerat.

452 1942 664 2017 Itaque
710 1941 807 2001 hic
850 1943 943 2001 est
987 1961 1224 2002 sensus:
1279 1948 1409 2016 post
1452 1942 1615 2001 Deae
1657 1946 1915 2002 statuam
1957 1942 2108 1999 male
2150 1945 2460 2001 tractatam
2503 1947 2553 2001 cl
2592 1945 2790 2018 βαρεί-

451 2029 572 2085 lum
617 2046 685 2085 ex
728 2029 956 2103 cinyulo
1000 2032 1213 2087 tortum
1244 2030 1354 2089 etc.
1446 2027 1673 2103 Restat,
1723 2030 1787 2085 ut
1833 2044 2013 2084 unum
2061 2045 2356 2100 apponam
2400 2048 2469 2084 ex
2517 2027 2791 2103 Oppiano

452 2112 812 2188 Cyncgetico
856 2113 1051 2171 locum
1096 2112 1205 2188 ΠΙ,
1242 2113 1361 2170 249
1394 2131 1517 2187 sq.,
1568 2130 1705 2187 quo,
1753 2110 1854 2169 ubi
1886 2111 1957 2169 de
1991 2111 2230 2187 onagris
2259 2114 2548 2188 exposuit,
2595 2113 2793 2188 pullos

450 2217 644 2256 mares
703 2216 907 2257 recens
970 2200 1142 2256 natos
1202 2216 1400 2256 morsu
1456 2196 1886 2272 castrantibus,
1943 2197 2128 2255 zelum
2183 2196 2388 2256 multis
2451 2199 2651 2257 verbis
2695 2200 2791 2257 dc-

451 2284 732 2341 testatur:

752 2394 876 2459 άλλ’
925 2397 1112 2476 ἔμπης
1158 2393 1334 2475 μετὰ
1381 2397 1627 2473 φῦλον
1673 2394 2012 2475 ε’φημερίων
2055 2392 2383 2475 άλεγεινῶν

752 2482 937 2563 θηρσὶ
989 2483 1306 2561 Θυεστείην
1350 2478 1533 2558 ὀλοὴν
1580 2480 1893 2558 παρέθηκε
1942 2479 2252 2563 τράπεζαν.

449 2606 618 2666 Alios
662 2627 694 2666 e
739 2607 1060 2667 serioribus
1117 2606 1399 2683 prosaicis
1442 2606 1603 2665 locos
1650 2605 1853 2664 attulit
1897 2603 2232 2664 Lobeckius
2276 2606 2339 2663 in
2386 2602 2789 2681 Aylaophamo

449 2710 507 2765 Ρ.
544 2694 702 2750 1191
737 2694 860 2750 not.
895 2711 948 2750 ο.

619 2774 769 2851 Sed,
816 2794 888 2834 ne
935 2776 1196 2835 taedium
1241 2776 1354 2835 tibi
1398 2795 1623 2851 creem,
1674 2775 2008 2852 Spitznere,

750 2890 991 2969 βιβλίον
1033 2890 1115 2962 εἰς
1159 2893 1429 2970 τρίτατον
1469 2884 1647 2970 μετὰ
1691 2890 2055 2969 δεύτερον
2096 2888 2333 2969 ἔρχομαι
2377 2887 2518 2970 ἤδη.

317 3018 415 3066 709
621 3012 691 3071 In
737 3032 807 3072 eo
851 3013 1144 3089 gloriatur
1187 3012 1447 3073 Achilles
1491 3034 1548 3073 v.
1599 3014 1676 3070 72
1709 3031 1835 3088 sqq.

751 3122 880 3188 οἶδα
924 3125 1037 3209 γὰρ
1085 3123 1166 3202 ὥς
1210 3151 1373 3201 ουτις
1416 3151 1487 3206 με
1533 3124 1871 3208 δυνήσεται,
1916 3122 2176 3209 ἔγγυθεν
2219 3117 2415 3190 ἐλθών

747 3211 941 3322 ἐγχείῃ
984 3209 1371 3292 δαμάσασθαι
1416 3213 1782 3292 ἐπιχθονίων
1823 3209 2065 3320 ἡρώων,

749 3296 886 3360 οὐδ’
934 3300 1100 3372 εἴπερ
1144 3299 1437 3379 στέρνοισι
1479 3295 1622 3375 μαλ’
1668 3298 1926 3375 ατρομον
1969 3289 2112 3377 ἦτορ
2159 3296 2379 3381 ἔχῃσιν,

749 3383 1014 3463 ἄτρομον
1062 3380 1203 3466 ἦτορ
1249 3384 1409 3469 ἔχῃσι
1456 3386 1591 3464 λίην
1636 3406 1738 3444 και
1784 3383 2024 3463 χάλκεος
2067 3406 2180 3460 ειη.

453 3505 568 3564 Sed
612 3524 734 3565 non
779 3506 1036 3582 quadrat
1078 3507 1378 3583 optativus
1424 3504 1573 3581 ειη,
1629 3523 1804 3581 quem
1860 3524 1971 3582 ego
2027 3523 2146 3564 non
2193 3506 2403 3564 dubito
2448 3507 2677 3563 mutare
2721 3507 2785 3564 in

454 3591 897 3651 coniunctivum
942 3588 1080 3670 εἶ’ῃ.
1158 3591 1386 3651 Similis
1430 3591 1661 3650 medela
1706 3590 2042 3651 adhibenda
2084 3594 2176 3650 est
2220 3591 2416 3666 simili,
2463 3589 2568 3650 sed
2596 3590 2788 3667 magis

459 3676 636 3733 etiam
682 3676 1003 3751 depravato
1049 3678 1178 3736 loco
1222 3675 1401 3752 VIII,
1451 3677 1571 3734 214
1606 3695 1771 3752 sqq„
1831 3677 1932 3735 ubi
1979 3680 2040 3735 et
2084 3676 2159 3734 ad
2207 3677 2398 3736 nostri
2442 3678 2505 3736 et
2546 3677 2621 3734 ad
2668 3675 2789 3733 Ho-

451 3761 655 3819 merici
711 3761 826 3819 loci
881 3760 940 3818 Y
977 3763 1089 3820 101
1127 3779 1216 3836 sq.
1265 3751 1367 3837 (ου
1421 3780 1492 3837 με
1547 3753 1705 3835 μάλα
1761 3756 1867 3839 ρέα
1917 3758 1925 3839 Ι
1976 3753 2306 3837 νικήσει,
2352 3754 2485 3820 ουδ’
2535 3760 2590 3820 εἰ
2630 3780 2779 3836 παγ-

448 3841 692 3919 χάλκεος
738 3863 973 3920 ευχεται
1019 3835 1232 3924 εἷναι)”
1244 3865 1513 3905 normam
1559 3846 1937 3906 scribendum
1981 3848 2102 3905 est:

815 3957 830 3982 2
898 3956 913 3980 C
975 3957 990 3981 2
1051 3958 1068 3979 ἲ

696 4043 918 4146 πατρὸς
963 4043 1123 4126 ἐμοῖο
1166 4043 1300 4125 μέγ’
1350 4045 1553 4153 ἔγχος,
1598 4068 1745 4124 οπερ
1789 4038 2000 4125 βροτὸς
2044 4045 2207 4116 οὔτις
2250 4040 2508 4122 ἀλύξει

697 4123 841 4211 ἡμῖν
883 4130 1036 4194 ὄντα
1080 4130 1313 4211 μολών,
1358 4129 1489 4192 οὐδ’
1539 4133 1595 4194 εἰ
1632 4129 1997 4212 παγχάλκεος
2043 4129 2173 4212 εἴῃ.

448 4255 782 4329 Legebatur
823 4246 1099 4328 αλυξεν
1143 4258 1204 4313 et
1243 4245 1402 4331 ἦεν,
1447 4253 1552 4314 sed
1596 4251 1988 4329 Neoptolemo
2033 4251 2208 4310 modo
2253 4251 2523 4311 bellum
2508 4272 2779 4328 ingresso

447 4339 659 4438 paucis
704 4340 894 4399 adhuc
947 4339 1279 4400 interfectis
1337 4342 1477 4398 haec
1529 4340 1747 4397 iactare
1803 4337 2083 4396 convenit
2126 4337 2196 4395 de
2239 4337 2441 4410 futuro
2486 4342 2775 4412 tempore.

451 4422 560 4480 Pro
617 4439 726 4497 ηεν
783 4427 959 4483 etiam
1019 4419 1139 4481 ε’στι
1197 4425 1292 4483 vel
1352 4421 1509 4481 ἔσται
1552 4423 1787 4483 restitui
1831 4422 2081 4497 poterit,
2141 4427 2209 4481 ut
2253 4424 2407 4498 apud
2454 4423 2777 4496 Homerum
