3132 5129
1273 375 1731 438 —265—

326 610 555 694 γείνατ’
619 610 856 690 Ἐρινῦς
909 636 971 675 τε
1029 611 1316 693 κρατερὰς
1688 610 1911 697 γείνατ’
1966 610 2209 689 Ἐρινῦς
2266 636 2324 675 τε
2377 610 2666 694 κρατερὰς

584 698 876 779 μεγάλους
909 722 967 760 τε
994 700 1309 779 Γύγαντας.
1350 708 1444 759 185
1907 697 2196 781 μεγάλους
2238 721 2301 760 τε
2332 699 2622 778 Γίγαντας

1682 801 1905 867 τεύχεσι
1926 799 2322 867 λαμπομένους
2335 840 2349 866 ,
2379 799 2554 865 δόλιχ’
2577 799 2661 862 ἐγ-

1919 901 2024 951 χεα
2057 886 2252 951 χερσίν
2287 884 2550 950 ἔχοντας,

1687 970 1925 1037 Νύμφας
1948 971 2028 1036 θ’,
2066 968 2131 1032 ἃς
2157 967 2371 1032 Μελίας
2396 967 2667 1022 καλέουσ·

1922 1054 2025 1108 ἐπ’
2060 1053 2334 1121 ἀπείρονα
2368 1058 2552 1117 γαῖαν.

1753 1142 1930 1207 μήδεα
1966 1141 1998 1194 δ
2018 1141 2032 1159 '
2067 1138 2147 1204 ὡς
2169 1141 2239 1193 τὸ
2265 1142 2500 1204 πρῶτον
2526 1137 2665 1191 ἀπο-

1923 1225 2134 1292 τμήξας
2169 1223 2446 1288 ἀδάμαντι

1685 1310 1925 1376 κάββαλ’
1958 1310 2065 1363 ἀπ’
2102 1308 2356 1375 ἠπείροιο
2382 1307 2661 1361 πολυκλύ-

1920 1408 2043 1463 στῳ
2081 1394 2164 1448 ἐνί
2200 1393 2429 1461 πόντῳ,

1555 1485 1653 1534 190
1691 1479 1771 1544 ὣς
1815 1479 2016 1547 φέρετ’
2052 1480 2128 1545 ἂμ
2162 1478 2407 1542 πέλαγος
2444 1476 2667 1530 πουλὺν

1924 1566 2159 1633 χρόνον,
2197 1563 2340 1630 ἀμφί
2376 1563 2437 1615 δέ
2463 1561 2663 1624 λευκὸς

1684 1650 1869 1717 ἀφρὸς
1904 1649 2012 1703 ἀπ’
2048 1648 2337 1701 ἀθανάτου
2362 1647 2530 1714 χροὸς
2559 1648 2665 1714 ὧρ-

1925 1749 2087 1788 νυτο·
2127 1737 2212 1800 τῷ
2248 1733 2279 1784 δ
2300 1733 2314 1751 '
2349 1733 2430 1785 ἔνι
2456 1731 2632 1798 κούρη

1688 1820 1969 1887 ἐθρέφθη,
2051 1821 2289 1885 πρῶτον
2340 1817 2401 1869 δ’
2453 1816 2668 1882 ἱεροῖς

1922 1903 2353 1970 προσέκυρσε
2448 1900 2663 1965 Κυθή-

1923 1997 2092 2056 ΡΟῑς“

1556 2080 1652 2129 194
1756 2075 1819 2128 ἐκ
1864 2075 1928 2126 δ’
1970 2074 2068 2140 ἔβη
2114 2070 2296 2138 αἰδοίη
2335 2071 2477 2135 καλὴ
2517 2070 2664 2135 θεός,

1927 2159 2071 2225 ἀμφὶ
2107 2158 2168 2210 δέ
2203 2155 2338 2222 ποίη

1691 2244 1904 2298 ποσσίν
1946 2244 2061 2297 ὑπὸ
2107 2244 2413 2308 ῥαδινοῖσιν
2458 2240 2667 2295 ἀέξετο.

1924 2329 2033 2393 τὴν
2068 2329 2132 2380 δ’
2170 2325 2515 2394 Ἀφροδίτην

1555 2419 1652 2467 197
1690 2414 2051 2481 κικλήσκουσι
2088 2410 2207 2465 θεοί
2244 2427 2307 2465 τε
2336 2412 2427 2464 καί
2452 2410 2669 2478 ἀνέρες,

1924 2497 2122 2550 οὕνεκ’
2154 2497 2217 2550 ἐν
2252 2496 2422 2563 ἀφρῷ

1496 2568 1502 2618 ⁸
1687 2583 1940 2651 θρέφθη,
1997 2583 2139 2649 ἀτάρ
2196 2581 2527 2649 Κυθέρειαν,
2582 2583 2671 2635 ὅτι
2768 2556 2779 2564 ⁰

1925 2667 2277 2735 προσέκυρσε
2318 2668 2590 2735 Κυθήροις

1548 2759 1649 2806 202
1685 2753 2010 2820 γεινομένη
2039 2755 2112 2806 τά
2140 2756 2344 2820 πρῶτα
2362 2756 2511 2807 θεῶν
2535 2768 2569 2805 τ
2585 2754 2599 2772 '
2616 2753 2673 2816 ές

1922 2839 2111 2902 φῦλον
2148 2837 2355 2891 ίοῠσα.

506 2946 579 3004 In
636 2945 759 3020 his,
815 2948 883 3004 ut
924 2944 1281 3022 gravissima
1323 2946 1560 3004 tantum
1607 2964 2086 3020 percenseamuS,
2146 2946 2417 3006 diversae
2462 2964 2672 3005 manus

327 3030 590 3108 vestigia
655 3030 830 3105 prodi
896 3030 1165 3090 versibus
1221 3029 1544 3089 simillimis
1601 3031 1721 3090 138
1779 3033 1840 3090 et
1900 3030 2019 3088 155
2064 3031 2181 3088 iam
2227 3030 2327 3089 alii
2375 3031 2670 3106 viderunt,

331 3115 728 3191 eiusdemque*
770 3114 987 3174 indolis
1040 3117 1185 3174 sunt
1233 3115 1350 3173 147
1397 3117 1462 3174 et
1508 3115 1649 3173 154.
1739 3114 1891 3173 Tum
1936 3133 2077 3174 vero
2123 3115 2448 3191 Cyelopum
2494 3117 2672 3191 atque

329 3200 836 3260 Hecatonchirum
891 3195 1338 3277 generationem
1394 3221 1432 3258 a
1487 3200 1846 3277 primigenia
1891 3200 2237 3277 Theogonia
2280 3201 2541 3259 abfuisse
2585 3203 2672 3259 at·

330 3305 452 3361 que
500 3287 622 3344 154
666 3279 839 3344 ὅσσοι
881 3281 995 3363 γὰρ
1028 3282 1215 3361 Γαίης
1246 3287 1392 3360 etc.,
1440 3284 1544 3343 ubi
1573 3304 1681 3361 pro
1711 3285 2010 3360 particula
2045 3285 2265 3345 causali
2296 3285 2357 3344 in
2385 3284 2673 3344 hodierna

328 3389 623 3447 compage
691 3370 873 3429 nullis
945 3370 1233 3430 machinis
1309 3370 1644 3430 excusanda
1716 3370 2093 3430 Hermannus
2163 3365 2291 3445 μέν
2361 3370 2671 3446 inserebat,

332 3456 542 3514 statim
586 3474 721 3515 cum
767 3456 972 3515 infesti
1018 3454 1259 3514 Saturni
1305 3455 1863 3514 commemoratione
1913 3475 1966 3512 v.
2003 3456 2122 3513 138
2169 3454 2313 3514 olim
2358 3455 2674 3514 coniuncta

333 3538 517 3599 fuisse
572 3540 810 3618 egregie
871 3541 1174 3617 perspexit
1217 3539 1586 3616 Gerhardus,
1644 3558 2002 3615 quamquam
2058 3558 2167 3599 nee
2222 3540 2306 3599 sie
2350 3540 2495 3599 satis
2538 3543 2674 3616 apte

335 3623 603 3684 narratio
649 3626 957 3700 cohaeret,
1009 3626 1126 3685 nisi
1171 3626 1309 3685 talis
1354 3625 1647 3684 inseratur
1689 3643 1926 3700 versus,
1972 3625 2205 3701 qualem
2251 3644 2360 3700 pro
2405 3624 2674 3701 exemplo

334 3728 407 3767 ex
461 3711 581 3768 156
617 3710 695 3785 4-
736 3711 854 3770 167
887 3737 968 3759 =
1005 3712 1122 3769 172
1168 3710 1391 3769 inserui
1435 3709 1764 3769 sententiae
1809 3729 1928 3769 non
1960 3710 2157 3770 minus
2189 3729 2365 3786 quam
2397 3710 2674 3784 strophae

328 3794 711 3870 supplendae
755 3795 972 3871 gratia.
1030 3795 1101 3855 In
1148 3794 1497 3854 damnandis
1542 3793 1817 3854 versibus
1861 3795 2081 3870 partim
2126 3795 2224 3854 alii
2258 3795 2375 3853 iam
2406 3795 2672 3870 praeive-

330 3883 517 3938 runt:
573 3880 686 3937 141
738 3880 1040 3939 confectus
1087 3900 1154 3938 ex
1201 3881 1325 3941 504
1342 3899 1431 3955 sq.
1480 3879 1733 3939 fortasse
1777 3880 1895 3938 iam
1941 3880 2003 3938 in
2047 3879 2400 3939 Pisistrateo
2431 3897 2674 3954 corpore

331 3965 469 4038 fuit,
532 3983 569 4023 a
614 3983 732 4040 quo
783 3966 901 4023 142
916 3984 1004 4040 sq.
1055 3964 1313 4024 abfuisse
1352 3967 1418 4024 et
1457 3964 1835 4024 incommoda
1875 3966 2050 4023 unius
2097 3965 2251 4023 oculi
2294 3965 2571 4039 repetitio
2617 3967 2678 4022 et

335 4048 547 4108 critica
603 4049 677 4107 ad
737 4051 856 4108 142
916 4050 990 4110 de
1033 4048 1275 4110 Oratete
1327 4050 1590 4125 notatiO,
1644 4050 1747 4124 qui
1803 4043 1939 4108 ἀντὶ
1996 4045 2206 4107 τούτου
2247 4044 2433 4107 ἄλλον
2476 4046 2677 4125 στίχον

329 4131 727 4209 παρατίθεται

641 4233 700 4294 οἳ
744 4229 806 4293 δ’
857 4231 917 4308 ἐξ
961 4229 1298 4294 ἀθανάτων
1339 4232 1561 4310 θνητοὶ
1606 4231 1834 4314 τράφεν
1876 4228 2198 4312 αὐδήεντες

335 4352 591 4418 suadere
653 4355 910 4416 videtur.
999 4355 1383 4431 Antiquiores
1440 4354 1597 4415 haud
1655 4355 1836 4414 dubie
1888 4354 2133 4414 fuerunt
2186 4356 2249 4413 et
2292 4355 2407 4414 iam
2449 4376 2487 4414 a
2527 4355 2678 4416 Pisi-

337 4439 587 4498 strateis
629 4440 853 4516 recepti
897 4439 994 4499 hic
1036 4444 1193 4500 certe
1245 4443 1355 4500 151
1378 4459 1484 4517 sq„
1532 4460 1667 4500 cum
1714 4441 1786 4504 de
1816 4440 2172 4516 repetitione
2204 4441 2539 4502 671—673
2572 4440 2677 4500 du-
