3132 5129
1391 299 1850 363 —374—

454 460 667 517 clarius
731 460 796 516 et
854 424 1184 516 accuratius
1251 457 1407 515 infra
1459 476 1515 516 v.
1566 456 1692 516 240
1728 475 1856 532 sqq.
1918 457 2346 534 Neoptolemus
2410 454 2552 515 haec
2604 454 2793 530 patris

458 543 738 602 mandata
781 561 916 601 cum
962 540 1201 601 Graecis
1247 541 1676 601 communicat:

710 654 935 761 ᾐνοόγει
979 650 1038 717 δ’
1088 654 1276 735 ὖμέας
1323 678 1382 716 τε
1428 654 1530 716 καὶ
1574 653 1882 736 Ἀτρείδην
1921 658 2205 758 βασιλῆα,

712 765 871 823 οφρα
915 742 981 802 οἰ
1027 740 1094 803 ἐκ
1133 740 1409 818 πολέμοιο
1450 739 1625 823 γέρας
1669 739 2010 823 περικαλλὲς
2052 748 2301 822 αροισθε

715 827 944 905 τύμβον
988 820 1080 887 ἐπ’
1128 824 1432 908 εύραίεντα
1479 827 1854 907 Πολυξείνην
1898 825 2210 889 ἐύπεπλον.

461 950 690 1022 Quibus
735 950 1094 1024 comparatis
1139 951 1305 1024 patet
1346 949 1458 1009 hoc
1503 950 1626 1009 fere
1673 950 1849 1010 modo
1893 948 2186 1008 Achillem
2230 949 2495 1008 locutum
2540 965 2696 1006 esse:

711 1073 792 1148 τῷ
834 1086 933 1140 μοι
977 1073 1098 1126 νῦν
1139 1064 1289 1126 κατὰ
1334 1055 1537 1143 θυμὸν
1585 1062 1906 1147 ἐελδομένῳ
1949 1062 2082 1144 περὶ
2123 1062 2371 1125 πάντων

713 1148 915 1226 ληίδος
954 1148 1028 1210 ’ἐκ
1074 1150 1372 1230 Πριάμοιο
1418 1150 1795 1226 Πολυξείνην
1836 1144 2129 1210 ἐύπεπλον

715 1234 1046 1316 (τύμβον
1090 1231 1196 1294 ἐπ’
1247 1230 1629 1315 εὐρώεντα
1672 1233 1889 1316 γέρας
1933 1231 2380 1313 περικαλλὲς
2437 1232 2800 1314 ἄροιντο,>

714 1318 874 1399 ὄφρα
915 1324 1084 1392 θοοῖς
1131 1317 1403 1398 ῥέξωσιν.

629 1440 801 1500 Unus
844 1442 1034 1501 restat
1075 1442 1239 1501 locus
1294 1461 1355 1500 v.
1399 1441 1557 1516 468,
1623 1443 1760 1517 post
1803 1460 1981 1517 quem
2025 1459 2261 1500 versum
2310 1441 2567 1499 alterum
2611 1440 2794 1498 inter-

460 1527 670 1585 cidisse
729 1527 848 1585 iam
891 1526 1170 1586 Pauwius
1230 1526 1484 1586 coniecit
1539 1526 1826 1585 indicavit
1883 1526 2272 1602 Tychsenius.
2363 1525 2479 1585 Sed
2539 1525 2598 1584 in
2656 1544 2793 1601 sqq.

460 1613 640 1670 etiam
686 1610 955 1669 lacunam
1011 1629 1136 1670 esse
1192 1612 1482 1670 librorum
1528 1612 1851 1687 scripturae
1909 1614 2158 1670 monent
2211 1630 2360 1686 quae
2417 1611 2637 1670 vitioso
2691 1610 2797 1668 illo

459 1689 903 1771 ἆνοιδήνασθαι
948 1692 1269 1753 θάλασσαν
1310 1715 1366 1758 v.
1410 1696 1536 1754 470
1579 1698 1827 1771 excepto
1872 1696 2217 1755 retinendae
2261 1699 2402 1755 sunt
2447 1714 2653 1755 omnes
2699 1695 2796 1753 de-

461 1782 652 1843 fectus
698 1779 887 1855 signis
932 1784 1068 1856 apte
1114 1781 1326 1855 positis
1370 1780 1481 1840 hoc
1525 1780 1734 1839 modo:

713 1892 860 1975 ὄφρ’
909 1891 1166 1974 ἀνέμους
1211 1893 1335 1974 ἅμα
1378 1894 1607 1969 πάντας
1650 1894 2071 1981 έπιβρίσαντας
2115 1891 2292 1979 άέλλῃ

710 2003 745 2043 *
915 2002 951 2041 *
1120 2003 1155 2043 *
1324 2002 1359 2042 *
1524 2004 1560 2043 *
1730 2004 1765 2044 *
1852 1980 2068 2065 ἰάλλῃ

717 2062 1034 2145 ἐλθέμεναι
1075 2069 1360 2145 κραναοῖο
1405 2063 1751 2147 Καφηρέος,
1796 2065 1983 2128 ἔνθεν
2021 2063 2276 2144 Ἀχαιῶν

712 2175 748 2214 *
918 2173 955 2214 *
1123 2173 1158 2213 *
1328 2173 1363 2213 *
1532 2173 1569 2211 *
1737 2173 1773 2212 ηε
1942 2173 1973 2211 ιι

715 2233 1015 2314 νωλεμέως
1056 2218 1466 2315 χριμφθέντας
1506 2230 1545 2295 ἆ
1560 2257 1638 2297 νο
1650 2259 1671 2295 ι
1688 2235 1726 2296 δ
1737 2245 1777 2315 ῆ
1795 2260 1880 2295 να
1897 2236 1924 2295 ί
1962 2259 1992 2297 τ
2006 2258 2033 2297 ε
2076 2234 2395 2298 θάλασσαν

713 2319 1026 2404 λευγαλέῃς
1071 2321 1282 2403 ριπῇσι
1323 2320 1677 2400 μεμηνότας.

458 2442 531 2500 In
576 2442 773 2516 priore
815 2461 991 2501 versu
1032 2438 1193 2518 άκρα
1236 2446 1342 2501 aut
1384 2444 1577 2502 simile
1620 2441 1927 2518 quidpiam
1971 2441 2127 2501 unde
2160 2437 2475 2518 Καφηρέος
2520 2443 2582 2501 in
2612 2444 2801 2502 altero

462 2524 682 2601 νηυσίν
726 2527 882 2586 unde
922 2521 1177 2604 Ἀχαιῶν
1232 2531 1441 2604 aptum
1488 2528 1606 2587 fuit
1659 2527 1979 2587 intercidit.
2051 2520 2245 2608 Ἰάλλῃ
2289 2546 2408 2602 quo
2454 2527 2623 2586 illum
2669 2547 2806 2587 ver-

460 2633 594 2682 sum
641 2613 823 2671 clausi
868 2632 903 2670 a
947 2612 1379 2672 Rhodomanno
1426 2607 1604 2694 ἀέλλῃ
1649 2613 1711 2671 in
1755 2612 1818 2671 id
1861 2613 2111 2672 verbum
2157 2616 2490 2688 mutatum,
2548 2606 2793 2688 ἀνοιδῆ-

461 2695 562 2754 ναί
604 2716 663 2753 τε
709 2695 782 2754 ab
827 2696 1171 2756 Hermanno
1218 2702 1280 2756 et
1323 2697 1565 2756 Pauwio
1613 2698 1858 2772 sumpsi.

632 2781 885 2839 Possum
929 2781 1024 2839 hic
1068 2781 1255 2839 finire.
1333 2781 1450 2840 Sed
1496 2800 1628 2841 ecce
1671 2781 1776 2840 has
1821 2782 1983 2857 ipsas
2026 2782 2300 2858 plagulas
2344 2783 2667 2841 excutienti
2698 2801 2797 2840 sex

461 2867 577 2926 loci
622 2865 928 2924 commode
960 2869 1342 2941 succurrunt,
1391 2865 1641 2941 quibus,
1687 2885 1761 2925 ne
1808 2866 1952 2941 quid
1984 2867 2252 2925 consulto
2286 2866 2584 2943 omittam,
2631 2886 2800 2942 qua-

460 2951 568 3009 lia
624 2950 766 3009 olim
824 2969 860 3008 a
911 2954 1089 3026 poeta
1144 2950 1352 3010 addita
1405 2951 1633 3009 fuerint
1694 2951 2127 3027 supplementis
2194 2954 2355 3010 certe
2413 2952 2557 3011 meis
2621 2971 2800 3027 quam

459 3035 807 3095 brevissime
851 3035 1112 3095 indicare
1170 3036 1385 3111 placet.
1464 3036 1620 3095 Sunt
1662 3040 1860 3095 autem
1908 3036 1969 3094 hi
2012 3036 2158 3095 loci:
2208 3036 2313 3112 VI,
2365 3038 2483 3096 186
2516 3055 2643 3112 sqq.

718 3146 1085 3230 Εὐρύπυλος
1132 3145 1190 3210 δ’
1237 3146 1428 3212 αὐτοῦ
1468 3149 1813 3227 κατελέξατο
1858 3143 2031 3233 βαιὸν
2074 3151 2351 3231 ἄπωθεν,

721 3229 804 3320 (ᾖ
848 3234 1083 3315 δμῶές
1125 3259 1251 3316 μιν
1297 3234 1485 3316 ἄγον
1530 3237 1811 3298 δαΐδων
1855 3229 1996 3297 ὑπὸ
2038 3235 2656 3317 λ·αμπομενάων,>

716 3318 778 3395 ἐς
823 3318 982 3399 τέγος
1029 3316 1381 3401 εὐποίητον,
1427 3318 1547 3405 ὅπῃ
1592 3321 1781 3402 πάρος
1824 3318 2002 3396 αὐτὸς
2047 3321 2221 3383 ἴαυεν
2266 3328 2381 3387 etc.

367 3427 435 3476 30
473 3425 589 3500 VI,
637 3426 755 3484 491
793 3445 930 3502 sqq.

715 3520 862 3583 ἀλλὰ
909 3523 978 3584 τὰ
1024 3522 1136 3602 μὲν
1177 3518 1503 3605 μακάρεσσι
1548 3523 1710 3585 πέλει
1753 3522 1930 3603 θέμις
1976 3520 2403 3607 εἰσοράασθαι·

720 3607 905 3689 (τῶν
950 3604 1008 3667 δ’
1067 3606 1186 3688 ἄρ’
1245 3606 1340 3669 ἔτ’
1400 3609 1479 3671 έν
1525 3610 1763 3693 ,πεδίῳ
1836 3604 2103 3689 Τρώων
2164 3614 2487 3671 Δαναῶν
2541 3605 2596 3671 τ’
2653 3609 2801 3691 ἐρι-

785 3721 812 3740 ·
2080 3694 2391 3777 θύμων)

717 3774 873 3857 ἀμφὶ
918 3777 1222 3857 Μαχάονα
1267 3777 1565 3841 κλειτὸν
1608 3776 1690 3840 ἰδ’
1745 3774 2022 3858 Ἀγλαΐης
2078 3778 2305 3840 καλὸν
2349 3775 2453 3842 υἷα

719 3861 1118 3944 μαρναμένων
1163 3861 1487 3944 ἑκάτερθεν
1529 3860 1833 3942 άπέφθιτο
1876 3856 2103 3938 πουλὺς
2147 3864 2369 3943 ὅμιλος.

466 3965 612 4042 VII,
662 3969 761 4027 79.

719 4063 1036 4148 (ἥντινα
1080 4065 1139 4128 δ’
1191 4060 1387 4127 Αἶσα
1418 4068 1633 4129 διδοῖ
1666 4066 2151 4130 ἐπινίσσεται
2195 4063 2409 4148 οἶμον
2440 4067 2811 4149 ἕκαστος>

718 4149 877 4211 οὔτι
923 4146 1108 4230 ἑκών,
1154 4145 1375 4226 άλαὸς
1420 4149 1486 4214 δὲ
1530 4153 1692 4215 πέλει
1734 4154 1863 4231 βίος
1905 4151 2303 4232 ἀνθρώποισι.

463 4272 581 4413 ςΗᾶῗ
634 4272 880 4414 Ῑὲεὲιᾎηιιο
936 4273 1173 4351 signum
1241 4276 1359 4333 iam
1413 4273 1696 4334 Lehrsius
1752 4275 1989 4351 posuit.'
2075 4275 2168 4336 Cf.
2238 4275 2351 4353 IX,
2416 4277 2796 4336 498—506.

599 4401 613 4432 ,
793 4403 804 4416 .
