3132 5129
1351 346 1810 409 -296-

584 505 741 565 Ibid.
790 505 933 563 741.

657 601 778 677 ’Ὡς
822 598 925 682 ἥγ’
974 600 1039 662 ἐκ
1085 602 1381 680 θαλάμοιο
1423 596 1607 664 πάλιν
1648 602 1759 675 κίε,
1806 603 1982 663 παισί
2021 600 2077 663 τ’
2124 600 2162 663 ἆ
2287 602 2369 682 ὴν

673 685 1181 768 αὐτοκασιγνήτης
1225 686 1610 768 διεπέφραδε·
1660 687 1792 767 τὴν
1834 686 1913 748 δέ
1954 711 2083 767 μιν
2127 712 2166 748 α
2212 712 2297 761 τις

670 772 854 844 αι’δως
898 795 958 834 τε
1003 771 1287 853 στυγερόν
1330 796 1389 834 τε
1433 771 1568 846 δεός
1611 771 1754 853 λάβε
1799 779 2249 853 μουνωθεῖσαν.

588 895 824 954 Falsam
881 913 1006 953 esse
1060 896 1483 991 pronominum
1540 894 1971 954 abundantiam
2016 897 2332 954 senserunt
2375 895 2756 971 interpretes.

420 981 545 1039 Nec
588 982 789 1056 potest
834 998 901 1037 ea
944 978 1261 1039 Nonniano
1319 969 1465 1036 ὦν
1452 972 1484 1036 ὁ
1537 973 1651 1076 μοὲν
1702 972 1909 1037 αὐτῶν
1952 980 2212 1039 defendi.
2303 980 2421 1039 Sed
2465 979 2759 1038 medelam

417 1085 595 1125 nemo
641 1065 851 1124 scitam
909 1063 1204 1123 adhibuit.
1295 1061 1440 1133 Quis
1496 1064 1656 1122 enim
1700 1064 2149 1124 Brunckianum
2204 1064 2458 1141 probet·
2516 1060 2648 1167 τὴν
2682 1060 2761 1123 δὲ

416 1144 549 1226 μὲν
592 1139 808 1219 abug?
874 1148 1000 1207 Nec
1043 1149 1299 1208 multum
1344 1152 1607 1223 praestet
1649 1145 2107 1225 διεπέφραδεν·
2146 1145 2234 1207 ’ἓν
2276 1147 2353 1207 δ
2326 1171 2353 1208 ε
2398 1169 2524 1226 μιν
2566 1169 2758 1219 αυτις.

424 1235 542 1294 Sed
587 1241 765 1310 poeta
809 1230 1197 1310 διεπέφραδε·
1247 1228 1357 1308 τὴν
1405 1227 1485 1290 δὲ
1527 1240 1879 1309 μεταῦτις
1923 1235 2273 1311 scripserat,
2336 1235 2499 1310 quod
2544 1234 2756 1294 adver-

422 1317 1138 1467 blumlffitlian18812V426
1184 1318 1426 1394 legitur.

681 1524 769 1623 Τῇ
815 1512 871 1577 δ’
915 1542 1041 1596 αμα
1087 1512 1345 1598 Νύμφαι
1389 1515 1634 1579 επονται
1675 1515 2076 1624 αμορβᾶδες,
2088 1520 2156 1580 αἳ
2195 1516 2308 1600 μὲν
2350 1516 2446 1580 ἐπ’
2496 1514 2680 1600 αὐτῆς

677 1601 1005 1686 ἀγρόμεναι
1047 1612 1245 1682 πηγῆς
1286 1599 1651 1681 Ἀμνισίδος,
1698 1605 1765 1663 αἲ
1807 1602 1874 1665 δὲ
1916 1602 1992 1683 δὴ
2036 1600 2208 1665 αλλαι

678 1688 863 1750 ἄλσεα
907 1688 1006 1750 καὶ
1051 1707 1300 1761 σκοπιας
1343 1689 1775 1761 πολυπίδακας.

468 1831 483 1842 ·
597 1811 767 1870 Unde
797 1810 900 1887 qui
944 1811 1193 1869 extremi
1239 1811 1525 1887 leguntur
1568 1811 1891 1871 accusativi
1935 1811 2256 1887 pendeant,
2302 1829 2477 1871 nemo
2522 1814 2765 1888 exputa-

424 1897 598 1958 verit.
688 1895 970 1954 Lehrsius
1025 1895 1266 1971 quidem
1322 1896 1526 1955 vertit:
1588 1896 1778 1972 „aliae
1832 1897 1908 1955 ad
1951 1898 2151 1973 ipsum
2196 1900 2590 1973 congregatae
2635 1896 2765 1956 fon-

427 1987 549 2042 tem
594 1980 962 2055 Amnisium,
1011 1979 1272 2055 reliquae
1314 1998 1455 2039 vero
1501 1982 1562 2039 in
1610 1980 1865 2041 saltibus
1908 1986 1970 2041 et
2012 1980 2334 2057 scopulis.“
2423 1980 2542 2040 Sed
2584 1974 2766 2058 ἀγρό-

426 2086 601 2141 μεναι
658 2067 766 2124 hoc
819 2065 994 2124 modo
1052 2083 1185 2123 cum
1238 2066 1581 2125 accusativo
1638 2066 1903 2126 construi
1959 2085 2134 2142 posse
2176 2084 2351 2126 nemo
2397 2065 2770 2126 demonstra·

426 2152 602 2211 verit.
691 2150 915 2209 Versus
961 2150 1286 2208 clausulam
1332 2169 1401 2207 ex
1445 2169 1506 2209 v.
1555 2152 1679 2210 872
1724 2154 2069 2226 corruptam
2113 2151 2404 2225 arbitror,
2464 2151 2770 2226 scripsisse

430 2240 626 2295 autem
673 2235 1062 2309 Apollonium
1104 2232 1174 2291 αἳ
1216 2229 1283 2291 δὲ
1327 2235 1702 2293 λιποῦσαι.
1777 2234 1984 2294 Simile
2044 2239 2137 2295 est
2180 2234 2443 2294 Colluthi
2508 2236 2767 2295 initium.

596 2354 750 2418 Ibid.
803 2354 984 2413 1048.
1072 2345 1209 2410 οὐδ’
1256 2348 1498 2430 ἄσχετος
1541 2347 1835 2411 ἀίσσουσα
1877 2386 1962 2396 -

430 2472 826 2533 Scribendum
870 2467 1137 2548 ἄσχετον.

601 2557 989 2622 Ibid.1267.

682 2673 876 2751 Φαίης
920 2696 986 2734 κε
1032 2673 1303 2773 ζοφεροῖο
1346 2672 1479 2735 κατ’
1528 2670 1775 2755 αἰθέρος
1818 2671 2154 2735 αι’σσουσαν

683 2758 983 2863 χειμερίην
1023 2749 1314 2838 στεροπὴν
1351 2756 1626 2839 θαμινὸν
1668 2759 2273 2838 μεταπαιφάσσεσθαι

686 2841 751 2903 ἐκ
799 2842 1054 2922 νεφέων,
1097 2839 1184 2903 ὅτ’
1238 2865 1438 2904 επειτα
1481 2844 1849 2923 μελαντατον
1889 2843 2117 2926 ομβρον
2157 2844 2516 2927 αγωνται.

340 2972 402 3019 12
604 2964 768 3025 Haec
811 2967 1112 3041 postrema
1152 2965 1507 3027 inconcinna
1549 2971 1711 3027 sunt.
1788 2966 1912 3026 Alii
1956 2967 2184 3027 codices
2227 2986 2558 3043 αγονται
2600 2985 2776 3042 prae-

434 3052 603 3110 bent.
691 3050 822 3109 Nisi
871 3050 1066 3126 fallor,
1113 3055 1292 3126 poeta
1336 3052 1611 3111 dederat:

686 3164 752 3226 ἐκ
797 3165 1051 3243 νεφέων,
1094 3164 1192 3226 ἅτ’
1241 3165 1440 3227 ἔπειτα
1481 3167 1847 3246 μελάντατον
1888 3166 2118 3248 ὄμβρον
2156 3165 2491 3247 ἄγονται.

436 3287 791 3365 Corruptela
832 3292 979 3348 nata
1021 3308 1092 3347 ex
1136 3291 1419 3364 sequente
1462 3285 1562 3347 καὶ
1606 3282 1726 3347 τότ’
1776 3285 1998 3350 ἔπειτα.

603 3406 754 3466 Ibid.
790 3409 973 3467 1391.
1131 3401 1252 3478 ’Ὡς
1298 3399 1457 3467 τότε
1504 3401 1816 3487 Γηγενέων
1859 3410 2056 3485 κεῖρεν
2097 3404 2338 3482 στάχυν,

604 3526 740 3584 Iure
786 3526 930 3584 mihi
981 3527 1185 3585 videor
1228 3527 1604 3586 contendisse
1650 3529 1713 3585 in
1757 3528 1849 3601 iis,
1899 3546 2051 3603 quae
2083 3527 2228 3586 olim
2258 3527 2329 3585 de
2358 3525 2781 3602 Tryphiodoro

436 3613 741 3687 disputata
783 3611 977 3670 Iahnii
1023 3611 1336 3670 annalibus
1366 3612 1685 3671 inserenda
1713 3612 1934 3687 curavi,
1981 3612 2044 3688 in
2088 3611 2179 3671 his
2212 3611 2513 3687 membris,
2559 3610 2782 3688 quibus

437 3718 530 3758 res
574 3699 918 3771 comparata
963 3713 1094 3755 cum
1141 3697 1591 3771 comparatione
1635 3697 1809 3755 modo
1854 3715 2201 3773 praegressa
2230 3696 2624 3772 componitur,
2673 3701 2782 3756 aut

437 3784 635 3858 ipsum
695 3781 782 3848 rei
838 3799 1056 3839 nomen
1115 3784 1217 3840 aut
1271 3799 1600 3856 pronomen
1655 3783 1993 3856 ponendum
2053 3801 2210 3857 esse,
2275 3781 2521 3841 minime
2578 3784 2782 3840 autem

437 3871 756 3941 utrumque
799 3866 994 3924 omitti
1036 3865 1153 3941 ibi,
1200 3884 1317 3942 quo
1360 3866 1658 3942 particula
1700 3863 1861 3924 τότε
1905 3868 2164 3926 adicitur
2205 3870 2347 3942 apta
2390 3866 2493 3924 illa
2536 3864 2783 3942 quidem

437 3972 548 4012 nec
601 3954 801 4010 tamen
855 3951 1206 4010 necessaria.
1297 3949 1504 4027 Itaque
1563 3950 1623 4009 h.
1671 3952 1710 4010 l.
1772 3950 1951 4010 etiam
2007 3946 2087 4021 dig
2146 3947 2265 4027 ὅγε
2322 3950 2397 4010 ab
2455 3950 2783 4027 Apollonio

443 4036 780 4112 profectum
823 4035 1097 4094 arbitror.
1255 4061 1298 4071 -

610 4119 715 4195 IV,
763 4121 909 4179 366.

676 4217 972 4278 ’Ὺστατον
1016 4211 1098 4280 αὖ
1140 4218 1241 4280 καὶ
1286 4227 1479 4298 κῶας,
1525 4215 1625 4297 ἐφ’
1675 4242 1721 4279 ω
1771 4214 1947 4292 πλόος
1993 4241 2186 4298 υμμιν
2230 4211 2489 4297 ἕτυχθη,

695 4296 844 4376 εἷλες
890 4301 1002 4384 ἐμῇ
1042 4304 1240 4387 ματίῃ.
2521 4369 2524 4372 A

613 4407 1104 4484 Corruptissima,
1169 4409 1273 4470 sed
1337 4409 1590 4468 maxime
1655 4409 1808 4467 mira
1867 4408 2143 4470 lectionis
2209 4409 2493 4472 varietas
2532 4408 2595 4467 in
2648 4408 2791 4468 aliis
