3132 5129
347 570 408 617 14

347 3669 406 3716 15

1406 400 1818 463 -30-

697 554 765 614 οἴ
805 550 859 615 τ’
907 552 1064 633 ἀμφ’
1114 548 1351 633 ἱμερτὸν
1400 554 1754 633 Τιταρήσιον
1798 549 1922 633 ἔργ’
1970 552 2274 632 ἐνέμοντο,

697 637 766 712 ὅς
812 636 877 719 ῤ’
927 639 986 712 ἐς
1034 638 1302 718 Πηνειὸν
1345 642 1539 718 προΐει
1582 641 1926 718 καλλίρροον
1969 638 2155 717 ὕδωρ.

443 736 540 783 756
571 723 671 786 28.
848 721 1199 805 Μαγνήτων
1243 719 1301 783 δ’
1349 716 1490 803 ἦρχε
1537 720 1823 804 Πρόθοος
1871 722 2292 802 Τενθρηδόνος
2337 720 2500 800 υἱός,

697 810 757 869 οἳ
800 808 933 888 περὶ
981 808 1250 887 Πηνειὸν
1293 809 1393 869 καὶ
1444 808 1676 885 Πήλιον
1719 810 2133 886 εἰνοσίφυλλον

699 895 1009 955 ναίεσκον·
1056 903 1175 954 τῶν
1218 891 1329 970 μὲν
1374 891 1659 973 Πρόθοος
1703 892 1855 966 θοὸς
1899 890 2256 973 ἡγεμόνευε·

697 988 778 1064 τῷ·
824 975 880 1038 δ’
927 977 1052 1056 ἅμα
1097 977 1532 1058 τεσσαράκοντα
1577 977 1849 1056 μέλαιναι
1894 986 2032 1056 νῆες
2077 975 2301 1038 ἕποντο.

444 1076 543 1123 760
695 1057 877 1125 Οὗτοι
921 1057 1021 1144 ἄρ’
1068 1058 1355 1144 ἡγεμόνες
1404 1066 1669 1124 Δαναῶν
1712 1062 1812 1123 καὶ
1860 1064 2124 1141 κοίρανοι
2167 1056 2346 1141 ἦσαν.

613 1203 787 1261 Nunc
831 1203 986 1274 vide,
1031 1222 1182 1278 quae
1228 1222 1319 1261 res
1366 1203 1465 1261 sit.
1542 1202 1605 1261 Si
1651 1204 2040 1277 prooemium,
2090 1202 2161 1259 de
2203 1220 2321 1277 quo
2366 1205 2576 1277 postea
2621 1200 2775 1259 dice-

444 1292 559 1360 tur,
610 1288 941 1346 omittimus
991 1321 1066 1328 —
1115 1306 1475 1363 quamquam
1520 1291 1582 1346 et
1625 1288 1819 1363 ipsum
1865 1296 2101 1347 nostrae
2147 1287 2266 1362 legi
2311 1287 2631 1362 respondet
2674 1319 2776 1356 —‚

442 1393 510 1430 ex
557 1373 846 1449 viginti
892 1376 1062 1431 octo
1110 1372 1409 1443 membris,
1457 1372 1673 1447 quibus
1720 1373 2079 1447 compositus
2127 1374 2220 1430 est
2276 1373 2613 1448 catalogus,
2658 1389 2779 1429 non

442 1459 639 1515 minus
672 1457 919 1515 decem
952 1458 1076 1515 sine
1109 1457 1231 1514 ulla
1259 1457 1594 1516 mutatione
1624 1461 1728 1515 aut
1751 1457 2069 1516 omissione
2100 1456 2435 1532 legitimum
2465 1474 2779 1515 numerum

441 1542 791 1617 praeferunt
845 1540 930 1617 (3.
993 1545 1049 1600 5.
1100 1544 1155 1605 7,
1219 1544 1272 1599 9.
1327 1543 1423 1600 12.
1476 1543 1573 1600 18.
1624 1544 1723 1601 19.
1773 1543 1867 1600 22.
1929 1543 2024 1599 24.
2086 1538 2225 1620 28),
2287 1542 2504 1617 quibus
2559 1560 2781 1599 unum

442 1626 781 1684 addendum
827 1629 920 1684 est
962 1620 1120 1705 (26),
1167 1626 1345 1701 quod,
1395 1645 1529 1685 cum
1575 1627 1708 1684 aliis
1753 1627 1824 1684 de
1871 1627 2060 1684 causis
2106 1627 2532 1701 interpolatum
2579 1625 2777 1684 videa-

442 1718 558 1782 tur,
604 1713 785 1769 etiam
832 1729 965 1769 cum
1012 1711 1133 1769 suis
1191 1712 1757 1787 interpolationibus
1802 1730 1836 1768 a
1881 1712 2012 1787 lege
2056 1730 2178 1769 non
2222 1711 2476 1784 recedit3
2544 1712 2635 1769 his
2679 1728 2776 1767 ac-

444 1796 660 1854 cedunt
702 1815 960 1854 novem
1006 1795 1301 1867 membra,
1363 1796 1578 1871 quibus
1633 1796 1943 1870 quinarius
1988 1814 2269 1854 numerus
2313 1796 2641 1854 certissime
2685 1815 2778 1853 re-

442 1881 719 1938 stituitur
776 1881 980 1939 eiectis
1036 1881 1109 1939 iis
1153 1882 1455 1953 versibus,
1518 1882 1621 1955 qui
1666 1883 1785 1938 iam
1833 1881 2009 1939 aliis
2055 1880 2136 1939 de
2183 1881 2429 1939 causis
2475 1899 2511 1937 a
2555 1881 2778 1939 criticis

443 1965 884 2040 antiquioribus
929 1969 1032 2023 aut
1076 1966 1508 2024 recentioribus
1540 1967 1603 2024 in
1636 1966 2033 2041 suspicionem
2068 1966 2268 2024 vocati
2314 1970 2456 2024 sunt
2501 1962 2586 2042 (4.
2623 1967 2680 2023 6.
2718 1966 2775 2021 8.

449 2051 545 2107 13.
602 2052 697 2108 14.
749 2053 845 2108 15.
896 2052 993 2108 17.
1044 2052 1142 2109 20.
1193 2050 1331 2123 23);
1396 2070 1465 2109 ex
1523 2054 1688 2109 octo
1750 2070 1900 2126 quae
1954 2052 2182 2108 restant
2238 2050 2520 2108 membris
2566 2053 2777 2124 quat-

442 2137 616 2193 tuor
661 2138 820 2206 sunt,
868 2153 1122 2209 quorum
1166 2135 1575 2194 additamenta
1619 2155 1978 2211 quamquam
2011 2154 2045 2191 a
2075 2136 2312 2194 nemine
2347 2135 2485 2192 dum
2520 2134 2781 2192 indicata

443 2226 642 2277 tamen
689 2220 810 2278 suis
856 2220 1225 2294 apertissime
1269 2239 1332 2278 se
1376 2221 1639 2296 produnt
1682 2220 1916 2278 indiciis
1962 2219 2049 2296 (2.
2104 2221 2199 2281 16.
2258 2220 2357 2281 21.
2415 2221 2550 2292 27),
2608 2218 2778 2289 duo,

442 2306 505 2362 in
550 2304 763 2379 quibus
810 2323 941 2363 cum
985 2304 1184 2379 plures
1230 2324 1437 2364 versus
1484 2306 1613 2381 pari
1662 2304 1946 2363 facilitate
1979 2304 2110 2362 tolli
2155 2306 2489 2378 possint,
2535 2308 2779 2379 propter

443 2390 636 2464 ipsam
683 2389 847 2447 illam
893 2409 1092 2464 parem
1138 2390 1490 2449 facilitatem
1534 2390 1712 2465 paulo
1757 2391 2043 2448 incertius
2089 2393 2209 2461 est,
2273 2389 2375 2463 qui
2414 2408 2615 2448 versus
2645 2389 2777 2447 tolli

444 2474 771 2532 debeant
812 2469 896 2554 (1.
933 2472 1071 2551 ll)3
1138 2495 1353 2533 unum
1402 2475 1672 2549 denique,
1720 2475 1782 2532 in
1830 2492 1947 2549 quo
1993 2493 2175 2531 unuin
2208 2493 2445 2533 versum
2493 2474 2782 2532 excidisse

443 2558 833 2633 probabiliter
886 2559 1282 2618 demonstrari
1340 2563 1539 2635 potest
1588 2554 1749 2638 (25).
1839 2560 1930 2618 Ita
1986 2579 2171 2617 unum
2217 2558 2574 2634 relinquitur
2620 2556 2777 2636 (10),

443 2645 506 2701 in
567 2662 685 2718 quo
743 2663 847 2702 cur
900 2644 996 2701 lex
1053 2645 1350 2720 strophica
1403 2644 1747 2704 consulto
1792 2645 2062 2720 neglecta
2106 2645 2212 2717 sit,
2273 2664 2344 2702 ex
2387 2645 2578 2719 ipsius
2624 2644 2775 2719 legis

444 2728 675 2786 ratione
718 2732 985 2804 apparet.

611 2813 737 2870 Iam
795 2833 864 2872 ex
920 2814 1031 2872 hoc
1088 2817 1439 2889 conspectu,
1501 2834 1678 2890 quam
1737 2833 1857 2873 non
1916 2815 2168 2873 obscura
2222 2814 2346 2872 sint
2389 2807 2778 2891 primigeniae

440 2897 665 2955 formae
697 2899 967 2975 vestigia,
1003 2898 1173 2958 facile
1200 2900 1603 2975 intellegitur:
1651 2900 1772 2970 sed,
1804 2917 1921 2974 quo
1955 2899 2282 2958 accuratius
2312 2899 2375 2956 in
2405 2899 2776 2974 singulorum

441 2980 981 3042 additamentorum
1029 2988 1304 3043 naturam
1350 2989 1410 3044 et
1452 3003 1657 3043 causas
1704 2984 2041 3058 inquiritur,
2093 3002 2160 3041 eo
2193 2984 2410 3042 clarius
2443 2985 2780 3058 certiusque

441 3067 533 3124 lex
592 3067 697 3125 illa
752 3069 1014 3145 effulget.
1105 3070 1344 3129 Etenim
1405 3071 1551 3128 tria
1607 3069 2151 3127 additamentorum
2208 3087 2428 3143 genera
2486 3068 2778 3143 distingui

442 3156 501 3209 ct
522 3157 775 3228 possunt
796 3157 857 3212 et
882 3153 1119 3226 debent,
1146 3173 1400 3230 quorum
1424 3155 1589 3230 prius
1622 3155 1978 3228 populare
2012 3153 2135 3211 sive
2164 3152 2539 3228 geograph
2559 3153 2774 3223 icum,

445 3237 698 3295 alterum
744 3233 1133 3312 poeticum
1180 3241 1305 3298 sive
1349 3238 1755 3296 Iliadicum
1802 3238 2100 3313 appellare
2146 3237 2313 3308 licet,
2360 3238 2599 3295 tertium
2645 3237 2775 3296 vul-

440 3341 611 3396 gares
656 3324 922 3381 continet
962 3324 1113 3382 varii
1161 3324 1395 3400 generis
1441 3323 2117 3397 interpolationes,
2164 3323 2366 3396 quales
2410 3323 2472 3380 in
2504 3321 2774 3380 Homeri-

443 3407 525 3465 cis
570 3408 772 3481 qualia
814 3407 989 3467 hodie
1032 3409 1307 3468 feruntur
1351 3409 1569 3483 ubique
1614 3408 1823 3466 obviae
1868 3411 2027 3466 sunt.

611 3492 702 3549 Ad
735 3494 943 3567 prius
974 3513 1162 3568 genus
1192 3493 1450 3569 primum
1482 3493 1893 3551 additamenta
1921 3492 2113 3550 refero
2144 3489 2348 3550 littera
2381 3493 2430 3549 A
2465 3492 2775 3562 instructa,

443 3596 592 3651 quae
639 3597 708 3635 eo
754 3577 1000 3636 consilio
1059 3579 1412 3655 interposita
1469 3595 1600 3636 esse
1663 3581 1937 3653 apparet,
1999 3580 2068 3634 ut
2124 3577 2313 3651 magis
2357 3595 2535 3650 quam
2582 3577 2780 3634 ieiuna

448 3663 563 3719 sert
608 3662 865 3738 catalogi
911 3662 1140 3722 indoles
1185 3664 1383 3740 gentis
1430 3662 1678 3721 alicuius
1726 3662 1850 3720 sive
1896 3665 2086 3720 terrae
2131 3661 2337 3718 laudes
2382 3661 2776 3719 celebrentur.

443 3746 575 3804 Huc
623 3746 912 3804 referendi
960 3752 1102 3805 sunt
1129 3748 1419 3823 imprimis
1454 3767 1512 3805 v.
1549 3748 1903 3806 549—551.
1954 3747 2308 3817 553—555,
2355 3746 2571 3820 quibus
2602 3746 2776 3803 dubi-

441 3832 555 3888 tari
613 3832 823 3906 nequit
876 3833 1020 3907 quin
1068 3833 1407 3890 Atticorum
1463 3831 1894 3907 rhapsodorum
1951 3831 2143 3905 pietas
2188 3830 2442 3905 patriam
2490 3849 2776 3888 exornare

441 3915 756 3974 studuerit.
849 3917 931 3974 Et
984 3921 1143 3975 recte
1197 3917 1306 3976 hoc
1361 3917 1475 3974 iam
1533 3916 1831 3974 intellexit
1874 3913 2241 3989 Zenodotus;
2289 3914 2406 3973 vid.
2474 3915 2670 3973 Schol.
2721 3915 2777 3972 A

441 4000 512 4058 ad
562 4002 711 4058 553:
779 3996 864 4058 ὅτι
925 3998 1255 4075 Ζηνόδοτος
1314 3996 1431 4058 ἀπὸ
1488 3994 1697 4059 τούτου
1754 4005 1907 4078 τρεῖς
1967 3998 2200 4075 στίχους
2244 3992 2572 4074 ἠθέτηκεν,
2629 3996 2777 4055 διότι

439 4080 551 4165 (sic
596 4085 899 4145 Bekkerus
944 4105 1051 4161 pro
1099 4087 1342 4162 vulgato
1388 4081 1610 4162 μήποτε
1656 4081 1721 4142 ὁὲ
1765 4080 2044 4163 coniecit)
2095 4081 2188 4140 διὰ
2245 4090 2362 4141 τῶν
2419 4080 2513 4141 ἐπὶ
2558 4081 2775 4160 μέρους

437 4164 716 4228 οὐδέποτε
760 4163 944 4228 αὐτὸν
987 4169 1382 4229 διατάσσοντα
1428 4168 1820 4245 συνέστησεν,
1881 4170 1976 4229 cui
2029 4189 2179 4245 quae
2237 4170 2336 4227 alii
2386 4169 2775 4227 Alexandrini

439 4348 513 4388 753
583 4334 630 4385 Α
692 4327 822 4387 οὐδ’
864 4325 896 4389 ὅ
932 4353 994 4401 γε
1034 4337 1264 4404 Πηνειῷ
1302 4338 1677 4405 συμμίσγεται
1713 4327 2093 4402 ἀργυροδίνῃ,

695 4399 843 4455 ἄλλά
880 4403 943 4457 τὲ
977 4424 1076 4472 μιν
1115 4405 1500 4473 καθύπερθεν
1543 4397 1820 4469 ἐπιρρέει,
1859 4398 1991 4468 ἠύτ’
2033 4403 2253 4457 ἔλαιον·

439 4483 514 4523 755
695 4465 895 4540 [ὅρκου
935 4472 1042 4540 γὰρ
1081 4472 1278 4526 δεινοῦ
1320 4467 1544 4540 Στυγὸς
1583 4463 1797 4530 ὕδατός
1834 4465 1988 4524 ἔστιν
2025 4465 2332 4539 ἀπορρώξ]
