3132 5129
1297 368 1755 431 -373—

522 520 598 581 V.
646 524 804 599 345,
863 544 1039 600 quem
1083 525 1280 584 locum
1338 545 1448 602 ego
1506 526 1649 584 olim
1706 526 1769 585 in
1825 526 2143 586 emendatt.
2204 548 2262 603 p.
2313 529 2435 587 258
2488 547 2686 587 emen·
2720 539 2787 587 28

350 607 547 667 dando
594 627 802 668 sanare
848 612 1249 686 tentaveram,
1297 611 1476 670 etiam
1521 611 1792 670 lacunam
1840 631 1966 671 esse
2011 612 2449 673 demonstravit
2493 612 2685 688 Spitz-

349 712 532 752 nerus
577 693 638 752 in
685 692 1010 753 observatt.
1057 714 1117 771 p.
1166 695 1287 753 312
1321 714 1409 772 sq.

517 776 588 837 V.
638 778 759 837 432
805 780 890 837 ita
933 780 997 838 in
1039 779 1263 838 Aldina
1306 781 1564 857 legitur:

608 885 758 972 ὦρτο
802 891 864 955 δ’
912 894 1031 972 ἄρα
1076 895 1299 970 κτύπος
1344 895 1547 970 αἰνός·
1595 897 1833 959 καίοντο
1875 895 1942 958 δὲ
1984 895 2179 959 πάντα

600 977 972 1060 Ἀντιμάχοιο
1013 979 1305 1061 μέλαθρα.

349 1104 610 1161 Metrum
655 1102 935 1161 laborans
989 1102 1168 1162 variis
1212 1102 1405 1162 modis
1461 1122 1671 1179 parum
1726 1103 1981 1163 feliciter
2034 1106 2268 1180 explere
2323 1107 2684 1166 studuerunt

348 1187 636 1245 editores:
686 1178 837 1264 ὁμοῦ
882 1188 977 1246 vel
1032 1178 1192 1263 ἅδην
1233 1187 1730 1263 RhodomannuS,
1789 1184 1949 1265 ἄγαν
1992 1190 2268 1250 Pauwius
2325 1193 2464 1266 post
2514 1187 2682 1260 αἰνός

348 1272 533 1330 addit.
611 1271 729 1332 Sed
776 1271 872 1331 bic
913 1271 1130 1331 bonam
1175 1273 1316 1332 fecit
1360 1273 1868 1334 observationem:
1919 1275 2077 1350 „Sed
2123 1275 2265 1351 quid
2311 1270 2510 1334 πάντα
2550 1270 2677 1333 Ἀν-

350 1352 615 1432 τιμάχοιο
657 1354 975 1433 μέλαθραῗ
1021 1357 1168 1416 Idne
1212 1358 1464 1433 aptum?
1532 1357 1751 1419 Credat
1793 1359 2048 1419 Iudaeus
2093 1360 2310 1434 Apella
2360 1381 2480 1421 non
2536 1379 2678 1436 ego:

348 1441 506 1500 haud
552 1441 730 1501 dubie
774 1442 998 1519 aliquid
1041 1445 1183 1517 post
1211 1439 1409 1501 πάντα
1437 1444 1671 1504 interiit
1700 1445 1986 1519 temporis
2030 1444 2311 1506 iniuria.“
2382 1446 2680 1522 Equidem

346 1528 542 1586 totum
587 1526 781 1586 locum
827 1528 912 1586 ita
956 1528 1394 1587 constituerim:

601 1635 753 1722 ὦρτο
798 1635 859 1702 δ’
906 1640 1024 1724 ἄρα
1068 1642 1292 1717 κτύπος
1335 1641 1504 1716 αἰνός
1601 1669 1634 1705 *
1764 1669 1792 1705 a
1924 1668 1959 1708 *
2084 1668 2119 1708 *

602 1751 632 1788 ια
762 1751 798 1789 *
926 1750 961 1790 *
1086 1751 1122 1790 *
1249 1752 1284 1789 *
1409 1751 1445 1790 ηε
1529 1727 2119 1792 καίοντοὸὲπάντα

594 1893 969 1977 Ἀντιμάχοιο
1009 1897 1301 1979 μέλαθρα.

325 2020 621 2078 Primum
668 2040 720 2080 v.
767 2020 893 2080 430
948 2024 1354 2081 memorantur
1407 2021 1584 2081 aedes
1629 2040 1780 2096 quae
1825 2040 1859 2079 a
1914 2019 2155 2082 Graecis
2207 2026 2564 2083 evertuntur
2618 2028 2681 2083 et

351 2104 669 2164 diruuntur
713 2100 1170 2184 (κατηρείποντο
1211 2101 1481 2183 μέλαθρα
1521 2104 1530 2183 Ι
1570 2098 1873 2185 ὑψόθεν);
1917 2108 2031 2167 huc
2074 2107 2273 2182 pulvis
2300 2109 2565 2183 pertinet
2619 2113 2681 2169 et

344 2190 577 2266 fragm-3
624 2192 755 2249 tum
800 2194 1077 2251 narratur
1121 2192 1321 2251 omnia
1381 2192 1706 2268 deflagrata
1750 2212 1895 2254 esse.
1972 2192 2182 2251 Plures
2226 2194 2427 2251 autem
2473 2212 2676 2254 versus

346 2277 486 2349 post
528 2294 584 2333 v.
630 2275 752 2333 432
801 2275 1082 2335 videntur
1123 2272 1454 2353 periisse¹).

518 2359 882 2421 Perventum
927 2360 1044 2419 iam
1095 2364 1188 2419 est
1236 2361 1310 2420 ad
1369 2362 1719 2420 ultimum
1763 2360 2055 2419 librum.
2128 2359 2221 2419 Ibi
2264 2362 2402 2437 post
2445 2382 2503 2422 v.
2554 2364 2674 2422 166

597 2474 805 2553 μηκέτι
848 2484 965 2537 νῦν
1007 2472 1263 2555 μέμνησ’
1312 2470 1436 2536 ἄλλ’
1488 2475 1730 2555 ἴσχομεν
1771 2473 1957 2557 ἄλγεα
2000 2480 2214 2559 θυμῷ,

343 2619 522 2676 quem
567 2618 676 2659 nec
720 2619 754 2657 a
800 2597 1115 2675 Spitznero
1160 2599 1222 2657 in
1267 2599 1590 2659 observatt.
1622 2619 1679 2674 p.
1717 2599 1794 2655 27
1842 2597 1915 2656 ab
1963 2599 2122 2657 omni
2170 2599 2545 2658 dubitatione
2578 2600 2673 2659 de·

342 2685 575 2743 sensum
622 2703 731 2744 nec
776 2704 811 2742 a
854 2702 1153 2761 quoquam
1196 2686 1355 2743 recte
1385 2681 1766 2743 emendatum
1800 2683 2083 2759 arbitror,
2129 2688 2267 2760 post
2310 2704 2446 2743 eum
2489 2684 2677 2762 igitur

340 2788 579 2828 versum
645 2771 707 2829 in
763 2767 928 2831 Caes.
976 2770 1025 2827 B
1083 2768 1447 2845 adscriptum
1505 2771 1627 2828 est:
1691 2766 1946 2826 λείπει.
2035 2768 2208 2840 Quod
2265 2769 2552 2829 iudicium
2608 2775 2677 2830 ut

336 2855 766 2930 amplectamur
812 2854 1060 2913 suadere
1106 2853 1386 2914 videntur
1429 2873 1581 2929 quae
1624 2853 1830 2914 statim
1876 2855 2237 2930 sequuntur:

598 2965 745 3030 ἄλλα
791 2968 870 3029 τὰ
912 2968 1045 3049 μέν
1089 2991 1229 3030 που
1270 2964 1517 3030 πάντα
1560 2967 1739 3047 μέλας
1786 2963 1962 3048 δόμος
2007 2966 2171 3042 ἐντὸς
2217 2966 2462 3050 ἔὲργοι

590 3048 806 3133 λήθης·

337 3177 388 3235 Ε
433 3177 650 3252 quibus
693 3177 823 3235 iure
868 3177 1187 3236 concludas
1228 3180 1368 3236 ante
1412 3195 1480 3236 ea
1508 3176 1827 3237 nonnullos
1858 3195 2066 3235 versus
2098 3176 2240 3235 olim
2273 3176 2456 3236 lectos
2488 3176 2672 3236 fuisse

337 3263 556 3338 quibus
601 3261 759 3319 mala
802 3281 837 3319 a
879 3262 1150 3320 Menelao
1195 3265 1258 3321 et
1300 3261 1532 3320 Helena
1574 3261 1832 3320 tolerata
1874 3259 2138 3320 breviter
2181 3264 2354 3320 erant
2384 3260 2670 3320 indicata.

505 3346 595 3488 1211l
605 3347 889 3489 §ratione
932 3346 1183 3405 Achillis
1228 3346 1302 3404 ad
1345 3345 1535 3404 filium
1591 3363 1711 3405 non
1760 3346 2075 3405 cohaerent
2134 3364 2285 3421 quae
2342 3345 2490 3404 dicit
2533 3346 2671 3404 inde

337 3450 372 3488 a
416 3451 472 3491 v.

588 3539 667 3612 τῷ
709 3552 810 3607 μοι
856 3540 974 3590 νῦν
1015 3527 1164 3590 κατὰ
1210 3527 1419 3608 θυμὸν
1462 3527 1785 3612 ἐελδομένῳ
1828 3528 1963 3609 περὶ
2004 3524 2248 3590 πάντων

590 3615 789 3693 ληίδος
824 3612 897 3675 'en
944 3614 1246 3693 Πριάμοιο
1293 3615 1668 3694 Πολυξείνην
1711 3611 2008 3675 ἐύπεπλον

591 3698 783 3780 ὄφρα
827 3701 1024 3773 θοοῖς
1068 3698 1317 3778 ρέξωσιν
1357 3734 1439 3745 -

334 3837 800 3897 Rhodomannus
830 3830 990 3913 ὄφρα
1020 3839 1185 3906 θοῶς
1216 3837 1400 3896 vertit
1429 3857 1644 3914 quam
1688 3838 2023 3912 primum.
2075 3837 2284 3912 Neque
2309 3836 2421 3895 hoc
2444 3836 2671 3896 Graeca

333 3922 625 3982 vocabula
669 3923 1007 3999 significant
1048 3940 1157 3982 nec
1202 3917 1359 3993 ὄφρα
1404 3922 1561 3998 quod
1609 3923 1742 3998 quis
1786 3921 2089 3998 putaverit
2116 3941 2184 3981 ex
2218 3918 2421 3979 ἔνισπε
2453 3941 2507 3979 v.
2542 3924 2663 3982 209
2696 3937 2762 3984 29
2854 3915 2861 3922 ⁸

331 4008 590 4084 pendere
635 4010 837 4083 potest
878 4007 1209 4067 interiectis
1255 4013 1348 4088 τῷ
1390 4026 1489 4083 μοι
1546 4006 1684 4064 νῦν
1727 4010 1836 4066 etc.
1911 4006 2168 4065 Omnino
2215 4008 2275 4064 et
2319 4006 2502 4064 totius
2548 4007 2663 4065 loci

331 4093 698 4152 constructio
745 4092 942 4152 hiulca
986 4097 1078 4153 est
1131 4097 1192 4150 et
1241 4111 1334 4151 res
1388 4093 1597 4168 ignota
1640 4091 1815 4151 nimis
1863 4091 2110 4150 obscure
2166 4090 2406 4148 iubetur
2459 4110 2534 4148 ne
2580 4110 2664 4149 se—

333 4178 526 4252 pulcri
572 4176 812 4252 quidem
858 4177 951 4236 cui
996 4176 1391 4236 immactanda
1422 4177 1502 4235 sit
1532 4176 1835 4252 Polyxena
1864 4176 2023 4234 facta
2053 4175 2370 4234 mentione.
2433 4175 2666 4246 Quanto

473 4377 520 4440 1)
564 4375 722 4444 [Cod.
750 4375 968 4430 Parth:
997 4365 1139 4444 ὦρτο
1165 4370 1224 4429 δ’
1251 4370 1365 4443 ἄρα
1391 4369 1604 4436 κτύπος
1645 4369 1829 4437 αἰνός·
1866 4367 2011 4427 ύποτ
2050 4364 2287 4440 ομέοντο
2329 4367 2388 4426 δ’
2414 4349 2625 4443 Ἰοἷγυιαὶ
2655 4377 2661 4440 Ι

334 4443 534 4496 καίετο
571 4442 630 4497 δ’
671 4442 906 4499 Αἰνείαο
944 4443 1144 4513 δόμος,
1185 4444 1420 4498 καίοντο
1459 4440 1526 4497 δὲ
1562 4436 1772 4496 πάντα.
1830 4440 1992 4495 Treu.
2060 4483 2071 4497 .
2110 4441 2147 4497 l.
2186 4459 2239 4511 p.
2278 4441 2416 4511 372]
