3132 5129
1443 1354 1446 1359 .
1491 1263 1797 1347 XXIX.

419 1478 447 1525 τ
777 1454 869 1523 De
906 1453 1581 1523 Lacedaemoniorum
1620 1453 1887 1541 cryptia
1924 1446 2485 1546 commentatio¹).

641 1623 832 1682 Multa
874 1624 1118 1683 fuerunt
1163 1624 1320 1699 apud
1364 1624 1862 1682 Lacedaemonios
1907 1624 2211 1697 instituta,
2273 1623 2346 1681 de
2389 1622 2605 1697 quibus
2648 1640 2811 1680 nunc

474 1709 620 1767 certi
664 1709 810 1784 quid
856 1712 1112 1767 statuere
1168 1710 1268 1767 vix
1311 1727 1655 1784 possumus,
1714 1727 1848 1766 cum
1891 1710 2007 1767 iam
2054 1712 2319 1767 veterum
2377 1708 2448 1765 de
2505 1708 2577 1766 iis
2640 1707 2806 1765 testi-

474 1793 678 1851 monia
719 1797 823 1851 aut
866 1794 1040 1868 plane
1084 1793 1300 1852 ficticia
1345 1795 1466 1852 sint
1510 1797 1690 1868 atque
1734 1814 1770 1852 a
1815 1795 2065 1852 veritate
2096 1795 2320 1867 aliena,
2369 1795 2473 1850 aut
2515 1793 2601 1850 ita
2646 1810 2805 1850 com-

474 1878 713 1952 parata,
784 1880 852 1935 ut
914 1877 1058 1953 quid
1120 1880 1245 1937 veri
1312 1878 1374 1937 in
1440 1878 1537 1952 iis,
1609 1878 1752 1953 quid
1812 1878 1948 1938 falsi
2005 1879 2405 1952 contineatur,
2469 1878 2569 1936 vix
2627 1876 2807 1935 liceat

475 1962 827 2021 discernere.
904 1962 1034 2022 Hoc
1079 1963 1373 2038 imprimis
1419 1964 1596 2021 etiam
1639 1964 1799 2022 cadit
1842 1964 1903 2021 in
1950 1983 2047 2037 ea,
2112 1983 2260 2038 quae
2307 1964 2376 2021 de
2421 1961 2813 2020 Lacedaemo-

471 2048 706 2105 niorum
752 2048 813 2105 in
860 2047 1105 2106 Helotas
1154 2048 1503 2107 crudelitate
1547 2067 1581 2105 a
1624 2049 2012 2123 scriptoribus
2070 2052 2131 2105 et
2176 2048 2416 2107 Graecis
2463 2050 2523 2105 et
2566 2046 2800 2104 Latinis

471 2136 825 2209 narrantum
895 2151 1044 2207 quos
1108 2133 1264 2192 inter
1318 2134 1597 2209 princeps
1652 2137 1742 2193 est
1802 2134 2013 2208 Myron
2070 2134 2226 2207 apud
2286 2132 2508 2190 Athen.
2558 2130 2698 2189 XIV
2744 2150 2808 2204 p.

477 2218 596 2275 657
631 2218 699 2292 d,
757 2217 831 2278 cf.
890 2217 1051 2279 Plut.
1111 2218 1255 2293 Lyn.
1303 2238 1352 2277 c.
1402 2220 1480 2276 28
1529 2217 1632 2276 fin.
1711 2218 1829 2276 Sed
1884 2219 1991 2275 hae
2049 2218 2289 2292 quidem
2347 2217 2686 2291 similesque
2730 2216 2814 2273 fa-

471 2300 662 2360 bellae
709 2303 858 2360 bene
901 2304 1019 2361 iam
1065 2304 1402 2363 confutatae
1449 2304 1708 2361 sunt-ab
1753 2304 1856 2378 iis,
1907 2302 2008 2378 qui
2054 2302 2422 2377 temporibus
2467 2301 2812 2359 recentiori-

474 2386 584 2444 bus
628 2387 688 2445 in
737 2387 843 2446 has
895 2406 990 2447 res
1035 2389 1506 2465 inquisiverunt,
1565 2388 1649 2446 ita
1695 2392 1789 2462 ut,
1847 2388 1987 2462 quid
2037 2387 2108 2445 de
2167 2388 2240 2445 iis
2295 2388 2378 2445 sit
2432 2386 2809 2459 censendum,

471 2490 646 2530 nemo
712 2472 830 2529 iam
896 2474 1154 2548 ignoret.
1231 2474 1560 2549 Aliquanto
1627 2474 1909 2531 maiorem
1979 2475 2181 2531 movet
2246 2471 2681 2531 dubitationem
2748 2470 2810 2527 id

472 2556 1082 2617 Lacedaemoniorum
1129 2558 1506 2633 institutum,
1573 2558 1730 2633 quod
1788 2554 2108 2633 κρυπτείας
2153 2558 2393 2616 nomine
2452 2556 2808 2632 appellatur.

473 2642 553 2699 Et
597 2661 728 2699 cum
776 2644 1141 2717 antiquiores
1187 2644 1396 2702 harum
1443 2663 1641 2702 rerum
1687 2661 1985 2716 censoreS,
2043 2642 2347 2701 Plutarchi
2393 2643 2807 2701 auctoritatem

471 2726 761 2801 amplexi,
832 2747 1193 2803 magnopere
1249 2728 1752 2803 reprehenderent
1804 2728 2186 2803 Lycurgum,
2256 2729 2323 2784 ut
2397 2729 2498 2802 qui
2557 2727 2807 2786 Helotas

471 2810 880 2870 crudelissimo
925 2813 1137 2871 ferocis
1184 2814 1512 2871 iuventutis
1542 2812 1799 2871 arbitrio
1846 2813 2202 2886 subiecerit,
2249 2813 2474 2886 primus
2519 2813 2675 2870 inter
2717 2831 2803 2868 re-

472 2896 761 2955 centiores
807 2896 1259 2972 Barthelemyus
1304 2898 1367 2955 in
1415 2897 1828 2956 Anacharside
1872 2897 2045 2956 Tom.
2095 2895 2181 2954 IV
2230 2915 2288 2970 p.
2328 2899 2445 2953 155
2490 2899 2553 2954 et
2594 2916 2651 2971 p.
2685 2897 2804 2953 431

476 2981 681 3038 -435
729 2980 1157 3056 Spartanorum
1200 2982 1608 3057 legislatorem
1652 2981 1726 3040 ab
1771 2982 1880 3041 hoc
1911 2983 2159 3040 crimine
2193 2981 2507 3039 defendere
2552 2981 2804 3039 studuit.

473 3064 602 3123 Hoc
643 3069 842 3124 tamen
888 3085 1018 3124 cum
1065 3067 1306 3126 fecisset
1349 3085 1469 3125 non
1514 3068 1626 3141 ita,
1685 3070 1752 3124 ut
1797 3067 2079 3141 debebat,
2143 3066 2456 3125 oblocutus
2502 3067 2557 3123 ei
2601 3064 2807 3123 Manso

476 3149 540 3207 in
583 3149 771 3224 libr0,
818 3151 920 3225 qui
967 3150 1180 3226 Sparta
1224 3152 1598 3226 inscribitur,
1646 3151 1814 3208 Tom.
1857 3151 1886 3209 I
1931 3157 2099 3227 parte
2147 3154 2182 3208 2
2229 3172 2288 3226 p.
2330 3152 2659 3209 141—153
2705 3168 2807 3209 vo-

473 3233 590 3292 luit
632 3236 930 3310 evincere,
989 3236 1144 3295 bunc
1189 3255 1413 3295 morem
1458 3237 1615 3312 apud
1663 3235 1988 3310 Spartanos
2046 3237 2373 3295 obtinuisse
2434 3256 2468 3292 a
2523 3236 2801 3311 Lycurgo

414 3319 903 3395 Sintroductum,
960 3324 1029 3377 ut
1083 3327 1242 3380 certo
1303 3325 1571 3396 tempore
1629 3322 1871 3380 iuvenes
1915 3321 2150 3380 Helotis
2194 3321 2440 3379 insidias
2487 3324 2803 3392 struerent,

473 3407 534 3463 et
589 3423 723 3463 cum
777 3404 925 3464 alios
982 3409 1110 3464 tum
1165 3407 1609 3466 robustissimos
1678 3406 1990 3482 plerosque
2046 3407 2475 3464 interimerent.
2555 3406 2683 3475 Qua
2736 3405 2808 3461 de

476 3491 756 3564 opinione
803 3492 1005 3549 statim
1062 3511 1322 3568 agemus,
1397 3491 1587 3551 Multo
1644 3493 1864 3550 rectius
1923 3492 2030 3549 hac
2085 3492 2157 3550 de
2214 3511 2276 3548 re
2336 3491 2551 3548 statuit
2607 3489 2806 3550 Carol.

474 3573 680 3634 Odofr.
729 3575 1052 3635 Muellerus
1082 3577 1145 3634 in
1190 3577 1378 3650 libro,
1425 3596 1603 3652 quem
1663 3577 1734 3635 de
1780 3576 2170 3635 Doriensibus
2217 3576 2484 3649 scripsit,
2534 3574 2698 3632 Tom.
2745 3573 2807 3631 Π

472 3678 534 3733 p.
582 3660 834 3718 42—44
882 3657 993 3737 [=
1037 3681 1092 3735 p.
1141 3663 1391 3720 37—39
1439 3662 1533 3719 ed.
1582 3657 1742 3738 alt.],
1800 3682 1857 3737 p.
1910 3662 2028 3717 125
2077 3657 2288 3738 [121],
2346 3680 2407 3735 p.
2457 3661 2576 3718 302
2626 3655 2797 3738 [296]

479 3747 541 3801 et
586 3747 710 3804 310
761 3742 907 3823 [304
940 3742 1088 3823 sq.],
1135 3749 1340 3821 atque,
1400 3748 1503 3821 qui
1549 3765 1681 3804 eum
1728 3747 1913 3804 secuti
1959 3749 2130 3820 sunt,
2190 3745 2605 3804 Wachsmuth.
2649 3744 2800 3801 anti-

475 3829 655 3903 quitt.
705 3830 951 3890 Graeco.
1000 3830 1045 3904 I,
1099 3835 1128 3887 l
1179 3851 1238 3905 p.
1289 3832 1409 3888 219
1461 3829 1570 3905 [=
1614 3830 1642 3888 I
1687 3849 1747 3904 p.
1794 3831 1916 3889 462
1964 3829 2052 3888 ed.
2102 3829 2233 3904 alt]
2283 3833 2344 3888 et
2387 3828 2579 3888 Carol.
2627 3828 2800 3886 Fred.

471 3915 797 3975 Hermann.
842 3917 1157 3990 antiquitt.
1205 3915 1305 3973 Gr.
1352 3915 1531 3974 civili.
1579 3914 1619 3991 ξ
1651 3916 1730 3973 48
1776 3935 1836 3990 p.
1884 3917 1966 3974 90
1997 3934 2085 3989 sq.
2132 3910 2240 3992 [---
2273 3913 2312 3988 ξ
2344 3915 2422 3972 47
2460 3935 2520 3988 p.
2557 3913 2801 3971 152—4

474 4000 566 4058 ed.
612 3998 774 4076 IV.].
855 4000 971 4058 Sed
1021 4000 1080 4057 hi
1124 4000 1364 4075 quidem
1408 4020 1477 4058 ex
1522 4000 1809 4058 librorum
1839 4018 2077 4058 suorum
2107 4000 2337 4057 ratione
2382 3999 2644 4058 breviter
2673 4001 2801 4056 tan·

470 4089 599 4142 tum
643 4084 798 4144 hunc
841 4104 1069 4144 morem
1116 4086 1478 4161 attigerunt3
1539 4085 1642 4144 ille
1697 4087 1925 4159 autem,
1983 4103 2343 4160 quamquam
2399 4085 2587 4142 multa
2640 4085 2799 4141 recto

471 4170 738 4245 scripsit,
797 4171 1034 4228 videtur
1088 4173 1290 4229 tamen
1347 4169 1635 4245 quaedam
1691 4173 1751 4227 et
1816 4170 2116 4229 addidisse
2175 4172 2237 4228 et
2293 4169 2593 4244 omisisse,
2649 4186 2799 4243 quae

611 4337 660 4399 1)
703 4333 864 4403 [Viro
902 4332 1244 4401 amplissimo
1269 4333 1597 4387 Beniamino
1625 4331 1933 4387 Gottholdo
1959 4331 2270 4385 Weiskio
2349 4333 2611 4387 rofessori
2677 4347 2796 4385 rae-

473 4400 582 4479 sidi
616 4416 714 4454 suo
753 4399 900 4478 diem
936 4401 1186 4479 natalem
1232 4419 1281 4458 a.
1318 4403 1370 4460 d.
1411 4401 1505 4479 VI²
1559 4401 1640 4454 Id.
1682 4401 1826 4479 Aug..
1864 4399 2259 4454 MDCCCXXX
2357 4400 2449 4467 pie
2486 4350 2798 4471 gratnqatur

472 4470 711 4524 societas
747 4470 1081 4535 antiquaria.
1121 4469 1345 4536 Lipsiae
1387 4471 1536 4538 typis
1573 4468 1848 4534 Stantzn,
1885 4472 2107 4536 typogr.
2145 4468 2331 4537 acad]
