3132 5129
1342 403 1796 466 -147-

645 548 883 629 αὐτὰρ
927 548 1086 638 ἐπεὶ
1131 554 1256 614 διά
1303 577 1374 616 τε
1419 554 1801 627 σκόλοπας
1846 551 1970 614 καὶ
2013 548 2300 657 τάφρον
2345 550 2624 630 ἔβησαν

646 633 1093 733 φεύγοντες,
1139 639 1394 700 πολλοὶ
1440 638 1517 699 δὲ
1562 638 1800 718 δάμεν
1846 644 2113 697 Δαναῶν
2155 633 2291 696 ὑπὸ
2339 637 2631 715 χερσίν,

648 721 718 780 οἳ
757 717 888 799 μὲν
929 714 1016 799 δὴ
1060 720 1224 803 παρ’
1271 722 1525 803 ὄχεσφιν
1571 719 1977 803 ἐρητύοντο
2020 719 2408 798 μένοντες,

646 805 854 884 χλωροὶ
895 801 1046 867 ὑπαὶ
1089 808 1308 886 δείους,
1352 807 1779 915 πεφοβημένοι,
1824 807 2019 888 ἔγρετο
2062 805 2130 866 δὲ
2177 804 2330 878 Ζεὺς

634 890 803 969 Ἴδης
849 888 916 951 ἐν
957 903 1259 976 κορυφῇσι
1300 893 1460 974 παρὰ
1505 890 1919 974 χρυσοθρόνου
1946 891 2160 971 ”.Ηρης

393 1011 478 1069 Et
516 1013 828 1087 postquam
890 1014 1183 1073 excitatus
1225 1015 1501 1091 Iuppiter
1553 1017 1786 1074 remoto
1830 1014 2113 1089 Neptuno
2161 1011 2505 1086 Apollinem
2550 1012 2733 1085 misit,

269 1121 292 1128 -
395 1097 500 1172 qui
557 1095 869 1155 Hectorem
927 1117 958 1155 e
1012 1098 1299 1174 languore
1361 1101 1677 1160 resuscitat
1741 1099 2030 1174 novisque
2096 1097 2321 1156 viribus
2381 1100 2616 1154 auctum
2675 1098 2735 1154 in

393 1181 652 1240 Graecos
706 1182 928 1241 irruere
982 1183 1179 1259 iubet,
1236 1185 1448 1244 horum
1504 1185 1748 1260 quidem
1785 1184 2082 1260 principes
2127 1181 2435 1239 ordinibus
2481 1182 2730 1239 conden-

394 1266 540 1325 satis
583 1267 740 1326 illius
785 1265 1150 1342 aliquamdiu
1193 1271 1487 1344 impetum
1534 1270 1861 1340 sustinent,
1919 1271 1989 1326 ut
2041 1271 2370 1326 ceterarum
2429 1266 2731 1341 copiarum

391 1351 479 1408 ad
524 1369 743 1410 naves
788 1351 1113 1411 reditum
1159 1354 1484 1413 defendant
1516 1349 1793 1432 (πληθὺν
1835 1347 1983 1450 μὲν
1989 1348 2155 1409 ποτὶ
2199 1356 2385 1448 νῆας
2430 1343 2736 1423 ἀνώξομεν

392 1429 849 1493 ἀπονέεσθαι
912 1437 1056 1500 ibid.
1113 1439 1264 1510 295,
1332 1429 1520 1515 αὖταρ
1589 1432 1817 1496 ὀπίσσω
1883 1438 1892 1506 Ι
1948 1427 1987 1512 ἡ
2051 1426 2293 1513 πληθυς
2360 1430 2481 1493 ἐπὶ
2553 1441 2735 1510 νῆας

389 1513 644 1596 Ἀχαιῶν
684 1514 1100 1581 ἀπονέοντο
1143 1483 1288 1581 ibid.
1337 1521 1521 1603 305),
1580 1523 1767 1582 donec
1812 1522 2032 1596 Apollo
2092 1521 2252 1579 Iovis
2296 1520 2456 1580 iussa
2499 1538 2734 1579 exsecu-

396 1609 567 1665 turus
623 1610 684 1665 et
740 1605 948 1680 aegide
1006 1626 1292 1668 concussa
1346 1611 1409 1666 et
1467 1626 1605 1667 voce
1651 1609 1803 1666 elata
1858 1625 2159 1665 summum
2204 1606 2480 1664 omnibus
2524 1606 2740 1663 incutit

395 1694 705 1764 terrorem,
750 1696 822 1749 ut
863 1692 979 1749 iam
1025 1693 1226 1769 fugam
1274 1711 1580 1797 capessere
1611 1693 1901 1768 incipiant
1930 1686 2042 1768 (ω“ς
2089 1686 2480 1766 ἐφόβηθεν
2517 1683 2739 1765 Ἀχαιοι

391 1769 736 1845 ἀνάλκιδες·
770 1771 836 1833 ἐν
862 1773 974 1853 γὰρ
999 1770 1298 1835 Ἀπόλλων
1338 1784 1346 1848 Ι
1385 1767 1492 1854 ἧκε
1538 1771 1780 1854 φόβον
1809 1809 1892 1821 ——
1923 1776 2069 1834 ibid.
2104 1776 2226 1833 326
2259 1794 2347 1851 sq.
2355 1772 2399 1852 ),
2431 1794 2546 1850 quo
2580 1775 2739 1834 facto

396 1861 539 2004 3331
595 1860 836 1918 Troiani
896 1861 1126 1937 aliquot
1182 1862 1382 1922 hostes
1442 1862 1704 1938 spoliant
1757 1881 1793 1919 a
1844 1860 2095 1920 ducibus
2155 1861 2278 1920 suis
2337 1878 2536 1918 caesos
2593 1858 2738 1947 ibid.

553 1964 682 2021 sqq·

649 2096 730 2107 —
819 2097 900 2109 --
989 2096 1069 2107 -
1159 2097 1239 2107 —-
1291 2058 1518 2142 τόφρα
1562 2057 1621 2123 δ’
1666 2058 1889 2141 Ἀχαιοὶ

650 2143 894 2229 τάφρῳ
937 2146 1060 2208 καὶ
1105 2146 1616 2208 σκολόπεσσιν
1661 2143 2207 2224 ἐνιπλήξαντες
2253 2142 2530 2227 ὀρυκτῇ

648 2230 801 2291 ἔνθα
843 2230 944 2291 καὶ
988 2230 1143 2291 ἔνθα
1190 2231 1468 2313 φέβοντο,
1518 2232 1732 2293 δύοντο
1776 2228 1843 2291 δὲ
1886 2240 2073 2309 νῆας
2116 2225 2376 2339 ἆνάγκῃ,

399 2368 500 2426 ubi
557 2369 619 2426 in
676 2372 976 2444 postremo
1034 2389 1211 2429 versu
1271 2377 1461 2447 νῆας
1519 2371 1728 2446 scripsi
1787 2364 2117 2428 necessaria
2173 2368 2585 2427 emendatione
2631 2387 2738 2443 pro

400 2453 646 2528 vulgato
702 2455 989 2530 τεῖχος,
1046 2456 1206 2530 quod
1264 2476 1331 2514 ex
1391 2455 1842 2515 Teichomachia
1897 2458 1958 2514 et
2002 2453 2495 2530 Epinausimache
2549 2472 2740 2528 prono

401 2556 600 2599 errore
644 2539 882 2598 illatum
927 2543 1019 2599 est
1062 2542 1239 2600 etiam
1285 2542 1346 2602 in
1394 2542 1671 2617 Apatam,
1721 2559 1871 2618 quae
1916 2558 2196 2599 murum
2241 2538 2480 2614 ignorat
2521 2537 2742 2597 fossam

405 2627 637 2682 tantum
700 2643 834 2684 curn
892 2625 1067 2685 vallis
1128 2626 1368 2687 habens.
1457 2628 1708 2685 Rectum
1764 2645 1858 2685 me
1905 2625 2203 2685 invenisse
2247 2643 2367 2682 non
2414 2624 2607 2682 solum
2653 2624 2739 2682 in-

403 2708 606 2769 dicant
647 2728 797 2785 quae
842 2710 959 2767 iam
1003 2710 1319 2772 habuimus
1365 2731 1547 2787 supra
1599 2710 1651 2769 Θ
1680 2712 1802 2771 345

651 2826 711 2886 οἳ
751 2823 862 2903 μὲν
905 2823 982 2906 δὴ
1025 2825 1218 2906 παρὰ
1267 2826 1538 2906 νηυσὶν
1583 2822 1897 2907 ἐρητύοντο
1939 2824 2247 2904 μένοντες,

398 2945 503 3003 sed
547 2948 874 3007 certissime
917 2948 1176 3024 probant
1217 2953 1280 3007 et
1324 2968 1476 3025 quae
1521 2949 1746 3008 Hector
1791 2950 1993 3007 statim
2028 2948 2315 3006 Troianos
2364 2951 2565 3006 monet
2609 2966 2739 3021 spo-

403 3031 605 3090 liando
654 3037 971 3107 occupatos
1019 3033 1070 3091 Ο
1103 3034 1223 3093 347

657 3148 935 3226 νηυσὶν
979 3147 1416 3227 ἐπισσεύεσθαι,
1464 3147 1573 3210 ἐᾶν
1615 3146 1674 3210 δ’
1722 3149 1903 3229 ἔναρα
1947 3147 2303 3229 βροτόεντα,

399 3273 706 3413 Pg'dqug&
727 3270 940 3330 Achivi
999 3271 1257 3346 faciunt,
1316 3276 1637 3347 postquam
1697 3271 1911 3347 Apollo
1972 3272 2192 3331 fossam
2249 3270 2378 3330 solo
2437 3271 2738 3346 aequavit,

401 3374 417 3410 ι
469 3374 483 3410 ι
738 3375 827 3431 sq.

646 3465 897 3551 Ἀργεῖοι
940 3468 1008 3531 δὲ
1052 3481 1242 3533 νεῶν
1282 3469 1416 3551 μὲν
1460 3471 1856 3552 εχώρησαν
1898 3471 1998 3532 και
2041 3468 2277 3555 ἀνάγκῃ

654 3565 773 3616 τῶν
817 3556 1114 3636 πρωτέων,
1160 3554 1348 3618 αὐτοῦ
1393 3555 1459 3618 δὲ
1503 3557 1695 3638 παρὰ
1743 3558 2127 3640 κλισίῃσιν
2172 3535 2432 3635 ἔμειναν,

395 3681 458 3735 et
499 3696 652 3752 quae
695 3677 936 3737 Troiani
981 3678 1259 3738 Hectoris
1303 3697 1509 3739 vocem
1553 3681 1737 3739 secuti
1785 3679 1926 3738 ibid.
1976 3680 2096 3737 592

658 3794 852 3873 Τρῶες
895 3791 963 3854 δὲ
1006 3795 1268 3855 λείουσιν
1313 3792 1562 3868 ἐοικότες
1609 3791 1984 3875 ωμοφοίγοισι

655 3872 930 3955 νηυσὶν
976 3877 1498 3941 ἐπεσσεύοντο.

569 3999 687 4058 Sed
742 4001 816 4058 ad
874 4001 1092 4061 fossam
1150 4004 1446 4074 revertor,
1507 4022 1683 4078 quam
1738 4002 1924 4061 solam
1973 4002 2199 4076 Apatae
2259 4000 2484 4058 auctori
2536 4002 2741 4058 notam

396 4084 583 4143 fuisse
615 4086 856 4162 egregia
884 4087 1083 4159 etiam,
1115 4106 1266 4163 quae
1297 4087 1434 4145 inde
1466 4106 1500 4144 a
1522 4107 1581 4147 v.
1610 4088 1730 4145 352
1766 4087 2051 4162 sequitur,
2099 4084 2419 4160 descriptio
2452 4086 2740 4145 ostendit:

790 4196 873 4274 ὡς
918 4200 1105 4263 εἰπών
1146 4200 1384 4282 μαστιγι
1427 4200 1782 4280 κατωμαδὸν
1824 4200 2049 4281 ἤλασεν
2093 4200 2354 4277 ἵππους,

652 4286 1002 4365 κεκλόμενος
1052 4288 1318 4365 Τρώεσσι
1362 4286 1511 4347 κατὰ
1557 4287 1777 4365 στίχας.
1853 4286 1909 4345 οἳ
1954 4284 2019 4345 δὲ
2065 4282 2183 4345 σὺν
2225 4281 2388 4369 αὐτῷ

654 4370 873 4443 πάντες
916 4367 1348 4451 ὁμοκλήσαντες
1396 4370 1531 4451 ἕχον
1577 4371 1989 4451 ἐρυσαρματας
2035 4369 2256 4442 ἵππους

654 4450 771 4538 ἠχῇ
813 4456 1136 4540 θεσπεσίῃ·
1184 4456 1557 4537 προπαροιθε
1603 4454 1669 4517 δὲ
1718 4458 1943 4537 Φοῖβος
1985 4452 2288 4516 Ἀπόλλων

2343 4555 2443 4608 10*
