<?xml version="1.0" encoding="UTF-8"?>
<!DOCTYPE html PUBLIC "-//W3C//DTD XHTML 1.0 Transitional//EN"
    "http://www.w3.org/TR/xhtml1/DTD/xhtml1-transitional.dtd">
<html xmlns="http://www.w3.org/1999/xhtml" xml:lang="en" lang="en">
 <head>
  <title>
</title>
<meta http-equiv="Content-Type" content="text/html;charset=utf-8" />
  <meta name='ocr-system' content='tesseract 3.04.00' />
  <meta name='ocr-capabilities' content='ocr_page ocr_carea ocr_par ocr_line ocrx_word'/>
</head>
<body>
  <div class='ocr_page' id='page_1' title='image "./opusculaphilolo00koecgoog_0587.png"; bbox 0 0 3132 5129; ppageno 0'>
   <div class='ocr_carea' id='block_1_1' title="bbox 1300 360 1759 423">
    <p class='ocr_par' dir='ltr' id='par_1_1' title="bbox 1300 360 1759 423">
     <span class='ocr_line' id='line_1_1' title="bbox 1300 360 1759 423; baseline 0 -1"><span class='ocrx_word' id='word_1_1' title='bbox 1300 360 1759 423; x_wconf 81' lang='lat'><strong>—573-</strong></span> 
     </span>
    </p>
   </div>
   <div class='ocr_carea' id='block_1_2' title="bbox 346 506 2684 883">
    <p class='ocr_par' dir='ltr' id='par_1_2' title="bbox 346 506 2684 883">
     <span class='ocr_line' id='line_1_2' title="bbox 921 506 2113 594; baseline 0.002 -22"><span class='ocrx_word' id='word_1_2' title='bbox 921 549 1003 560; x_wconf 93' lang='lat'>—-</span> <span class='ocrx_word' id='word_1_3' title='bbox 1046 549 1128 559; x_wconf 89' lang='lat'>—</span> <span class='ocrx_word' id='word_1_4' title='bbox 1180 548 1252 558; x_wconf 88' lang='lat'>—-</span> <span class='ocrx_word' id='word_1_5' title='bbox 1301 514 1492 593; x_wconf 82' lang='grc' dir='ltr'><em>σχῆμα</em></span> <span class='ocrx_word' id='word_1_6' title='bbox 1534 510 1645 592; x_wconf 80' lang='grc' dir='ltr'>μὲν</span> <span class='ocrx_word' id='word_1_7' title='bbox 1688 506 1797 594; x_wconf 72' lang='grc' dir='ltr'>γὰρ</span> <span class='ocrx_word' id='word_1_8' title='bbox 1835 506 2113 587; x_wconf 78' lang='grc' dir='ltr'><strong><em>Ἑλλάδος</em></strong></span> 
     </span>
     <span class='ocr_line' id='line_1_3' title="bbox 838 594 1366 678; baseline 0.008 -20"><span class='ocrx_word' id='word_1_9' title='bbox 838 601 1045 678; x_wconf 83' lang='grc' dir='ltr'><strong><em>στολῆς</em></strong></span> <span class='ocrx_word' id='word_1_10' title='bbox 1089 594 1366 678; x_wconf 74' lang='grc' dir='ltr'><strong><em>ὑπάρχει.</em></strong></span> 
     </span>
     <span class='ocr_line' id='line_1_4' title="bbox 517 702 2684 780; baseline 0.001 -19"><span class='ocrx_word' id='word_1_11' title='bbox 517 703 592 763; x_wconf 90' lang='lat' dir='ltr'>V.</span> <span class='ocrx_word' id='word_1_12' title='bbox 631 704 753 763; x_wconf 84' lang='lat'>572</span> <span class='ocrx_word' id='word_1_13' title='bbox 777 723 905 779; x_wconf 88' lang='lat' dir='ltr'>sqq.</span> <span class='ocrx_word' id='word_1_14' title='bbox 974 702 1215 763; x_wconf 76' lang='lat' dir='ltr'><strong>Orestes</strong></span> <span class='ocrx_word' id='word_1_15' title='bbox 1279 703 1794 780; x_wconf 77' lang='lat' dir='ltr'>indignabunduS,</span> <span class='ocrx_word' id='word_1_16' title='bbox 1868 704 2029 779; x_wconf 86' lang='lat' dir='ltr'>quod</span> <span class='ocrx_word' id='word_1_17' title='bbox 2085 702 2381 780; x_wconf 76' lang='lat' dir='ltr'>Apollinis</span> <span class='ocrx_word' id='word_1_18' title='bbox 2448 704 2684 763; x_wconf 85' lang='lat' dir='ltr'>oraculo</span> 
     </span>
     <span class='ocr_line' id='line_1_5' title="bbox 346 789 2530 883; baseline 0 -36"><span class='ocrx_word' id='word_1_19' title='bbox 346 790 607 866; x_wconf 86' lang='lat' dir='ltr'>maligne</span> <span class='ocrx_word' id='word_1_20' title='bbox 653 790 1122 883; x_wconf 85' lang='lat' dir='ltr'>circumventum</span> <span class='ocrx_word' id='word_1_21' title='bbox 1165 808 1225 848; x_wconf 90' lang='lat' dir='ltr'>se</span> <span class='ocrx_word' id='word_1_22' title='bbox 1271 789 1616 865; x_wconf 77' lang='lat' dir='ltr'>arbitratur,</span> <span class='ocrx_word' id='word_1_23' title='bbox 1664 789 1728 847; x_wconf 91' lang='lat' dir='ltr'>in</span> <span class='ocrx_word' id='word_1_24' title='bbox 1771 789 1875 846; x_wconf 87' lang='lat' dir='ltr'>has</span> <span class='ocrx_word' id='word_1_25' title='bbox 1922 789 2195 864; x_wconf 82' lang='lat' dir='ltr'>querelas</span> <span class='ocrx_word' id='word_1_26' title='bbox 2240 791 2530 865; x_wconf 75' lang='lat' dir='ltr'>erumpit:</span> 
     </span>
    </p>
   </div>
   <div class='ocr_carea' id='block_1_3' title="bbox 749 900 2256 1238">
    <p class='ocr_par' dir='ltr' id='par_1_3' title="bbox 749 900 2256 1238">
     <span class='ocr_line' id='line_1_6' title="bbox 750 900 2095 985; baseline 0 -20"><span class='ocrx_word' id='word_1_27' title='bbox 750 900 934 977; x_wconf 72' lang='grc' dir='ltr'><strong><em>πολὺς</em></strong></span> <span class='ocrx_word' id='word_1_28' title='bbox 976 901 1272 985; x_wconf 81' lang='grc' dir='ltr'><strong><em>ταραγμὸς</em></strong></span> <span class='ocrx_word' id='word_1_29' title='bbox 1318 903 1382 965; x_wconf 78' lang='grc' dir='ltr'>ἔν</span> <span class='ocrx_word' id='word_1_30' title='bbox 1425 927 1484 966; x_wconf 80' lang='grc' dir='ltr'>τε</span> <span class='ocrx_word' id='word_1_31' title='bbox 1529 909 1653 977; x_wconf 82' lang='grc' dir='ltr'><strong><em>τοῖς</em></strong></span> <span class='ocrx_word' id='word_1_32' title='bbox 1694 904 1886 977; x_wconf 83' lang='grc' dir='ltr'><em>θείοις</em></span> <span class='ocrx_word' id='word_1_33' title='bbox 1931 903 2019 965; x_wconf 74' lang='grc' dir='ltr'>ἔνι</span> <span class='ocrx_word' id='word_1_34' title='bbox 2090 936 2095 937; x_wconf 45' lang='grc'><em>’</em></span> 
     </span>
     <span class='ocr_line' id='line_1_7' title="bbox 755 987 2189 1070; baseline -0.001 -20"><span class='ocrx_word' id='word_1_35' title='bbox 755 987 874 1050; x_wconf 67' lang='lat' dir='ltr'>xciv</span> <span class='ocrx_word' id='word_1_36' title='bbox 916 996 1037 1063; x_wconf 83' lang='grc' dir='ltr'><em>τοῖς</em></span> <span class='ocrx_word' id='word_1_37' title='bbox 1081 990 1395 1070; x_wconf 79' lang='grc' dir='ltr'><em>βροτείοις·</em></span> <span class='ocrx_word' id='word_1_38' title='bbox 1434 991 1510 1050; x_wconf 59' lang='grc' dir='ltr'>*ἐν</span> <span class='ocrx_word' id='word_1_39' title='bbox 1555 988 1619 1051; x_wconf 80' lang='grc' dir='ltr'>δὲ</span> <span class='ocrx_word' id='word_1_40' title='bbox 1662 996 1933 1051; x_wconf 84' lang='grc' dir='ltr'><strong><em>λυπεῖται</em></strong></span> <span class='ocrx_word' id='word_1_41' title='bbox 1974 989 2189 1069; x_wconf 75' lang='grc' dir='ltr'><em>μόνον,</em></span> 
     </span>
     <span class='ocr_line' id='line_1_8' title="bbox 749 1070 2256 1155; baseline -0.001 -20"><span class='ocrx_word' id='word_1_42' title='bbox 749 1073 842 1136; x_wconf 79' lang='grc' dir='ltr'>ὅτ’</span> <span class='ocrx_word' id='word_1_43' title='bbox 891 1070 1002 1135; x_wconf 77' lang='grc' dir='ltr'>οὐκ</span> <span class='ocrx_word' id='word_1_44' title='bbox 1047 1074 1259 1155; x_wconf 75' lang='grc' dir='ltr'><strong><em>ἄφρων</em></strong></span> <span class='ocrx_word' id='word_1_45' title='bbox 1303 1072 1392 1136; x_wconf 69' lang='grc' dir='ltr'>ὧν</span> <span class='ocrx_word' id='word_1_46' title='bbox 1432 1072 1705 1153; x_wconf 76' lang='grc' dir='ltr'><strong><em>μάντεων</em></strong></span> <span class='ocrx_word' id='word_1_47' title='bbox 1746 1074 2014 1147; x_wconf 77' lang='grc' dir='ltr'><strong><em>πεισθεὶς</em></strong></span> <span class='ocrx_word' id='word_1_48' title='bbox 2059 1076 2256 1155; x_wconf 79' lang='grc' dir='ltr'><strong><em>λόγοις</em></strong></span> 
     </span>
     <span class='ocr_line' id='line_1_9' title="bbox 754 1156 1874 1238; baseline 0.001 -18"><span class='ocrx_word' id='word_1_49' title='bbox 754 1159 994 1238; x_wconf 80' lang='grc' dir='ltr'><strong><em>ὄλωλεν,</em></strong></span> <span class='ocrx_word' id='word_1_50' title='bbox 1043 1156 1123 1233; x_wconf 79' lang='grc' dir='ltr'>ὥς</span> <span class='ocrx_word' id='word_1_51' title='bbox 1169 1159 1350 1221; x_wconf 82' lang='grc' dir='ltr'><strong><em>ὄλωλε</em></strong></span> <span class='ocrx_word' id='word_1_52' title='bbox 1394 1167 1587 1221; x_wconf 81' lang='grc' dir='ltr'><strong><em>τοῖσιν</em></strong></span> <span class='ocrx_word' id='word_1_53' title='bbox 1630 1156 1874 1222; x_wconf 81' lang='grc' dir='ltr'><strong><em>εἰδόσιν.</em></strong></span> 
     </span>
    </p>
   </div>
   <div class='ocr_carea' id='block_1_4' title="bbox 345 1280 2686 2039">
    <p class='ocr_par' dir='ltr' id='par_1_4' title="bbox 345 1280 2686 2039">
     <span class='ocr_line' id='line_1_10' title="bbox 351 1280 2685 1363; baseline 0 -22"><span class='ocrx_word' id='word_1_54' title='bbox 351 1282 446 1341; x_wconf 90' lang='lat' dir='ltr'>Ad</span> <span class='ocrx_word' id='word_1_55' title='bbox 490 1302 548 1341; x_wconf 83' lang='lat' dir='ltr'>v.</span> <span class='ocrx_word' id='word_1_56' title='bbox 582 1282 724 1357; x_wconf 83' lang='lat'>573,</span> <span class='ocrx_word' id='word_1_57' title='bbox 760 1281 843 1358; x_wconf 67' lang='lat' dir='ltr'>⁸de</span> <span class='ocrx_word' id='word_1_58' title='bbox 888 1301 1006 1358; x_wconf 92' lang='lat' dir='ltr'>quo</span> <span class='ocrx_word' id='word_1_59' title='bbox 1049 1282 1144 1340; x_wconf 88' lang='lat' dir='ltr'>hic</span> <span class='ocrx_word' id='word_1_60' title='bbox 1188 1284 1444 1341; x_wconf 82' lang='lat' dir='ltr'><strong>maxime</strong></span> <span class='ocrx_word' id='word_1_61' title='bbox 1487 1284 1719 1359; x_wconf 83' lang='lat' dir='ltr'>agitur,</span> <span class='ocrx_word' id='word_1_62' title='bbox 1777 1282 1921 1341; x_wconf 91' lang='lat' dir='ltr'>haec</span> <span class='ocrx_word' id='word_1_63' title='bbox 1978 1284 2069 1340; x_wconf 89' lang='lat' dir='ltr'>est</span> <span class='ocrx_word' id='word_1_64' title='bbox 2110 1280 2462 1340; x_wconf 84' lang='lat' dir='ltr'>Kirchhoffii</span> <span class='ocrx_word' id='word_1_65' title='bbox 2506 1281 2685 1363; x_wconf 49' lang='lat' dir='ltr'>adno-</span> 
     </span>
     <span class='ocr_line' id='line_1_11' title="bbox 347 1364 2685 1443; baseline -0.001 -17"><span class='ocrx_word' id='word_1_66' title='bbox 347 1368 524 1426; x_wconf 86' lang='lat' dir='ltr'>tatio:</span> <span class='ocrx_word' id='word_1_67' title='bbox 580 1368 896 1443; x_wconf 79' lang='grc' dir='ltr'><strong><em>,,λυπεΐται</em></strong></span> <span class='ocrx_word' id='word_1_68' title='bbox 939 1368 1016 1442; x_wconf 85' lang='grc' dir='ltr'>Β,</span> <span class='ocrx_word' id='word_1_69' title='bbox 1079 1364 1335 1425; x_wconf 84' lang='grc' dir='ltr'><strong><em>λείπεται</em></strong></span> <span class='ocrx_word' id='word_1_70' title='bbox 1381 1367 1432 1427; x_wconf 81' lang='lat'><em>0</em></span> <span class='ocrx_word' id='word_1_71' title='bbox 1469 1386 1582 1428; x_wconf 88' lang='lat' dir='ltr'>sec.</span> <span class='ocrx_word' id='word_1_72' title='bbox 1628 1368 1902 1442; x_wconf 83' lang='lat' dir='ltr'>Furiam,</span> <span class='ocrx_word' id='word_1_73' title='bbox 1960 1369 2233 1424; x_wconf 80' lang='grc' dir='ltr'><strong><em>λυπεῖται</em></strong></span> <span class='ocrx_word' id='word_1_74' title='bbox 2286 1385 2398 1426; x_wconf 90' lang='lat' dir='ltr'>sec.</span> <span class='ocrx_word' id='word_1_75' title='bbox 2434 1366 2685 1425; x_wconf 87' lang='lat' dir='ltr'>Victori-</span> 
     </span>
     <span class='ocr_line' id='line_1_12' title="bbox 348 1451 2685 1529; baseline -0 -18"><span class='ocrx_word' id='word_1_76' title='bbox 348 1472 520 1527; x_wconf 87' lang='lat' dir='ltr'>num,</span> <span class='ocrx_word' id='word_1_77' title='bbox 578 1453 735 1512; x_wconf 91' lang='lat' dir='ltr'>unde</span> <span class='ocrx_word' id='word_1_78' title='bbox 780 1454 1048 1529; x_wconf 89' lang='lat' dir='ltr'>suspicor</span> <span class='ocrx_word' id='word_1_79' title='bbox 1090 1457 1414 1529; x_wconf 89' lang='lat' dir='ltr'>utrumque</span> <span class='ocrx_word' id='word_1_80' title='bbox 1458 1454 1522 1511; x_wconf 92' lang='lat' dir='ltr'>in</span> <span class='ocrx_word' id='word_1_81' title='bbox 1564 1472 1636 1512; x_wconf 93' lang='lat' dir='ltr'>eo</span> <span class='ocrx_word' id='word_1_82' title='bbox 1681 1452 1882 1512; x_wconf 91' lang='lat' dir='ltr'>codice</span> <span class='ocrx_word' id='word_1_83' title='bbox 1925 1451 2077 1528; x_wconf 89' lang='lat' dir='ltr'>legi,</span> <span class='ocrx_word' id='word_1_84' title='bbox 2135 1471 2272 1510; x_wconf 90' lang='lat' dir='ltr'>nam</span> <span class='ocrx_word' id='word_1_85' title='bbox 2326 1453 2505 1511; x_wconf 88' lang='lat' dir='ltr'>etiam</span> <span class='ocrx_word' id='word_1_86' title='bbox 2549 1471 2685 1527; x_wconf 90' lang='lat' dir='ltr'>app.</span> 
     </span>
     <span class='ocr_line' id='line_1_13' title="bbox 345 1534 2684 1614; baseline 0 -19"><span class='ocrx_word' id='word_1_87' title='bbox 345 1538 510 1596; x_wconf 87' lang='lat' dir='ltr'>Parr.</span> <span class='ocrx_word' id='word_1_88' title='bbox 560 1538 675 1595; x_wconf 89' lang='lat' dir='ltr'>duo</span> <span class='ocrx_word' id='word_1_89' title='bbox 719 1541 1018 1614; x_wconf 80' lang='grc' dir='ltr'><strong><em>λυπεῖται,</em></strong></span> <span class='ocrx_word' id='word_1_90' title='bbox 1079 1539 1322 1597; x_wconf 84' lang='lat' dir='ltr'>tertium</span> <span class='ocrx_word' id='word_1_91' title='bbox 1367 1534 1659 1613; x_wconf 77' lang='grc' dir='ltr'><strong><em>λείπεται,</em></strong></span> <span class='ocrx_word' id='word_1_92' title='bbox 1721 1558 1752 1597; x_wconf 92' lang='lat' dir='ltr'>e</span> <span class='ocrx_word' id='word_1_93' title='bbox 1795 1556 1913 1613; x_wconf 89' lang='lat' dir='ltr'>quo</span> <span class='ocrx_word' id='word_1_94' title='bbox 1959 1538 2220 1614; x_wconf 88' lang='lat' dir='ltr'>sublegit</span> <span class='ocrx_word' id='word_1_95' title='bbox 2263 1557 2392 1596; x_wconf 85' lang='lat' dir='ltr'>eam</span> <span class='ocrx_word' id='word_1_96' title='bbox 2436 1538 2684 1613; x_wconf 84' lang='lat' dir='ltr'>scriptu-</span> 
     </span>
     <span class='ocr_line' id='line_1_14' title="bbox 347 1622 2686 1699; baseline -0 -18"><span class='ocrx_word' id='word_1_97' title='bbox 347 1642 471 1681; x_wconf 88' lang='lat' dir='ltr'>ram</span> <span class='ocrx_word' id='word_1_98' title='bbox 502 1623 799 1682; x_wconf 84' lang='lat' dir='ltr'>Musurus.</span> <span class='ocrx_word' id='word_1_99' title='bbox 859 1627 1123 1682; x_wconf 89' lang='lat' dir='ltr'>ceterum</span> <span class='ocrx_word' id='word_1_100' title='bbox 1152 1626 1293 1699; x_wconf 89' lang='lat' dir='ltr'>post</span> <span class='ocrx_word' id='word_1_101' title='bbox 1319 1623 1476 1683; x_wconf 91' lang='lat' dir='ltr'>hunc</span> <span class='ocrx_word' id='word_1_102' title='bbox 1520 1641 1760 1683; x_wconf 85' lang='lat' dir='ltr'>versum</span> <span class='ocrx_word' id='word_1_103' title='bbox 1804 1622 2092 1681; x_wconf 90' lang='lat' dir='ltr'>nonnulla</span> <span class='ocrx_word' id='word_1_104' title='bbox 2135 1622 2459 1682; x_wconf 90' lang='lat' dir='ltr'>desiderari</span> <span class='ocrx_word' id='word_1_105' title='bbox 2504 1623 2686 1681; x_wconf 85' lang='lat' dir='ltr'>mani-</span> 
     </span>
     <span class='ocr_line' id='line_1_15' title="bbox 345 1707 2685 1785; baseline -0 -20"><span class='ocrx_word' id='word_1_106' title='bbox 345 1708 564 1767; x_wconf 78' lang='lat' dir='ltr'>festum</span> <span class='ocrx_word' id='word_1_107' title='bbox 596 1707 747 1769; x_wconf 89' lang='lat' dir='ltr'>est.“</span> <span class='ocrx_word' id='word_1_108' title='bbox 816 1707 1047 1767; x_wconf 90' lang='lat' dir='ltr'>Vellem</span> <span class='ocrx_word' id='word_1_109' title='bbox 1078 1708 1353 1785; x_wconf 88' lang='lat' dir='ltr'>equidem</span> <span class='ocrx_word' id='word_1_110' title='bbox 1384 1709 1475 1767; x_wconf 87' lang='lat' dir='ltr'>vir</span> <span class='ocrx_word' id='word_1_111' title='bbox 1517 1709 1593 1767; x_wconf 89' lang='lat' dir='ltr'>de</span> <span class='ocrx_word' id='word_1_112' title='bbox 1622 1707 1911 1782; x_wconf 84' lang='lat' dir='ltr'>Euripide</span> <span class='ocrx_word' id='word_1_113' title='bbox 1956 1708 2179 1783; x_wconf 90' lang='lat' dir='ltr'>optime</span> <span class='ocrx_word' id='word_1_114' title='bbox 2222 1708 2470 1767; x_wconf 90' lang='lat' dir='ltr'>meritus</span> <span class='ocrx_word' id='word_1_115' title='bbox 2499 1708 2685 1766; x_wconf 87' lang='lat' dir='ltr'>mani·</span> 
     </span>
     <span class='ocr_line' id='line_1_16' title="bbox 347 1792 2684 1870; baseline 0.001 -20"><span class='ocrx_word' id='word_1_116' title='bbox 347 1793 561 1852; x_wconf 87' lang='lat' dir='ltr'>festum</span> <span class='ocrx_word' id='word_1_117' title='bbox 622 1792 1006 1869; x_wconf 82' lang='lat' dir='ltr'>reddidisset,</span> <span class='ocrx_word' id='word_1_118' title='bbox 1069 1794 1326 1870; x_wconf 89' lang='lat' dir='ltr'>qualia</span> <span class='ocrx_word' id='word_1_119' title='bbox 1378 1797 1515 1870; x_wconf 88' lang='lat' dir='ltr'>post</span> <span class='ocrx_word' id='word_1_120' title='bbox 1568 1812 1704 1853; x_wconf 90' lang='lat' dir='ltr'>eum</span> <span class='ocrx_word' id='word_1_121' title='bbox 1760 1811 1996 1852; x_wconf 83' lang='lat' dir='ltr'>versum</span> <span class='ocrx_word' id='word_1_122' title='bbox 2052 1792 2377 1852; x_wconf 88' lang='lat' dir='ltr'>desiderari</span> <span class='ocrx_word' id='word_1_123' title='bbox 2433 1794 2684 1868; x_wconf 85' lang='lat' dir='ltr'>possint.</span> 
     </span>
     <span class='ocr_line' id='line_1_17' title="bbox 345 1876 2683 1954; baseline 0.001 -19"><span class='ocrx_word' id='word_1_124' title='bbox 345 1876 514 1946; x_wconf 82' lang='lat' dir='ltr'>Quod</span> <span class='ocrx_word' id='word_1_125' title='bbox 569 1878 906 1953; x_wconf 88' lang='lat' dir='ltr'>ubicunque</span> <span class='ocrx_word' id='word_1_126' title='bbox 963 1897 1084 1938; x_wconf 91' lang='lat' dir='ltr'>non</span> <span class='ocrx_word' id='word_1_127' title='bbox 1126 1878 1196 1937; x_wconf 88' lang='lat' dir='ltr'>fit</span> <span class='ocrx_word' id='word_1_128' title='bbox 1239 1898 1273 1937; x_wconf 89' lang='lat' dir='ltr'>a</span> <span class='ocrx_word' id='word_1_129' title='bbox 1317 1879 1519 1938; x_wconf 87' lang='lat' dir='ltr'>critico</span> <span class='ocrx_word' id='word_1_130' title='bbox 1564 1879 1812 1938; x_wconf 90' lang='lat' dir='ltr'>lacunae</span> <span class='ocrx_word' id='word_1_131' title='bbox 1858 1878 2253 1953; x_wconf 82' lang='lat' dir='ltr'>suspicionem</span> <span class='ocrx_word' id='word_1_132' title='bbox 2299 1881 2683 1954; x_wconf 81' lang='lat' dir='ltr'>proponente,</span> 
     </span>
     <span class='ocr_line' id='line_1_18' title="bbox 346 1963 2686 2039; baseline -0.001 -17"><span class='ocrx_word' id='word_1_133' title='bbox 346 1983 474 2022; x_wconf 87' lang='lat' dir='ltr'>eam</span> <span class='ocrx_word' id='word_1_134' title='bbox 507 1964 898 2039; x_wconf 85' lang='lat' dir='ltr'>suspicionem</span> <span class='ocrx_word' id='word_1_135' title='bbox 927 1964 1076 2022; x_wconf 88' lang='lat' dir='ltr'>nihil</span> <span class='ocrx_word' id='word_1_136' title='bbox 1108 1981 1231 2022; x_wconf 90' lang='lat' dir='ltr'>esse</span> <span class='ocrx_word' id='word_1_137' title='bbox 1259 1964 1374 2022; x_wconf 87' lang='lat' dir='ltr'>nisi</span> <span class='ocrx_word' id='word_1_138' title='bbox 1419 1964 1579 2023; x_wconf 87' lang='lat' dir='ltr'>haud</span> <span class='ocrx_word' id='word_1_139' title='bbox 1624 1963 1942 2023; x_wconf 87' lang='lat' dir='ltr'>obscurum</span> <span class='ocrx_word' id='word_1_140' title='bbox 1988 1963 2228 2023; x_wconf 81' lang='lat' dir='ltr'>criticae</span> <span class='ocrx_word' id='word_1_141' title='bbox 2274 1964 2686 2039; x_wconf 80' lang='lat' dir='ltr'>„paupertatis</span> 
     </span>
    </p>
   </div>
   <div class='ocr_carea' id='block_1_5' title="bbox 346 2037 2802 2124">
    <p class='ocr_par' dir='ltr' id='par_1_5' title="bbox 346 2037 2802 2124">
     <span class='ocr_line' id='line_1_19' title="bbox 346 2037 2802 2124; baseline 0 -18"><span class='ocrx_word' id='word_1_142' title='bbox 346 2047 802 2107; x_wconf 89' lang='lat' dir='ltr'>testimonium“</span> <span class='ocrx_word' id='word_1_143' title='bbox 857 2049 1244 2124; x_wconf 85' lang='lat' dir='ltr'>pronuntiare</span> <span class='ocrx_word' id='word_1_144' title='bbox 1300 2066 1420 2107; x_wconf 91' lang='lat' dir='ltr'>non</span> <span class='ocrx_word' id='word_1_145' title='bbox 1479 2048 1720 2124; x_wconf 89' lang='lat' dir='ltr'>dubit0,</span> <span class='ocrx_word' id='word_1_146' title='bbox 1780 2067 1959 2123; x_wconf 90' lang='lat' dir='ltr'>quam</span> <span class='ocrx_word' id='word_1_147' title='bbox 2014 2051 2427 2124; x_wconf 86' lang='lat' dir='ltr'>paupertatem</span> <span class='ocrx_word' id='word_1_148' title='bbox 2483 2051 2685 2123; x_wconf 87' lang='lat' dir='ltr'>aperte</span> <span class='ocrx_word' id='word_1_149' title='bbox 2792 2037 2802 2046; x_wconf 75' lang='grc'><strong>’</strong></span> 
     </span>
    </p>
   </div>
   <div class='ocr_carea' id='block_1_6' title="bbox 347 2132 2695 4166">
    <p class='ocr_par' dir='ltr' id='par_1_6' title="bbox 347 2132 2695 4166">
     <span class='ocr_line' id='line_1_20' title="bbox 352 2132 2684 2209; baseline 0 -18"><span class='ocrx_word' id='word_1_150' title='bbox 352 2133 622 2209; x_wconf 86' lang='lat' dir='ltr'>profiteri</span> <span class='ocrx_word' id='word_1_151' title='bbox 667 2152 842 2208; x_wconf 90' lang='lat' dir='ltr'>quam</span> <span class='ocrx_word' id='word_1_152' title='bbox 867 2133 1107 2193; x_wconf 66' lang='lat' dir='ltr'>⁴frivola</span> <span class='ocrx_word' id='word_1_153' title='bbox 1149 2134 1549 2209; x_wconf 87' lang='lat' dir='ltr'>coniecturae,</span> <span class='ocrx_word' id='word_1_154' title='bbox 1610 2152 1760 2209; x_wconf 89' lang='lat' dir='ltr'>quae</span> <span class='ocrx_word' id='word_1_155' title='bbox 1804 2132 1972 2191; x_wconf 90' lang='lat' dir='ltr'>nulla</span> <span class='ocrx_word' id='word_1_156' title='bbox 2016 2136 2123 2208; x_wconf 87' lang='lat' dir='ltr'>est,</span> <span class='ocrx_word' id='word_1_157' title='bbox 2170 2134 2361 2208; x_wconf 87' lang='lat' dir='ltr'>specie</span> <span class='ocrx_word' id='word_1_158' title='bbox 2406 2133 2684 2208; x_wconf 87' lang='lat' dir='ltr'>obtegere</span> 
     </span>
     <span class='ocr_line' id='line_1_21' title="bbox 349 2216 2685 2294; baseline 0 -19"><span class='ocrx_word' id='word_1_159' title='bbox 349 2219 539 2294; x_wconf 87' lang='lat' dir='ltr'>magis</span> <span class='ocrx_word' id='word_1_160' title='bbox 585 2216 771 2277; x_wconf 87' lang='lat' dir='ltr'>decet.</span> <span class='ocrx_word' id='word_1_161' title='bbox 859 2218 941 2277; x_wconf 87' lang='lat' dir='ltr'>Et</span> <span class='ocrx_word' id='word_1_162' title='bbox 995 2236 1135 2277; x_wconf 89' lang='lat' dir='ltr'>sane</span> <span class='ocrx_word' id='word_1_163' title='bbox 1182 2219 1231 2277; x_wconf 88' lang='lat' dir='ltr'>si</span> <span class='ocrx_word' id='word_1_164' title='bbox 1277 2219 1617 2277; x_wconf 84' lang='lat' dir='ltr'>criticorum</span> <span class='ocrx_word' id='word_1_165' title='bbox 1675 2218 1839 2277; x_wconf 83' lang='lat' dir='ltr'>varia</span> <span class='ocrx_word' id='word_1_166' title='bbox 1882 2216 2295 2294; x_wconf 70' lang='lat' dir='ltr'>percensdrnus</span> <span class='ocrx_word' id='word_1_167' title='bbox 2337 2218 2685 2291; x_wconf 82' lang='lat' dir='ltr'>tentamina,</span> 
     </span>
     <span class='ocr_line' id='line_1_22' title="bbox 356 2295 2686 2378; baseline -0 -18"><span class='ocrx_word' id='word_1_168' title='bbox 356 2302 537 2361; x_wconf 87' lang='lat' dir='ltr'>alium</span> <span class='ocrx_word' id='word_1_169' title='bbox 584 2301 658 2360; x_wconf 90' lang='lat' dir='ltr'>ab</span> <span class='ocrx_word' id='word_1_170' title='bbox 701 2302 820 2362; x_wconf 90' lang='lat' dir='ltr'>alio</span> <span class='ocrx_word' id='word_1_171' title='bbox 865 2303 1226 2378; x_wconf 87' lang='lat' dir='ltr'>refutatum,</span> <span class='ocrx_word' id='word_1_172' title='bbox 1286 2303 1517 2361; x_wconf 91' lang='lat' dir='ltr'>nullum</span> <span class='ocrx_word' id='word_1_173' title='bbox 1575 2314 1715 2362; x_wconf 81' lang='lat' dir='ltr'>vero</span> <span class='ocrx_word' id='word_1_174' title='bbox 1775 2321 1983 2361; x_wconf 89' lang='lat' dir='ltr'>eorum</span> <span class='ocrx_word' id='word_1_175' title='bbox 2026 2295 2277 2376; x_wconf 74' lang='grc' dir='ltr'><strong><em>ἀπορίας</em></strong></span> <span class='ocrx_word' id='word_1_176' title='bbox 2325 2302 2686 2361; x_wconf 89' lang='lat' dir='ltr'>solutionem</span> 
     </span>
     <span class='ocr_line' id='line_1_23' title="bbox 349 2385 2686 2464; baseline 0 -19"><span class='ocrx_word' id='word_1_177' title='bbox 349 2388 644 2448; x_wconf 90' lang='lat' dir='ltr'>invenisse</span> <span class='ocrx_word' id='word_1_178' title='bbox 673 2388 960 2447; x_wconf 83' lang='lat' dir='ltr'>videmus.</span> <span class='ocrx_word' id='word_1_179' title='bbox 1035 2388 1464 2464; x_wconf 82' lang='lat' dir='ltr'>Musgravium‚</span> <span class='ocrx_word' id='word_1_180' title='bbox 1510 2388 1614 2463; x_wconf 91' lang='lat' dir='ltr'>qui</span> <span class='ocrx_word' id='word_1_181' title='bbox 1659 2385 1915 2445; x_wconf 85' lang='grc' dir='ltr'><strong><em>λείπεται</em></strong></span> <span class='ocrx_word' id='word_1_182' title='bbox 1946 2387 2387 2446; x_wconf 83' lang='lat' dir='ltr'>commendavit</span> <span class='ocrx_word' id='word_1_183' title='bbox 2417 2387 2686 2445; x_wconf 86' lang='lat' dir='ltr'>Orestem</span> 
     </span>
     <span class='ocr_line' id='line_1_24' title="bbox 351 2471 2685 2548; baseline -0 -17"><span class='ocrx_word' id='word_1_184' title='bbox 351 2472 674 2531; x_wconf 84' lang='lat' dir='ltr'>arbitratus</span> <span class='ocrx_word' id='word_1_185' title='bbox 733 2472 925 2531; x_wconf 88' lang='lat' dir='ltr'>dicere</span> <span class='ocrx_word' id='word_1_186' title='bbox 979 2473 1130 2548; x_wconf 87' lang='lat' dir='ltr'>„hoc</span> <span class='ocrx_word' id='word_1_187' title='bbox 1186 2492 1368 2531; x_wconf 89' lang='lat' dir='ltr'>unum</span> <span class='ocrx_word' id='word_1_188' title='bbox 1426 2474 1488 2531; x_wconf 91' lang='lat' dir='ltr'>in</span> <span class='ocrx_word' id='word_1_189' title='bbox 1543 2472 1717 2531; x_wconf 91' lang='lat' dir='ltr'>malis</span> <span class='ocrx_word' id='word_1_190' title='bbox 1762 2472 2021 2531; x_wconf 87' lang='lat' dir='ltr'>solatii</span> <span class='ocrx_word' id='word_1_191' title='bbox 2067 2471 2180 2529; x_wconf 88' lang='lat' dir='ltr'>sibi</span> <span class='ocrx_word' id='word_1_192' title='bbox 2224 2471 2496 2531; x_wconf 88' lang='lat' dir='ltr'>relictum</span> <span class='ocrx_word' id='word_1_193' title='bbox 2540 2490 2685 2547; x_wconf 88' lang='lat' dir='ltr'>esse,</span> 
     </span>
     <span class='ocr_line' id='line_1_25' title="bbox 351 2556 2687 2635; baseline 0 -19"><span class='ocrx_word' id='word_1_194' title='bbox 351 2558 511 2635; x_wconf 92' lang='lat' dir='ltr'>quod</span> <span class='ocrx_word' id='word_1_195' title='bbox 569 2577 692 2617; x_wconf 90' lang='lat' dir='ltr'>non</span> <span class='ocrx_word' id='word_1_196' title='bbox 745 2558 989 2634; x_wconf 87' lang='lat' dir='ltr'>propria</span> <span class='ocrx_word' id='word_1_197' title='bbox 1046 2558 1474 2634; x_wconf 86' lang='lat' dir='ltr'>imprudentia,</span> <span class='ocrx_word' id='word_1_198' title='bbox 1534 2558 1639 2618; x_wconf 91' lang='lat' dir='ltr'>sed</span> <span class='ocrx_word' id='word_1_199' title='bbox 1683 2560 1889 2618; x_wconf 82' lang='lat' dir='ltr'>vatum</span> <span class='ocrx_word' id='word_1_200' title='bbox 1933 2556 2176 2616; x_wconf 89' lang='lat' dir='ltr'>monitis</span> <span class='ocrx_word' id='word_1_201' title='bbox 2221 2556 2687 2633; x_wconf 89' lang='lat' dir='ltr'>obtemperando</span> 
     </span>
     <span class='ocr_line' id='line_1_26' title="bbox 349 2640 2688 2720; baseline -0 -17"><span class='ocrx_word' id='word_1_202' title='bbox 349 2663 410 2703; x_wconf 91' lang='lat' dir='ltr'>se</span> <span class='ocrx_word' id='word_1_203' title='bbox 453 2643 647 2720; x_wconf 90' lang='lat' dir='ltr'>ipsum</span> <span class='ocrx_word' id='word_1_204' title='bbox 691 2642 1078 2719; x_wconf 87' lang='lat' dir='ltr'>perdiderit“,</span> <span class='ocrx_word' id='word_1_205' title='bbox 1111 2677 1194 2687; x_wconf 92' lang='lat'>—</span> <span class='ocrx_word' id='word_1_206' title='bbox 1226 2663 1361 2703; x_wconf 90' lang='lat' dir='ltr'>eum</span> <span class='ocrx_word' id='word_1_207' title='bbox 1405 2644 1647 2719; x_wconf 89' lang='lat' dir='ltr'>quidem</span> <span class='ocrx_word' id='word_1_208' title='bbox 1691 2646 1849 2702; x_wconf 89' lang='lat' dir='ltr'>recte</span> <span class='ocrx_word' id='word_1_209' title='bbox 1891 2643 2176 2702; x_wconf 89' lang='lat' dir='ltr'>refutavit</span> <span class='ocrx_word' id='word_1_210' title='bbox 2218 2640 2538 2718; x_wconf 87' lang='lat' dir='ltr'>Seidlerus,</span> <span class='ocrx_word' id='word_1_211' title='bbox 2587 2642 2688 2702; x_wconf 91' lang='lat' dir='ltr'>sed</span> 
     </span>
     <span class='ocr_line' id='line_1_27' title="bbox 349 2727 2685 2805; baseline -0 -18"><span class='ocrx_word' id='word_1_212' title='bbox 349 2729 474 2805; x_wconf 89' lang='lat' dir='ltr'>ipse</span> <span class='ocrx_word' id='word_1_213' title='bbox 519 2729 674 2805; x_wconf 89' lang='lat' dir='ltr'>quod</span> <span class='ocrx_word' id='word_1_214' title='bbox 721 2729 970 2789; x_wconf 87' lang='lat' dir='ltr'>retinuit</span> <span class='ocrx_word' id='word_1_215' title='bbox 1015 2731 1366 2787; x_wconf 84' lang='grc' dir='ltr'><strong><em>λυπεῖται</em></strong></span> <span class='ocrx_word' id='word_1_216' title='bbox 1408 2729 1482 2789; x_wconf 91' lang='lat' dir='ltr'>de</span> <span class='ocrx_word' id='word_1_217' title='bbox 1514 2728 1725 2790; x_wconf 87' lang='lat' dir='ltr'>Oreste</span> <span class='ocrx_word' id='word_1_218' title='bbox 1754 2727 2237 2804; x_wconf 84' lang='lat' dir='ltr'>intellegendum,</span> <span class='ocrx_word' id='word_1_219' title='bbox 2284 2746 2460 2803; x_wconf 89' lang='lat' dir='ltr'>quam</span> <span class='ocrx_word' id='word_1_220' title='bbox 2506 2729 2685 2787; x_wconf 88' lang='lat' dir='ltr'>inter-</span> 
     </span>
     <span class='ocr_line' id='line_1_28' title="bbox 348 2813 2688 2891; baseline -0 -18"><span class='ocrx_word' id='word_1_221' title='bbox 348 2816 749 2889; x_wconf 83' lang='lat' dir='ltr'>pretationem</span> <span class='ocrx_word' id='word_1_222' title='bbox 780 2814 1051 2874; x_wconf 87' lang='lat' dir='ltr'>Klotzius</span> <span class='ocrx_word' id='word_1_223' title='bbox 1079 2814 1407 2891; x_wconf 87' lang='lat' dir='ltr'>adoptavit,</span> <span class='ocrx_word' id='word_1_224' title='bbox 1453 2814 1515 2873; x_wconf 90' lang='lat' dir='ltr'>id</span> <span class='ocrx_word' id='word_1_225' title='bbox 1547 2833 1652 2873; x_wconf 89' lang='lat' dir='ltr'>suo</span> <span class='ocrx_word' id='word_1_226' title='bbox 1696 2814 1826 2872; x_wconf 90' lang='lat' dir='ltr'>iure</span> <span class='ocrx_word' id='word_1_227' title='bbox 1855 2814 2060 2872; x_wconf 89' lang='lat' dir='ltr'>reiecit</span> <span class='ocrx_word' id='word_1_228' title='bbox 2090 2813 2490 2873; x_wconf 77' lang='lat' dir='ltr'>HermannuS.</span> <span class='ocrx_word' id='word_1_229' title='bbox 2564 2814 2688 2872; x_wconf 88' lang='lat' dir='ltr'>Nec</span> 
     </span>
     <span class='ocr_line' id='line_1_29' title="bbox 347 2891 2687 2975; baseline 0 -17"><span class='ocrx_word' id='word_1_230' title='bbox 347 2900 444 2959; x_wconf 87' lang='lat' dir='ltr'>hic</span> <span class='ocrx_word' id='word_1_231' title='bbox 504 2902 706 2959; x_wconf 85' lang='lat' dir='ltr'>tamen</span> <span class='ocrx_word' id='word_1_232' title='bbox 765 2900 1074 2960; x_wconf 86' lang='lat' dir='ltr'>scribendo</span> <span class='ocrx_word' id='word_1_233' title='bbox 1131 2896 1214 2957; x_wconf 72' lang='grc' dir='ltr'>’ἓν</span> <span class='ocrx_word' id='word_1_234' title='bbox 1281 2893 1347 2957; x_wconf 77' lang='grc' dir='ltr'>δὲ</span> <span class='ocrx_word' id='word_1_235' title='bbox 1412 2901 1825 2958; x_wconf 81' lang='grc' dir='ltr'><strong><em>λυπεῖσθαι</em></strong></span> <span class='ocrx_word' id='word_1_236' title='bbox 1888 2891 2075 2975; x_wconf 81' lang='grc' dir='ltr'>μόνον</span> <span class='ocrx_word' id='word_1_237' title='bbox 2132 2918 2337 2958; x_wconf 85' lang='lat' dir='ltr'>verum</span> <span class='ocrx_word' id='word_1_238' title='bbox 2391 2899 2687 2958; x_wconf 86' lang='lat' dir='ltr'>invenisse</span> 
     </span>
     <span class='ocr_line' id='line_1_30' title="bbox 349 2984 2684 3062; baseline 0 -19"><span class='ocrx_word' id='word_1_239' title='bbox 349 2985 649 3059; x_wconf 88' lang='lat' dir='ltr'>putandus</span> <span class='ocrx_word' id='word_1_240' title='bbox 693 2988 802 3059; x_wconf 89' lang='lat' dir='ltr'>est,</span> <span class='ocrx_word' id='word_1_241' title='bbox 849 3004 1210 3062; x_wconf 85' lang='lat' dir='ltr'>quamquam</span> <span class='ocrx_word' id='word_1_242' title='bbox 1256 2985 1683 3061; x_wconf 87' lang='lat' dir='ltr'>obsequentem</span> <span class='ocrx_word' id='word_1_243' title='bbox 1739 2984 1886 3043; x_wconf 88' lang='lat' dir='ltr'>adeo</span> <span class='ocrx_word' id='word_1_244' title='bbox 1931 2984 2144 3043; x_wconf 89' lang='lat' dir='ltr'>habuit</span> <span class='ocrx_word' id='word_1_245' title='bbox 2185 2984 2538 3043; x_wconf 89' lang='lat' dir='ltr'>acerrimum</span> <span class='ocrx_word' id='word_1_246' title='bbox 2585 2984 2684 3043; x_wconf 93' lang='lat' dir='ltr'>ob-</span> 
     </span>
     <span class='ocr_line' id='line_1_31' title="bbox 351 3069 2689 3147; baseline 0 -20"><span class='ocrx_word' id='word_1_247' title='bbox 351 3071 730 3129; x_wconf 86' lang='lat' dir='ltr'>trectatorem</span> <span class='ocrx_word' id='word_1_248' title='bbox 776 3069 1178 3147; x_wconf 84' lang='lat' dir='ltr'>Hartungum.</span> <span class='ocrx_word' id='word_1_249' title='bbox 1265 3070 1422 3129; x_wconf 86' lang='lat' dir='ltr'>Nam</span> <span class='ocrx_word' id='word_1_250' title='bbox 1465 3089 1574 3130; x_wconf 89' lang='lat' dir='ltr'>nec</span> <span class='ocrx_word' id='word_1_251' title='bbox 1619 3069 1914 3128; x_wconf 88' lang='lat' dir='ltr'>sententia</span> <span class='ocrx_word' id='word_1_252' title='bbox 1969 3070 2075 3127; x_wconf 87' lang='lat' dir='ltr'>illa</span> <span class='ocrx_word' id='word_1_253' title='bbox 2129 3069 2513 3145; x_wconf 85' lang='lat' dir='ltr'>universalis,</span> <span class='ocrx_word' id='word_1_254' title='bbox 2571 3087 2689 3145; x_wconf 88' lang='lat' dir='ltr'>qua</span> 
     </span>
     <span class='ocr_line' id='line_1_32' title="bbox 351 3153 2689 3240; baseline 0 -28"><span class='ocrx_word' id='word_1_255' title='bbox 351 3157 510 3213; x_wconf 91' lang='lat' dir='ltr'>recte</span> <span class='ocrx_word' id='word_1_256' title='bbox 554 3173 695 3214; x_wconf 90' lang='lat' dir='ltr'>sane</span> <span class='ocrx_word' id='word_1_257' title='bbox 740 3154 1037 3214; x_wconf 85' lang='lat' dir='ltr'>diceretur</span> <span class='ocrx_word' id='word_1_258' title='bbox 1081 3156 1183 3240; x_wconf 89' lang='lat' dir='ltr'>„in</span> <span class='ocrx_word' id='word_1_259' title='bbox 1227 3155 1583 3214; x_wconf 86' lang='lat' dir='ltr'>humanis</span> <span class='ocrx_word' id='word_1_260' title='bbox 1627 3155 1803 3214; x_wconf 88' lang='lat' dir='ltr'>rebus</span> <span class='ocrx_word' id='word_1_261' title='bbox 1846 3154 1994 3212; x_wconf 88' lang='lat' dir='ltr'>nihil</span> <span class='ocrx_word' id='word_1_262' title='bbox 2038 3155 2231 3213; x_wconf 89' lang='lat' dir='ltr'>inesse</span> <span class='ocrx_word' id='word_1_263' title='bbox 2276 3172 2455 3228; x_wconf 91' lang='lat' dir='ltr'>quam</span> <span class='ocrx_word' id='word_1_264' title='bbox 2486 3153 2689 3213; x_wconf 89' lang='lat' dir='ltr'>dolore</span> 
     </span>
     <span class='ocr_line' id='line_1_33' title="bbox 354 3237 2687 3314; baseline 0 -18"><span class='ocrx_word' id='word_1_265' title='bbox 354 3238 568 3314; x_wconf 85' lang='lat' dir='ltr'>affici“,</span> <span class='ocrx_word' id='word_1_266' title='bbox 613 3239 741 3298; x_wconf 91' lang='lat' dir='ltr'>ullo</span> <span class='ocrx_word' id='word_1_267' title='bbox 789 3243 961 3314; x_wconf 85' lang='lat' dir='ltr'>pacto</span> <span class='ocrx_word' id='word_1_268' title='bbox 993 3241 1175 3300; x_wconf 88' lang='lat' dir='ltr'>etiam</span> <span class='ocrx_word' id='word_1_269' title='bbox 1204 3241 1278 3299; x_wconf 87' lang='lat' dir='ltr'>ad</span> <span class='ocrx_word' id='word_1_270' title='bbox 1308 3259 1401 3298; x_wconf 90' lang='lat' dir='ltr'>res</span> <span class='ocrx_word' id='word_1_271' title='bbox 1446 3239 1751 3298; x_wconf 88' lang='lat' dir='ltr'>divinas</span> <span class='ocrx_word' id='word_1_272' title='bbox 1794 3238 2106 3298; x_wconf 86' lang='lat' dir='ltr'>transferri</span> <span class='ocrx_word' id='word_1_273' title='bbox 2138 3241 2356 3314; x_wconf 85' lang='lat' dir='ltr'>potest,</span> <span class='ocrx_word' id='word_1_274' title='bbox 2404 3241 2466 3297; x_wconf 91' lang='lat' dir='ltr'>et</span> <span class='ocrx_word' id='word_1_275' title='bbox 2497 3237 2687 3297; x_wconf 89' lang='lat' dir='ltr'>eidem</span> 
     </span>
     <span class='ocr_line' id='line_1_34' title="bbox 353 3319 2687 3400; baseline 0 -20"><span class='ocrx_word' id='word_1_276' title='bbox 353 3324 678 3383; x_wconf 87' lang='lat' dir='ltr'>sententiae</span> <span class='ocrx_word' id='word_1_277' title='bbox 729 3324 887 3383; x_wconf 88' lang='lat' dir='ltr'>haud</span> <span class='ocrx_word' id='word_1_278' title='bbox 940 3329 1077 3400; x_wconf 89' lang='lat' dir='ltr'>apte</span> <span class='ocrx_word' id='word_1_279' title='bbox 1131 3343 1239 3400; x_wconf 90' lang='lat' dir='ltr'>per</span> <span class='ocrx_word' id='word_1_280' title='bbox 1293 3324 1476 3383; x_wconf 90' lang='lat' dir='ltr'>solam</span> <span class='ocrx_word' id='word_1_281' title='bbox 1532 3325 1809 3398; x_wconf 86' lang='lat' dir='ltr'>copulam</span> <span class='ocrx_word' id='word_1_282' title='bbox 1873 3319 1945 3380; x_wconf 80' lang='grc' dir='ltr'>τέ</span> <span class='ocrx_word' id='word_1_283' title='bbox 2011 3323 2355 3383; x_wconf 79' lang='lat' dir='ltr'>adnectitur</span> <span class='ocrx_word' id='word_1_284' title='bbox 2409 3322 2687 3381; x_wconf 88' lang='lat' dir='ltr'>ultimum</span> 
     </span>
     <span class='ocr_line' id='line_1_35' title="bbox 353 3408 2685 3486; baseline 0 -21"><span class='ocrx_word' id='word_1_285' title='bbox 353 3408 687 3466; x_wconf 90' lang='lat' dir='ltr'>membrum</span> <span class='ocrx_word' id='word_1_286' title='bbox 740 3409 918 3483; x_wconf 89' lang='lat' dir='ltr'>plane</span> <span class='ocrx_word' id='word_1_287' title='bbox 972 3410 1151 3469; x_wconf 89' lang='lat' dir='ltr'>aliam</span> <span class='ocrx_word' id='word_1_288' title='bbox 1208 3408 1562 3486; x_wconf 85' lang='lat' dir='ltr'>sententiam</span> <span class='ocrx_word' id='word_1_289' title='bbox 1618 3413 1847 3467; x_wconf 78' lang='lat' dir='ltr'>tenens·</span> <span class='ocrx_word' id='word_1_290' title='bbox 1936 3408 2092 3485; x_wconf 83' lang='lat' dir='ltr'>Quid</span> <span class='ocrx_word' id='word_1_291' title='bbox 2146 3409 2204 3467; x_wconf 90' lang='lat' dir='ltr'>h.</span> <span class='ocrx_word' id='word_1_292' title='bbox 2259 3408 2299 3467; x_wconf 90' lang='lat'>1.</span> <span class='ocrx_word' id='word_1_293' title='bbox 2357 3409 2685 3467; x_wconf 82' lang='lat' dir='ltr'>necessario</span> 
     </span>
     <span class='ocr_line' id='line_1_36' title="bbox 354 3486 2695 3570; baseline -0 -20"><span class='ocrx_word' id='word_1_294' title='bbox 354 3491 672 3550; x_wconf 83' lang='lat' dir='ltr'>dicendum</span> <span class='ocrx_word' id='word_1_295' title='bbox 703 3492 902 3570; x_wconf 88' lang='lat' dir='ltr'>fuerit,</span> <span class='ocrx_word' id='word_1_296' title='bbox 947 3495 1134 3570; x_wconf 90' lang='lat' dir='ltr'>probe</span> <span class='ocrx_word' id='word_1_297' title='bbox 1165 3493 1460 3552; x_wconf 82' lang='lat' dir='ltr'>intellexit</span> <span class='ocrx_word' id='word_1_298' title='bbox 1490 3492 1834 3568; x_wconf 78' lang='lat' dir='ltr'>SchoeniuS‚</span> <span class='ocrx_word' id='word_1_299' title='bbox 1880 3495 1983 3568; x_wconf 90' lang='lat' dir='ltr'>qui</span> <span class='ocrx_word' id='word_1_300' title='bbox 2014 3493 2233 3568; x_wconf 89' lang='lat' dir='ltr'>scripto</span> <span class='ocrx_word' id='word_1_301' title='bbox 2255 3491 2332 3550; x_wconf 69' lang='grc' dir='ltr'>’ἓν</span> <span class='ocrx_word' id='word_1_302' title='bbox 2361 3486 2427 3550; x_wconf 79' lang='grc' dir='ltr'>δὲ</span> <span class='ocrx_word' id='word_1_303' title='bbox 2471 3494 2695 3550; x_wconf 81' lang='grc' dir='ltr'><strong><em>λυπεῖ</em></strong></span> 
     </span>
     <span class='ocr_line' id='line_1_37' title="bbox 355 3571 2691 3656; baseline 0 -22"><span class='ocrx_word' id='word_1_304' title='bbox 355 3595 471 3634; x_wconf 80' lang='grc' dir='ltr'>τοι</span> <span class='ocrx_word' id='word_1_305' title='bbox 514 3571 718 3656; x_wconf 53' lang='grc' dir='ltr'>μόνοι</span> <span class='ocrx_word' id='word_1_306' title='bbox 746 3578 888 3637; x_wconf 89' lang='lat' dir='ltr'>haec</span> <span class='ocrx_word' id='word_1_307' title='bbox 932 3578 1234 3639; x_wconf 84' lang='lat' dir='ltr'>enarravit</span> <span class='ocrx_word' id='word_1_308' title='bbox 1264 3578 1374 3638; x_wconf 85' lang='lat' dir='ltr'>ita:</span> <span class='ocrx_word' id='word_1_309' title='bbox 1422 3577 1634 3649; x_wconf 76' lang='lat' dir='ltr'>„Auch</span> <span class='ocrx_word' id='word_1_310' title='bbox 1679 3580 1769 3637; x_wconf 79' lang='lat' dir='ltr'>die</span> <span class='ocrx_word' id='word_1_311' title='bbox 1800 3576 1999 3637; x_wconf 74' lang='lat' dir='ltr'>Go‘tter</span> <span class='ocrx_word' id='word_1_312' title='bbox 2039 3579 2177 3637; x_wconf 80' lang='lat' dir='ltr'>sind</span> <span class='ocrx_word' id='word_1_313' title='bbox 2221 3576 2521 3653; x_wconf 58' lang='lat' dir='ltr'>libyenhatt</span> <span class='ocrx_word' id='word_1_314' title='bbox 2563 3579 2691 3635; x_wconf 70' lang='lat' dir='ltr'>und</span> 
     </span>
     <span class='ocr_line' id='line_1_38' title="bbox 354 3662 2686 3740; baseline 0.001 -19"><span class='ocrx_word' id='word_1_315' title='bbox 354 3680 412 3721; x_wconf 78' lang='lat' dir='ltr'>es</span> <span class='ocrx_word' id='word_1_316' title='bbox 439 3662 692 3722; x_wconf 76' lang='lat' dir='ltr'>herrscht</span> <span class='ocrx_word' id='word_1_317' title='bbox 718 3679 915 3738; x_wconf 73' lang='lat' dir='ltr'>qrosse</span> <span class='ocrx_word' id='word_1_318' title='bbox 947 3663 1322 3739; x_wconf 65' lang='lat' dir='ltr'>Ver-wirrumy</span> <span class='ocrx_word' id='word_1_319' title='bbox 1363 3667 1430 3724; x_wconf 75' lang='lat' dir='ltr'>in</span> <span class='ocrx_word' id='word_1_320' title='bbox 1466 3665 1774 3740; x_wconf 73' lang='lat' dir='ltr'>yo&#39;ttlichen</span> <span class='ocrx_word' id='word_1_321' title='bbox 1816 3664 1943 3722; x_wconf 78' lang='lat' dir='ltr'>und</span> <span class='ocrx_word' id='word_1_322' title='bbox 1985 3663 2401 3722; x_wconf 71' lang='lat' dir='ltr'>mensem-ichen</span> <span class='ocrx_word' id='word_1_323' title='bbox 2428 3663 2686 3737; x_wconf 74' lang='lat' dir='ltr'>Dinyen.</span> 
     </span>
     <span class='ocr_line' id='line_1_39' title="bbox 353 3747 2689 3823; baseline -0.001 -17"><span class='ocrx_word' id='word_1_324' title='bbox 353 3748 502 3823; x_wconf 77' lang='lat' dir='ltr'>May</span> <span class='ocrx_word' id='word_1_325' title='bbox 557 3748 678 3808; x_wconf 77' lang='lat' dir='ltr'>dies</span> <span class='ocrx_word' id='word_1_326' title='bbox 729 3748 868 3808; x_wconf 81' lang='lat' dir='ltr'>aber</span> <span class='ocrx_word' id='word_1_327' title='bbox 919 3767 1048 3810; x_wconf 77' lang='lat' dir='ltr'>mm</span> <span class='ocrx_word' id='word_1_328' title='bbox 1102 3751 1318 3808; x_wconf 78' lang='lat' dir='ltr'>einmal</span> <span class='ocrx_word' id='word_1_329' title='bbox 1370 3751 1471 3809; x_wconf 81' lang='lat' dir='ltr'>der</span> <span class='ocrx_word' id='word_1_330' title='bbox 1513 3749 1656 3809; x_wconf 75' lang='lat' dir='ltr'>Fau</span> <span class='ocrx_word' id='word_1_331' title='bbox 1709 3750 1869 3818; x_wconf 76' lang='lat' dir='ltr'>scin,</span> <span class='ocrx_word' id='word_1_332' title='bbox 1916 3748 2143 3808; x_wconf 76' lang='lat' dir='ltr'>Eines</span> <span class='ocrx_word' id='word_1_333' title='bbox 2196 3765 2340 3806; x_wconf 76' lang='lat' dir='ltr'>nur</span> <span class='ocrx_word' id='word_1_334' title='bbox 2399 3747 2689 3806; x_wconf 67' lang='lat' dir='ltr'>betru‘bt</span> 
     </span>
     <span class='ocr_line' id='line_1_40' title="bbox 354 3829 2689 3913; baseline -0.001 -21"><span class='ocrx_word' id='word_1_335' title='bbox 354 3835 571 3894; x_wconf 82' lang='lat' dir='ltr'>dabez&#39;</span> <span class='ocrx_word' id='word_1_336' title='bbox 615 3832 943 3905; x_wconf 81' lang='lat' dir='ltr'>freilich,</span> <span class='ocrx_word' id='word_1_337' title='bbox 988 3852 1160 3895; x_wconf 76' lang='lat' dir='ltr'>werm</span> <span class='ocrx_word' id='word_1_338' title='bbox 1192 3829 1371 3911; x_wconf 76' lang='grc' dir='ltr'><strong><em>(ὅτε,</em></strong></span> <span class='ocrx_word' id='word_1_339' title='bbox 1414 3836 1573 3894; x_wconf 73' lang='lat' dir='ltr'>nicht</span> <span class='ocrx_word' id='word_1_340' title='bbox 1618 3829 1735 3913; x_wconf 72' lang='grc' dir='ltr'>ὅτι)</span> <span class='ocrx_word' id='word_1_341' title='bbox 1765 3851 1911 3894; x_wconf 79' lang='lat' dir='ltr'>man</span> <span class='ocrx_word' id='word_1_342' title='bbox 1951 3833 2231 3901; x_wconf 66' lang='lat' dir='ltr'>neimzich,</span> <span class='ocrx_word' id='word_1_343' title='bbox 2275 3833 2493 3891; x_wconf 81' lang='lat' dir='ltr'>obwohl</span> <span class='ocrx_word' id='word_1_344' title='bbox 2533 3833 2689 3890; x_wconf 72' lang='lat' dir='ltr'>nicht</span> 
     </span>
     <span class='ocr_line' id='line_1_41' title="bbox 354 3917 2690 3995; baseline -0.001 -18"><span class='ocrx_word' id='word_1_345' title='bbox 354 3920 794 3995; x_wconf 69' lang='lat' dir='ltr'>unverstdndi9‚</span> <span class='ocrx_word' id='word_1_346' title='bbox 840 3920 960 3993; x_wconf 77' lang='lat' dir='ltr'>auf</span> <span class='ocrx_word' id='word_1_347' title='bbox 992 3922 1100 3980; x_wconf 84' lang='lat' dir='ltr'>das</span> <span class='ocrx_word' id='word_1_348' title='bbox 1132 3919 1298 3979; x_wconf 77' lang='lat' dir='ltr'>Wort</span> <span class='ocrx_word' id='word_1_349' title='bbox 1339 3938 1454 3980; x_wconf 72' lang='lat' dir='ltr'>von</span> <span class='ocrx_word' id='word_1_350' title='bbox 1483 3920 1811 3994; x_wconf 79' lang='lat' dir='ltr'>Propheten</span> <span class='ocrx_word' id='word_1_351' title='bbox 1847 3919 2063 3994; x_wconf 76' lang='lat' dir='ltr'>yebaut</span> <span class='ocrx_word' id='word_1_352' title='bbox 2105 3918 2205 3976; x_wconf 77' lang='lat' dir='ltr'>hat</span> <span class='ocrx_word' id='word_1_353' title='bbox 2248 3918 2376 3976; x_wconf 75' lang='lat' dir='ltr'>und</span> <span class='ocrx_word' id='word_1_354' title='bbox 2418 3918 2485 3975; x_wconf 78' lang='lat' dir='ltr'>in</span> <span class='ocrx_word' id='word_1_355' title='bbox 2514 3917 2690 3991; x_wconf 76' lang='lat' dir='ltr'>Folye</span> 
     </span>
     <span class='ocr_line' id='line_1_42' title="bbox 354 4001 2688 4081; baseline -0.002 -18"><span class='ocrx_word' id='word_1_356' title='bbox 354 4004 548 4064; x_wconf 75' lang='lat' dir='ltr'>daven</span> <span class='ocrx_word' id='word_1_357' title='bbox 587 4036 673 4045; x_wconf 92' lang='lat'><strong>—</strong></span> <span class='ocrx_word' id='word_1_358' title='bbox 714 4005 1075 4080; x_wconf 76' lang='lat' dir='ltr'>untcryeht.“</span> <span class='ocrx_word' id='word_1_359' title='bbox 1167 4004 1285 4063; x_wconf 86' lang='lat' dir='ltr'>Sed</span> <span class='ocrx_word' id='word_1_360' title='bbox 1341 4008 1410 4064; x_wconf 87' lang='lat' dir='ltr'>ut</span> <span class='ocrx_word' id='word_1_361' title='bbox 1464 4005 1535 4064; x_wconf 88' lang='lat' dir='ltr'>de</span> <span class='ocrx_word' id='word_1_362' title='bbox 1593 4003 1975 4081; x_wconf 84' lang='lat' dir='ltr'>improbabili</span> <span class='ocrx_word' id='word_1_363' title='bbox 2031 4019 2238 4063; x_wconf 79' lang='lat' dir='ltr'>versus</span> <span class='ocrx_word' id='word_1_364' title='bbox 2282 4001 2688 4060; x_wconf 86' lang='lat' dir='ltr'>modulatione</span> 
     </span>
     <span class='ocr_line' id='line_1_43' title="bbox 354 4084 2690 4166; baseline -0.001 -19"><span class='ocrx_word' id='word_1_365' title='bbox 354 4091 613 4165; x_wconf 88' lang='lat' dir='ltr'>taceam,</span> <span class='ocrx_word' id='word_1_366' title='bbox 672 4089 814 4147; x_wconf 90' lang='lat' dir='ltr'>ferri</span> <span class='ocrx_word' id='word_1_367' title='bbox 868 4108 987 4149; x_wconf 90' lang='lat' dir='ltr'>non</span> <span class='ocrx_word' id='word_1_368' title='bbox 1042 4107 1215 4166; x_wconf 89' lang='lat' dir='ltr'>posse</span> <span class='ocrx_word' id='word_1_369' title='bbox 1269 4089 1364 4150; x_wconf 90' lang='lat' dir='ltr'>hic</span> <span class='ocrx_word' id='word_1_370' title='bbox 1422 4090 1662 4165; x_wconf 90' lang='lat' dir='ltr'>quidem</span> <span class='ocrx_word' id='word_1_371' title='bbox 1720 4088 2072 4165; x_wconf 85' lang='lat' dir='ltr'>particulam</span> <span class='ocrx_word' id='word_1_372' title='bbox 2131 4084 2247 4144; x_wconf 84' lang='grc' dir='ltr'>τοί</span> <span class='ocrx_word' id='word_1_373' title='bbox 2296 4085 2390 4145; x_wconf 85' lang='lat' dir='ltr'>vel</span> <span class='ocrx_word' id='word_1_374' title='bbox 2447 4106 2518 4146; x_wconf 85' lang='lat' dir='ltr'>ex</span> <span class='ocrx_word' id='word_1_375' title='bbox 2561 4088 2690 4163; x_wconf 89' lang='lat' dir='ltr'>ipsa</span> 
     </span>
    </p>
   </div>
   <div class='ocr_carea' id='block_1_7' title="bbox 2729 3416 2788 3460">
    <p class='ocr_par' dir='ltr' id='par_1_7' title="bbox 2729 3416 2788 3460">
     <span class='ocr_line' id='line_1_44' title="bbox 2729 3416 2788 3460; baseline 0 0"><span class='ocrx_word' id='word_1_376' title='bbox 2729 3416 2788 3460; x_wconf 87' lang='lat'>13</span> 
     </span>
    </p>
   </div>
   <div class='ocr_carea' id='block_1_8' title="bbox 357 4170 2787 4250">
    <p class='ocr_par' dir='ltr' id='par_1_8' title="bbox 357 4170 2787 4250">
     <span class='ocr_line' id='line_1_45' title="bbox 357 4170 2787 4250; baseline -0 -19"><span class='ocrx_word' id='word_1_377' title='bbox 357 4172 635 4232; x_wconf 84' lang='lat' dir='ltr'>Schoenii</span> <span class='ocrx_word' id='word_1_378' title='bbox 687 4174 1186 4250; x_wconf 87' lang='lat' dir='ltr'>interpretatione</span> <span class='ocrx_word' id='word_1_379' title='bbox 1240 4178 1503 4250; x_wconf 89' lang='lat' dir='ltr'>apparet.</span> <span class='ocrx_word' id='word_1_380' title='bbox 1603 4174 1696 4233; x_wconf 90' lang='lat' dir='ltr'>Ne</span> <span class='ocrx_word' id='word_1_381' title='bbox 1752 4174 1968 4233; x_wconf 79' lang='lat' dir='ltr'>multa:</span> <span class='ocrx_word' id='word_1_382' title='bbox 2035 4171 2271 4247; x_wconf 87' lang='lat' dir='ltr'>scripsit</span> <span class='ocrx_word' id='word_1_383' title='bbox 2322 4170 2386 4229; x_wconf 89' lang='lat' dir='ltr'>in</span> <span class='ocrx_word' id='word_1_384' title='bbox 2441 4172 2685 4232; x_wconf 88' lang='lat' dir='ltr'>eandem</span> <span class='ocrx_word' id='word_1_385' title='bbox 2784 4243 2787 4250; x_wconf 13' lang='lat' dir='ltr'><em>A</em></span> 
     </span>
    </p>
   </div>
   <div class='ocr_carea' id='block_1_9' title="bbox 355 4249 2689 4505">
    <p class='ocr_par' dir='ltr' id='par_1_9' title="bbox 355 4249 2689 4505">
     <span class='ocr_line' id='line_1_46' title="bbox 355 4249 2689 4337; baseline 0 -21"><span class='ocrx_word' id='word_1_386' title='bbox 355 4259 713 4318; x_wconf 83' lang='lat' dir='ltr'>sententiam</span> <span class='ocrx_word' id='word_1_387' title='bbox 758 4249 1089 4337; x_wconf 67' lang='lat' dir='ltr'>&#39;Euripides</span> <span class='ocrx_word' id='word_1_388' title='bbox 1137 4258 1213 4317; x_wconf 65' lang='grc' dir='ltr'>*ἐν</span> <span class='ocrx_word' id='word_1_389' title='bbox 1268 4255 1334 4316; x_wconf 81' lang='grc' dir='ltr'>δὲ</span> <span class='ocrx_word' id='word_1_390' title='bbox 1389 4255 1732 4337; x_wconf 83' lang='grc' dir='ltr'><strong><em>λυπηρὸν</em></strong></span> <span class='ocrx_word' id='word_1_391' title='bbox 1784 4256 2001 4336; x_wconf 80' lang='grc' dir='ltr'><strong><em>μόνον,</em></strong></span> <span class='ocrx_word' id='word_1_392' title='bbox 2060 4257 2225 4316; x_wconf 88' lang='lat' dir='ltr'>cuius</span> <span class='ocrx_word' id='word_1_393' title='bbox 2271 4254 2689 4332; x_wconf 85' lang='lat' dir='ltr'>interpretatio</span> 
     </span>
     <span class='ocr_line' id='line_1_47' title="bbox 364 4341 2687 4421; baseline 0.001 -22"><span class='ocrx_word' id='word_1_394' title='bbox 364 4343 549 4401; x_wconf 85' lang='grc' dir='ltr'><strong><em>λυπεῖ</em></strong></span> <span class='ocrx_word' id='word_1_395' title='bbox 584 4363 712 4404; x_wconf 88' lang='lat' dir='ltr'>cum</span> <span class='ocrx_word' id='word_1_396' title='bbox 760 4347 967 4421; x_wconf 88' lang='lat' dir='ltr'>poetae</span> <span class='ocrx_word' id='word_1_397' title='bbox 1011 4343 1210 4405; x_wconf 84' lang='lat' dir='ltr'>verbis</span> <span class='ocrx_word' id='word_1_398' title='bbox 1253 4345 1422 4404; x_wconf 86' lang='lat' dir='ltr'>illata</span> <span class='ocrx_word' id='word_1_399' title='bbox 1466 4347 1639 4421; x_wconf 88' lang='lat' dir='ltr'>esset,</span> <span class='ocrx_word' id='word_1_400' title='bbox 1686 4344 1859 4402; x_wconf 89' lang='lat' dir='ltr'>metri</span> <span class='ocrx_word' id='word_1_401' title='bbox 1890 4342 2085 4419; x_wconf 85' lang='lat' dir='ltr'>gratia</span> <span class='ocrx_word' id='word_1_402' title='bbox 2114 4341 2265 4401; x_wconf 88' lang='lat' dir='ltr'>falso</span> <span class='ocrx_word' id='word_1_403' title='bbox 2297 4341 2357 4400; x_wconf 92' lang='lat' dir='ltr'>in</span> <span class='ocrx_word' id='word_1_404' title='bbox 2388 4342 2687 4418; x_wconf 86' lang='lat' dir='ltr'>passivum</span> 
     </span>
     <span class='ocr_line' id='line_1_48' title="bbox 357 4427 2685 4505; baseline -0 -19"><span class='ocrx_word' id='word_1_405' title='bbox 357 4430 590 4488; x_wconf 85' lang='lat' dir='ltr'>mutata</span> <span class='ocrx_word' id='word_1_406' title='bbox 646 4432 765 4505; x_wconf 88' lang='lat' dir='ltr'>est,</span> <span class='ocrx_word' id='word_1_407' title='bbox 833 4430 991 4505; x_wconf 90' lang='lat' dir='ltr'>quod</span> <span class='ocrx_word' id='word_1_408' title='bbox 1059 4434 1189 4489; x_wconf 89' lang='lat' dir='ltr'>tum</span> <span class='ocrx_word' id='word_1_409' title='bbox 1244 4430 1572 4489; x_wconf 88' lang='lat' dir='ltr'>sententiae</span> <span class='ocrx_word' id='word_1_410' title='bbox 1626 4447 1800 4487; x_wconf 77' lang='lat' dir='ltr'>causa</span> <span class='ocrx_word' id='word_1_411' title='bbox 1850 4427 2298 4504; x_wconf 85' lang='lat' dir='ltr'>interpolatoris</span> <span class='ocrx_word' id='word_1_412' title='bbox 2363 4427 2685 4504; x_wconf 85' lang='lat' dir='ltr'>importuni</span> 
     </span>
    </p>
   </div>
  </div>
 </body>
</html>
