3132 5129
1394 344 1464 351 -
1553 306 1848 368 424-

452 467 750 543 paraverit
807 484 938 524 cum
983 465 1355 524 nostratibus
1411 464 1767 539 quibusdam
1824 465 2146 540 theologia,
2207 465 2311 540 qui
2366 466 2790 524 monachorum

453 551 602 610 illud
649 549 983 625 „Graeca
1038 553 1215 609 sunt
1271 568 1416 609 non
1460 548 1878 627 leguntur“
1925 550 2308 624 cupidissime
2352 551 2610 625 amplexi
2656 552 2789 610 ado-

458 636 819 696 lescentulos
879 635 1341 694 declinationum
1386 635 1991 710 coniugationumque
2036 635 2237 693 eculeo
2283 635 2596 711 impositos
2659 655 2792 694 ene-

455 722 574 780 cari
621 721 1040 779 miserabiliter
1083 721 1486 795 queritantur,
1536 717 1596 776 τί
1634 715 1716 777 ἆῖν
1759 740 1847 789 τις
1892 714 2071 797 Myon
2120 720 2201 778 Et
2243 740 2280 777 a
2323 720 2624 780 veteribus
2666 721 2793 779 illis

457 805 992 881 contionatoribuS,
1049 806 1152 881 qui
1198 806 1575 880 eloquentiae
1621 803 1936 881 praecepta
1979 824 2050 862 ex
2095 805 2438 863 Aristotelis
2482 806 2793 864 rhetoricis

459 891 727 966 exempla
770 910 841 948 ex
870 890 1287 948 Demosthenis
1331 891 1700 950 orationibus
1745 891 1871 948 sine
1914 890 2157 965 pietatis
2203 890 2565 948 detrimento
2610 890 2793 948 etiam

458 994 623 1034 sacro
670 977 974 1051 suggestui
1019 975 1317 1050 petebant,
1364 978 1512 1050 quot
1554 976 1764 1034 stadiis
1809 975 2036 1033 distant
2076 975 2349 1033 hodierni
2398 976 2499 1033 isti
2544 976 2794 1034 circula-

460 1064 645 1135 tores,
707 1079 856 1135 quos
913 1079 1108 1119 sacrae
1169 1060 1495 1135 scripturae
1553 1060 1738 1120 verba
1781 1060 2176 1134 qualicunque
2220 1059 2477 1119 versioni
2522 1063 2797 1134 exempta

461 1147 744 1205 conviciis
790 1164 821 1202 e
865 1146 1047 1205 trivio
1095 1146 1348 1221 arreptis
1394 1146 1621 1221 vilique
1665 1144 1928 1203 abiectae
1959 1145 2298 1220 plebeculae
2331 1163 2599 1205 sermone
2630 1164 2795 1203 enar·

461 1248 592 1289 rare
639 1230 940 1288 audimus!

629 1314 746 1374 Sed
799 1316 938 1374 nolo
994 1316 1307 1374 laterem
1364 1314 1649 1390 lavare,
1707 1315 2054 1390 praesertim
2100 1333 2234 1372 cum
2278 1334 2354 1373 ne
2397 1333 2507 1373 nos
2554 1315 2793 1389 quidem

459 1399 748 1476 philologi
803 1401 965 1459 omni
1018 1418 1223 1460 vacare
1280 1400 1455 1476 culpa
1509 1399 1843 1474 videamur,
1900 1400 2004 1473 qui
2061 1401 2122 1457 et
2165 1400 2276 1474 ipsi
2322 1419 2356 1457 a
2403 1398 2640 1458 Graecis
2686 1399 2798 1457 La-

463 1486 723 1561 tinisque
767 1486 985 1544 litteris
1032 1484 1386 1544 Christianis
1431 1485 1588 1543 iusto
1633 1485 1768 1560 plus
1812 1484 2250 1542 abhorreamus.
2326 1484 2445 1543 Sed
2490 1503 2560 1543 eo
2606 1484 2798 1560 magis

461 1571 692 1628 animus
738 1569 990 1646 ferebat,
1052 1573 1146 1644 ut,
1207 1570 1363 1645 quod
1424 1570 1784 1627 litterarium
1840 1574 2257 1645 argumentum
2302 1588 2466 1628 more
2510 1571 2798 1628 maiorum

458 1656 595 1714 huic
641 1654 1032 1731 gratulatorio
1078 1654 1281 1713 libello
1327 1655 1636 1730 eligerem,
1697 1654 1758 1711 id
1806 1654 2117 1728 utriusque
2163 1654 2443 1714 scientiae
2488 1672 2800 1712 commune

461 1742 536 1799 ab
580 1741 695 1798 isto
743 1740 973 1798 saeculo
1018 1742 1472 1814 nostrarumque
1518 1740 1580 1797 in
1622 1757 1689 1796 co
1721 1738 2195 1798 Universitatum
2240 1739 2472 1798 foedere
2517 1758 2590 1798 ne
2620 1740 2801 1798 nimis

460 1826 724 1885 alienum
767 1828 937 1882 esset.
1028 1824 1162 1883 Non
1208 1842 1346 1882 sane
1393 1843 1485 1883 me
1542 1824 1795 1897 latebat,
1858 1828 2120 1899 „quanta
2173 1824 2554 1883 laboraturus
2612 1843 2800 1883 essem

464 1912 525 1969 in
559 1908 903 1984 Charybdi“
946 1910 1124 1967 homo
1156 1927 1398 1983 prorsus
1428 1902 1752 1984 ἄθεόλογος
1784 1909 1844 1966 in
1877 1908 1987 1967 hoc
2021 1908 2437 1968 difficillimum
2469 1913 2531 1968 et
2559 1928 2800 1984 prorsus

463 1996 736 2071 ignotum
794 1994 1011 2052 fretum
1062 1994 1194 2052 vela
1249 1995 1608 2053 immittens:
1668 1993 1872 2051 audire
1929 2012 2173 2068 magnas
2230 1996 2349 2052 iam
2405 1994 2609 2053 videor
2655 1995 2798 2053 mihi

465 2098 639 2138 voces
668 2079 729 2137 in
762 2080 948 2138 vicem
980 2079 1385 2137 dictitantium
1417 2079 1569 2137 illud
1615 2098 1799 2152 „num
1845 2083 1904 2135 et
1938 2078 2153 2136 Saulus
2196 2079 2354 2137 inter
2396 2078 2715 2154 prophetas
2730 2079 2798 2136 ‘?“

635 2163 955 2223 Commode
1010 2166 1207 2222 tamen
1267 2164 1647 2222 succurrebat
1690 2162 1992 2222 Nonnus
2047 2167 2269 2238 poeta
2312 2163 2802 2238 Panopolite-

463 2269 631 2324 nus,
678 2250 777 2323 qui
826 2249 965 2306 olim
1014 2248 1258 2325 gentilis
1302 2252 1620 2323 postquam
1662 2248 1890 2306 variam
1919 2247 2340 2308 Bacchicorum
2386 2248 2801 2324 prodigiorum

467 2334 918 2392 multitudinem
962 2334 1296 2391 vastissimo
1329 2333 1966 2409 Dionysiacorum
2010 2351 2186 2409 opere
2232 2333 2642 2391 illustrandam
2690 2334 2803 2392 sibi

468 2421 820 2494 sumpsisset
874 2436 1030 2477 novo
1076 2422 1135 2476 et
1178 2418 1351 2475 metri
1398 2422 1458 2476 et
1502 2418 1791 2475 sermonis
1836 2416 2085 2476 artificio
2133 2437 2300 2492 usuS,
2358 2422 2566 2493 postea
2617 2449 2687 2460 —-
2737 2421 2807 2475 ut

464 2504 620 2561 haud
665 2521 797 2562 raro
845 2503 1234 2561 contraria
1279 2502 1695 2561 contrariis
1740 2502 2024 2578 applicari
2071 2503 2338 2561 videmus
2395 2535 2457 2544 -
2510 2502 2667 2561 idem
2715 2503 2801 2560 in-

466 2591 862 2648 strumentum
917 2609 952 2645 a
1007 2607 1067 2648 se
1124 2588 1432 2648 inventum
1487 2588 1761 2647 adhibuit
1814 2588 1891 2645 ad
1947 2588 2342 2647 enarrandum
2401 2588 2802 2647 Ioanneum

467 2673 972 2749 evangelium,
1019 2693 1157 2749 prae
1203 2673 1414 2732 ceteris
1458 2693 1579 2732 non
1625 2673 1823 2731 minus
1865 2672 2184 2732 verborum
2214 2674 2590 2749 simplicitate
2622 2693 2799 2749 quam

404 2805 410 2811 .
469 2759 899 2817 sententiarum
954 2759 1249 2833 gravitate
1306 2759 1561 2834 insigne.
1653 2756 1816 2827 Quae
1859 2776 1953 2815 res
1996 2759 2293 2833 quomodo
2339 2760 2392 2817 ei
2439 2758 2804 2828 successerit,

472 2841 1079 2901 Melanchthonis
1123 2842 1383 2901 indicare
1427 2844 1598 2906 iuvat
1639 2842 1854 2918 verbis,
1901 2842 2118 2917 quibus
2164 2844 2224 2901 in
2270 2843 2641 2902 dedicatione
2684 2843 2806 2901 edi-

472 2928 619 2986 tioni
678 2927 1127 3002 „Haganoae
1194 2947 1298 3002 per
1356 2928 1639 2986 Ioannem
1697 2927 1996 2985 Secerium
2054 2947 2103 2989 a.
2150 2927 2559 2986 MDXXVII.“
2617 2929 2804 2987 factae

472 3014 546 3070 ad
592 3012 961 3070 Fridericum
1017 3012 1174 3088 apud
1222 3012 1281 3073 S.
1329 3011 1611 3089 Egidium
1655 3012 2067 3087 Norinbergae
2113 3013 2412 3071 Abbatem
2465 3013 2803 3088 praemissa,

470 3100 783 3172 postquam
844 3097 1032 3156 bonos
1090 3097 1275 3155 libros
1328 3097 1533 3156 sedulo
1590 3096 1849 3154 edendos
1908 3098 2376 3171 commendavit,
2438 3099 2523 3155 ita
2579 3099 2804 3174 pergit:

472 3182 641 3257 „Hoc
699 3181 945 3240 consilio
1003 3186 1067 3240 et
1122 3181 1375 3240 Nonnus
1435 3181 1629 3241 editus
1690 3184 1805 3256 est,
1853 3183 2019 3240 cuius
2063 3183 2527 3241 eruditissimum
2573 3202 2807 3241 carmen

469 3268 530 3325 in
575 3267 865 3325 Johannis
896 3267 1289 3343 Euangelium
1333 3267 1462 3325 uice
1506 3267 1722 3341 prolixi
1766 3268 2173 3325 commentarii
2219 3286 2343 3326 esse
2386 3269 2599 3343 possit.
2675 3267 2806 3343 Ego

470 3352 807 3428 praedicare
852 3371 972 3410 non
1016 3351 1225 3409 dubito
1270 3352 1478 3409 multis
1522 3351 1669 3410 locis
1712 3352 1787 3410 ab
1833 3370 1900 3410 eo
1946 3371 2039 3410 me
2084 3352 2354 3410 adiutum
2386 3371 2530 3412 esse.
2594 3351 2804 3426 Spero-

412 3447 443 3495 6
472 3456 588 3512 que
634 3436 789 3510 fore,
848 3442 917 3494 ut
962 3437 1010 3494 si
1056 3437 1156 3494 alii
1202 3435 1486 3511 legerint,
1533 3437 1838 3494 fateantur
1881 3455 1942 3494 se
1989 3455 2222 3512 quoque
2266 3457 2336 3496 ex
2382 3438 2491 3496 hoc
2535 3436 2809 3508 meliores

475 3523 682 3580 factos.
758 3521 998 3588 Etenim
1042 3539 1379 3596 quanquam
1424 3521 1510 3579 ita
1554 3521 1828 3597 religiose
1875 3522 2126 3580 servarit
2156 3519 2402 3580 Nonnus
2430 3522 2594 3598 leges
2625 3540 2809 3596 παρα-

472 3601 774 3683 φράσεως,
820 3610 889 3662 ut
933 3606 1006 3663 de
1051 3623 1157 3663 suo
1203 3606 1305 3663 uix
1348 3606 1673 3681 quidquam
1719 3606 2018 3664 addiderit
2061 3606 2299 3682 Joanni,
2347 3610 2547 3665 tamen
2590 3608 2809 3683 pleras-

472 3710 587 3767 que
632 3691 957 3748 sententias
1002 3690 1152 3748 mira
1197 3689 1521 3749 foelicitate
1568 3690 1916 3749 illustrauit.
2006 3689 2202 3751 Huius
2246 3692 2433 3768 igitur
2476 3691 2810 3750 aedificium

472 3779 752 3852 putemus
797 3794 867 3833 ex
912 3794 1056 3833 auro
1103 3778 1398 3849 constare,
1461 3776 1563 3850 qui
1610 3777 1873 3851 proxime
1920 3778 2190 3850 sequitur
2231 3778 2647 3852 archetypum,
2701 3795 2813 3836 nec

474 3860 680 3935 procul
726 3860 800 3918 ab
855 3861 987 3935 ipsa
1038 3860 1289 3918 historia
1333 3860 1649 3934 Euangelii
1711 3860 1987 3934 discedit,
2049 3864 2246 3920 tamen
2304 3865 2373 3919 ut
2424 3864 2691 3935 enarret,
2748 3864 2816 3919 et

473 3945 705 4003 adferat
747 3944 940 4003 lucem
987 3944 1424 4003 obscurioribus
1455 3945 1785 4007 sententiis,
1850 3944 2029 4003 Volui
2058 3948 2259 4005 autem
2289 3945 2400 4004 sub
2431 3948 2537 4005 tuo
2567 3947 2811 4005 nomine

474 4030 543 4086 R.
592 4030 658 4087 P.
706 4031 860 4089 hunc
904 4029 1124 4088 librum
1168 4029 1500 4104 publicare,
1546 4031 1687 4105 quia
1730 4049 1859 4088 cum
1906 4031 2145 4105 aliquod
2189 4031 2262 4089 ad
2309 4033 2368 4089 te
2414 4050 2629 4090 munus
2672 4032 2813 4090 mit-

476 4118 600 4172 tere
645 4114 996 4189 uoluissem,
1055 4115 1167 4173 feci
1223 4109 1448 4174 scilicet
1490 4115 1650 4190 quod
1697 4116 1872 4173 multi
1918 4116 2136 4191 solent,
2196 4116 2267 4175 de
2310 4117 2507 4175 alieno
2551 4115 2814 4174 liberalis

481 4198 583 4272 fui,
642 4198 871 4274 tibique
915 4200 1174 4258 alienum
1217 4218 1364 4275 opus
1418 4199 1627 4273 mitto,
1687 4200 1847 4276 quod
1903 4200 2129 4259 homini
2182 4201 2410 4260 amanti
2466 4201 2706 4275 pietatis
2750 4203 2818 4258 et

480 4282 781 4341 doctrinae
828 4284 1222 4360 Euangelicae
1266 4285 1517 4343 maxime
1561 4285 1922 4359 placiturum
1966 4304 2092 4345 esse
2135 4285 2525 4345 confidebam.
2599 4284 2814 4343 Vale.“

479 4366 604 4426 Nec
652 4368 1119 4429 Melanchthonis
1163 4369 1597 4429 commendatio
1643 4389 1911 4429 successu
1955 4372 2162 4428 caruit.
2249 4371 2395 4430 Post
2439 4369 2816 4431 Secerium

506 4757 709 4896 X.
