3132 5129
1364 408 1784 470 -86-

410 569 525 625 541
565 586 692 642 sqq.
747 568 865 624 561
902 585 1027 642 sqq.
1082 566 1204 624 573
1236 584 1368 641 sqq.
1428 566 1552 623 610
1582 584 1711 640 800.
1774 566 1895 623 618
1926 583 2054 639 sqq.
2117 566 2238 623 663
2270 584 2398 640 sqq.
2456 565 2576 623 668
2611 583 2742 640 sqq.

409 653 530 711 684
564 646 744 730 sqq),
791 651 895 709 sed
926 650 1107 709 etiam
1138 653 1487 725 perpetuam
1517 668 1625 725 per
1656 669 1724 708 ea
1754 649 2094 726 fragmenta
2124 650 2524 709 narrationem
2555 651 2744 724 probe

409 737 718 796 decurrere
763 735 1015 797 videbis,
1090 735 1415 795 Interfecto
1448 736 1606 794 enim
1637 735 1832 794 varias
1876 737 2017 809 post
2060 734 2266 793 caedes
2297 734 2477 793 Piroo
2510 733 2744 792 Thra-

405 840 435 879 c
455 841 562 879 11111
611 822 755 880 duce
787 820 1097 895 Sarpedon
1129 819 1350 896 Lycius
1380 820 1550 896 gravi
1585 819 1854 878 oratione
1883 819 2200 878 Hectorem
2244 820 2539 896 obiurgat,
2585 820 2743 895 quod

403 906 506 965 ille
567 906 952 981 quantumvis
1008 906 1269 980 propriis
1327 904 1623 979 gloriosus
1682 905 1911 963 viribus
1966 905 2135 964 atrox
2189 907 2389 963 tamen
2432 905 2744 980 negotium

405 992 631 1050 sociis
678 992 878 1066 potius
934 1009 1110 1065 quarn
1171 990 1295 1048 suis
1354 987 1585 1048 civibus
1627 988 2045 1048 exantlandum
2078 989 2392 1064 relinquat,
2442 1006 2556 1065 0110
2589 988 2746 1048 facto

405 1095 535 1134 cum
593 1076 695 1134 ille
742 1075 1033 1134 Troianos
1092 1073 1166 1131 ad
1225 1073 1612 1149 pugnandum
1660 1075 2048 1146 concitasset,
2104 1074 2284 1134 etiam
2329 1073 2746 1149 Agamemnon

409 1179 548 1219 suos
579 1160 855 1236 instigat.
936 1159 1088 1218 Tum
1131 1177 1286 1218 nova
1316 1159 1582 1217 exoritur
1613 1159 1916 1234 utrimque
1945 1159 2169 1230 caedes,
2203 1160 2267 1217 in
2299 1178 2416 1234 qua
2445 1162 2747 1234 postremo

407 1245 631 1304 Hector
676 1246 1009 1320 principem
1055 1263 1116 1302 se
1161 1241 1409 1319 praebet
1453 1243 1692 1301 heroem
1738 1261 1870 1302 cum
1916 1243 2118 1303 hostes
2164 1242 2570 1303 interficiendo
2615 1248 2745 1303 tum

407 1330 732 1405 Sarpedoni
788 1330 1100 1389 vulnerato
1168 1329 1477 1403 ipsiusque
1534 1326 1712 1386 fidem
1770 1327 2114 1404 imploranti
2173 1328 2424 1388 salutem
2481 1328 2746 1388 fei-ende.

407 1414 569 1473 Haec
628 1416 716 1473 uti
782 1415 1065 1472 continuo
1122 1413 1221 1471 filo
1283 1414 1507 1488 optime
1552 1414 1712 1471 inter
1755 1432 1817 1472 se
1864 1413 2201 1485 cohaerent,
2248 1414 2335 1472 ita
2378 1431 2495 1488 quo
2540 1413 2749 1472 ordine

404 1518 564 1558 nunc
618 1500 902 1576 leguntur
958 1499 1020 1555 in
1067 1502 1349 1573 quattuor
1394 1498 1721 1572 particulas
1779 1497 2077 1573 discerpta
2123 1497 2433 1557 Diomedis
2478 1499 2745 1558 aristiam

404 1603 647 1661 prorsus
712 1583 1101 1658 perturbant,
1162 1581 1319 1658 quod
1395 1581 1669 1657 pluribus
1733 1582 1986 1658 probare
2047 1602 2115 1642 eo
2172 1584 2370 1642 minus
2429 1601 2577 1658 opus
2635 1587 2747 1656 est,

405 1670 684 1743 quoniam
729 1668 1021 1743 quaedam
1067 1672 1222 1726 certe
1268 1667 1383 1724 iam
1420 1665 1695 1726 Holmius
1728 1667 1932 1726 attulit
1959 1667 2000 1725 1.
2035 1687 2084 1727 0.
2123 1688 2184 1743 p.
2216 1668 2403 1727 4—6.
2473 1666 2750 1727 Ceterum

404 1773 547 1811 num
593 1751 895 1810 luculenta
936 1753 1078 1811 haec
1124 1752 1384 1810 narratio
1430 1751 1533 1809 alii
1579 1753 1828 1810 carmini
1872 1753 2054 1811 inseri
2087 1755 2194 1811 aut
2222 1752 2529 1812 commode
2561 1754 2755 1829 possit

408 1840 514 1895 aut
556 1836 704 1896 adeo
751 1836 978 1907 debeat,
1026 1837 1141 1895 alio
1188 1838 1317 1895 loco
1368 1838 1706 1910 quaeretur.

576 1921 803 1980 Similis
848 1922 1000 1979 ratio
1046 1925 1139 1981 est
1183 1921 1505 1996 fragmenti
1554 1921 1611 1976 E
1656 1921 2008 1980 713—755.
2059 1924 2413 1994 768-777,
2458 1942 2575 1998 quo
2622 1942 2753 1981 0111·-

404 2026 507 2066 rus
566 2007 809 2066 divinus
867 2009 1046 2081 atque
1104 2007 1408 2065 Minervae
1468 2009 1769 2064 armatura
1825 2006 2311 2081 splendidissime
2371 2016 2753 2078 exornantur,

407 2094 572 2152 cuius
599 2092 1019 2165 descriptionis
1038 2090 1194 2149 bona
1220 2109 1356 2165 pars
1380 2092 1556 2148 etiam
1582 2091 1739 2149 infra
1764 2089 1848 2166 (E
1872 2092 2202 2149 733—737
2218 2118 2300 2139 =
2321 2091 2372 2148 Θ
2395 2093 2753 2165 384-388,

409 2178 465 2233 Ε
495 2176 833 2235 745-752
867 2200 947 2223 =
987 2172 1039 2231 Θ
1074 2172 1437 2247 389-396)
1469 2176 1780 2250 reperitur,
1828 2180 2042 2234 neutro
2073 2177 2202 2235 loco
2234 2180 2409 2235 recte.
2485 2177 2759 2236 Pertinet

409 2262 567 2320 enim
616 2261 727 2319 hoc
771 2260 1195 2335 fragmentum,
1244 2263 1314 2317 ut
1356 2262 1563 2335 postea
1607 2260 1959 2333 videbimus,
2005 2261 2079 2319 ad
2124 2280 2361 2321 carmen
2405 2263 2499 2320 cui
2550 2261 2765 2319 ΔΙΟΣ

412 2346 721 2403 ΑΠΑΤΗ
773 2363 991 2403 nomen
1052 2348 1160 2403 est.
1256 2343 1373 2402 Sed
1442 2344 1513 2403 de
1580 2345 1690 2403 hoc
1755 2345 1886 2403 1000
1944 2346 2087 2404 satis
2148 2349 2240 2405 est
2296 2346 2369 2404 ad
2425 2347 2755 2423 Hauptium

405 2452 463 2507 p.
521 2431 636 2489 107
674 2448 761 2505 sq.
829 2428 1165 2506 ablegasse,
1226 2448 1590 2507 quamquam
1645 2430 1695 2488 is
1751 2431 1930 2488 nimis
1988 2430 2160 2488 sortis
2220 2430 2336 2489 fuit
2394 2431 2758 2491 removendo

405 2516 584 2576 simul
651 2516 771 2573 711
828 2533 918 2591 sq.
1001 2516 1335 2574 756-767
1396 2519 1458 2575 et
1518 2514 1857 2574 778—792
1927 2518 1990 2574 et
2055 2534 2234 2591 supra
2287 2536 2345 2593 p.
2402 2518 2516 2576 106
2573 2517 2756 2576 etiam

405 2601 760 2660 418-431.
850 2599 1090 2658 Etenim
1156 2618 1289 2657 cum
1333 2605 1537 2660 noster
1582 2603 1759 2675 poeta
1804 2619 1978 2659 suum
2033 2599 2270 2659 heroem
2325 2601 2420 2660 vel
2475 2601 2589 2661 diis
2646 2622 2756 2677 pu-

404 2688 685 2762 gnantem
732 2684 1164 2753 introduceret,
1225 2702 1433 2744 cavere
1500 2684 1755 2744 debebat
1799 2686 2092 2761 imprimis
2149 2689 2286 2760 post
2340 2687 2757 2762 gravissimam

406 2771 630 2828 Dionae
674 2770 1059 2827 minationem
1106 2768 1161 2823 E
1189 2769 1554 2841 406—415‚
1603 2788 1677 2828 110
1707 2768 1870 2841 ille,
1877 2771 2025 2841 ,sine
2057 2769 2169 2830 diis
2201 2771 2544 2830 animosus“
2575 2790 2760 2846 supra

406 2854 643 2912 modum
689 2852 957 2912 mortalis
1001 2855 1332 2929 appareret.
1410 2854 1625 2930 Itaque
1667 2854 1785 2913 duo
1817 2855 1922 2913 illa
1952 2855 2077 2913 eius
2108 2854 2369 2913 facinora
2410 2874 2530 2914 11011
2560 2855 2756 2914 80111111

404 2940 730 2997 Minervam
794 2941 1229 2996 monstrantem
1290 2941 1352 2997 et
1416 2939 1636 2998 auxilio
1714 2939 2096 3000 adiuvantem
2151 2938 2254 2998 sed
2310 2941 2489 2999 etiam
2546 2940 2754 2998 Iovem

400 3023 754 3084 auctoritate
798 3042 906 3082 sua
946 3023 1361 3083 concedentem
1390 3025 1452 3082 et
1484 3022 1710 3100 proban
1735 3028 1857 3083 tem
1901 3024 2062 3095 fecit,
2111 3023 2337 3082 facinus
2370 3025 2429 3083 in
2459 3023 2758 3082 Venerem

402 3110 782 3169 commissum
836 3108 883 3163 Ε
912 3107 1266 3180 428-430,
1314 3109 1377 3167 in
1424 3110 1682 3167 Martem
1731 3110 1851 3167 765
1890 3128 1981 3185 sq.
2016 3112 2078 3168 et
2109 3110 2229 3168 889
2264 3128 2391 3185 sqq.
2464 3108 2551 3166 Ea
2594 3127 2756 3181 vero,

401 3212 548 3268 quae
595 3193 889 3268 Hauptius
934 3193 1225 3267 sagaciter
1269 3212 1409 3251 88110
1454 3192 1528 3251 ad
1575 3193 1883 3253 atheteses
1935 3213 2071 3252 suas
2117 3192 2518 3252 defendendas
2562 3192 2756 3265 affert,

405 3278 751 3352 singulatim
781 3277 1039 3335 refutare
1069 3277 1165 3336 hic
1195 3277 1437 3351 quidem
1468 3278 1628 3337 nihil
1663 3278 1870 3337 refert.
1933 3277 2134 3337 Unum
2164 3280 2256 3337 est
2285 3277 2461 3353 paulo
2489 3278 2756 3354 gravius,

406 3361 562 3436 quod
606 3381 741 3421 cum
789 3362 911 3420 418
944 3382 1073 3437 sqq.
1118 3361 1260 3421 haec
1304 3361 1627 3437 legantur:

812 3477 880 3536 αἳ
923 3473 984 3536 δ’
1032 3469 1170 3538 αὖτ’
1220 3476 1573 3556 εἰσορόωσαι
1612 3475 1909 3556 Ἀθηναίη
1953 3500 2012 3538 τε
2061 3471 2351 3558 καὶ’Ήρη

813 3562 1136 3642 κερτομίοις
1184 3560 1418 3622 ἐπέεσσι
1479 3563 1597 3621 Δία
1646 3563 1954 3641 Κρονίδην
1997 3559 2291 3641 ἐρέθιζον·

817 3651 966 3706 τοῖσι
1011 3646 1077 3708 δὲ
1124 3643 1347 3725 μύθων
1391 3638 1534 3726 ἦρχε
1579 3644 1696 3707 θεὰ
1741 3651 2085 3726 γλαυκῶπις
2126 3644 2395 3727 Ἀθήνη,

412 3768 559 3826 111110
632 3771 833 3826 tamen
902 3787 976 3827 ne
1034 3787 1216 3827 unum
1275 3769 1515 3843 quidem
1571 3768 1818 3827 verbum
1874 3768 2123 3844 profert.
2211 3767 2294 3827 Et
2347 3769 2646 3844 profecto,
2706 3772 2757 3829 si

414 3854 648 3912 animus
706 3853 779 3911 ab
839 3858 1090 3928 utraque
1136 3855 1451 3927 conceptos
1497 3853 1603 3911 sed
1649 3853 1722 3911 ab
1767 3871 1889 3910 una
1934 3855 2167 3911 tantum
2213 3855 2557 3912 enuntiatos
2602 3853 2761 3912 indi-

317 3945 382 3992 23
416 3956 548 3997 care
595 3938 904 4009 voluisset,
952 3937 1190 3997 fecisset
1233 3937 1294 3994 id
1341 3938 1467 3995 sine
1515 3936 1696 3996 dubio
1736 3936 1892 3994 haud
1938 3938 2212 3997 inscitius
2245 3957 2424 4013 quam
2460 3937 2760 3998 Pactionis

415 4025 597 4097 poeta
647 4025 699 4077 A
733 4024 814 4081 20
845 4041 977 4098 sqq.
1065 4021 1277 4096 Itaque
1345 4041 1412 4079 ex
1479 4021 1584 4079 illo
1652 4022 1783 4096 ipso
1850 4021 2007 4094 loco,
2080 4040 2198 4095 quo
2254 4021 2416 4082 Iovis
2482 4023 2761 4082 irrisione

416 4111 811 4183 utramque
857 4107 1021 4166 deam
1067 4108 1313 4182 petitam
1346 4125 1472 4165 esse
1520 4106 1873 4164 meminerat
1917 4137 1997 4148 —
2043 4110 2104 4163 et
2130 4104 2204 4165 cf.
2237 4105 2383 4165 ibid.
2419 4109 2453 4165 7
2488 4126 2621 4184 sqq.
2658 4139 2759 4180 —-,

418 4192 846 4251 diasceuastam
904 4192 1199 4267 quendam
1254 4194 1462 4250 nostra
1516 4193 1757 4266 qnoque
1814 4190 2204 4265 interpolasse
2262 4191 2549 4264 arbitror,
2609 4210 2761 4268 01180

417 4276 658 4335 brevius
706 4277 1045 4352 rectiusque
1089 4278 1174 4335 sic
1217 4276 1526 4350 scripsisse
1575 4276 1814 4334 videtur
1858 4278 2092 4334 auctor:

586 4383 683 4432 418
768 4371 807 4452 ἡ
854 4371 913 4434 δ’
962 4367 1100 4435 αὖτ’
1152 4376 1492 4454 εἰσορόωσα
1558 4371 1569 4455 Ι
1638 4370 1751 4432 θεὰ
1796 4377 2140 4452 γλαυκῶπις
2169 4369 2402 4454 Ἀθήνη
2487 4385 2590 4434 420

586 4468 683 4516 419
773 4460 1097 4539 κερτομίοις
1145 4458 1377 4519 ἐπέεσσι
1428 4459 1545 4519 Δία
1594 4457 1898 4538 Κρονίδην
1941 4455 2245 4539 ἐρέθιζεν.
