<?xml version="1.0" encoding="UTF-8"?>
<!DOCTYPE html PUBLIC "-//W3C//DTD XHTML 1.0 Transitional//EN"
    "http://www.w3.org/TR/xhtml1/DTD/xhtml1-transitional.dtd">
<html xmlns="http://www.w3.org/1999/xhtml" xml:lang="en" lang="en">
 <head>
  <title>
</title>
<meta http-equiv="Content-Type" content="text/html;charset=utf-8" />
  <meta name='ocr-system' content='tesseract 3.04.00' />
  <meta name='ocr-capabilities' content='ocr_page ocr_carea ocr_par ocr_line ocrx_word'/>
</head>
<body>
  <div class='ocr_page' id='page_1' title='image "./opusculaphilolo00koecgoog_0311.png"; bbox 0 0 3132 5129; ppageno 0'>
   <div class='ocr_carea' id='block_1_1' title="bbox 1333 384 1791 448">
    <p class='ocr_par' dir='ltr' id='par_1_1' title="bbox 1333 384 1791 448">
     <span class='ocr_line' id='line_1_1' title="bbox 1333 384 1791 448; baseline -0.002 0"><span class='ocrx_word' id='word_1_1' title='bbox 1333 384 1627 448; x_wconf 81' lang='lat'>—299</span> <span class='ocrx_word' id='word_1_2' title='bbox 1716 424 1791 432; x_wconf 93' lang='grc'>-</span> 
     </span>
    </p>
   </div>
   <div class='ocr_carea' id='block_1_2' title="bbox 395 535 2842 3935">
    <p class='ocr_par' dir='ltr' id='par_1_2' title="bbox 395 535 2842 3169">
     <span class='ocr_line' id='line_1_2' title="bbox 397 535 2741 637; baseline 0 -38"><span class='ocrx_word' id='word_1_3' title='bbox 397 535 641 617; x_wconf 84' lang='grc' dir='ltr'><strong><em>φέροιεν</em></strong></span> <span class='ocrx_word' id='word_1_4' title='bbox 688 574 759 583; x_wconf 88' lang='grc'><strong>--</strong></span> <span class='ocrx_word' id='word_1_5' title='bbox 809 537 1043 617; x_wconf 83' lang='grc' dir='ltr'><strong><em>αελλαι,</em></strong></span> <span class='ocrx_word' id='word_1_6' title='bbox 1097 537 1259 615; x_wconf 83' lang='grc' dir='ltr'><strong><em>ὄφρα</em></strong></span> <span class='ocrx_word' id='word_1_7' title='bbox 1313 535 1369 598; x_wconf 92' lang='grc' dir='ltr'><strong>σ’</strong></span> <span class='ocrx_word' id='word_1_8' title='bbox 1417 573 1499 582; x_wconf 87' lang='grc'>-</span> <span class='ocrx_word' id='word_1_9' title='bbox 1549 540 1561 620; x_wconf 74' lang='grc' dir='ltr'><strong><em>Ι</em></strong></span> <span class='ocrx_word' id='word_1_10' title='bbox 1610 538 1867 618; x_wconf 83' lang='grc' dir='ltr'>μνήσω</span> <span class='ocrx_word' id='word_1_11' title='bbox 1921 537 2031 623; x_wconf 78' lang='grc' dir='ltr'><strong>ἐμῇ</strong></span> <span class='ocrx_word' id='word_1_12' title='bbox 2090 537 2280 617; x_wconf 80' lang='grc' dir='ltr'><strong><em>ἰότητι</em></strong></span> <span class='ocrx_word' id='word_1_13' title='bbox 2335 536 2741 637; x_wconf 75' lang='grc' dir='ltr'><strong><em>πεφυγμένον.</em></strong></span> 
     </span>
     <span class='ocr_line' id='line_1_3' title="bbox 397 617 2742 732; baseline -0.001 -46"><span class='ocrx_word' id='word_1_14' title='bbox 397 626 504 702; x_wconf 94' lang='lat' dir='ltr'><strong>IV,</strong></span> <span class='ocrx_word' id='word_1_15' title='bbox 533 627 654 686; x_wconf 83' lang='lat'><strong>841</strong></span> <span class='ocrx_word' id='word_1_16' title='bbox 683 622 811 702; x_wconf 71' lang='grc' dir='ltr'><strong>ὥρη</strong></span> <span class='ocrx_word' id='word_1_17' title='bbox 842 623 1081 704; x_wconf 82' lang='grc' dir='ltr'><strong><em>δολιχὴν</em></strong></span> <span class='ocrx_word' id='word_1_18' title='bbox 1100 660 1179 671; x_wconf 92' lang='lat'><strong>—-</strong></span> <span class='ocrx_word' id='word_1_19' title='bbox 1203 618 1375 727; x_wconf 76' lang='grc' dir='ltr'><strong><em>οἷμον</em></strong></span> <span class='ocrx_word' id='word_1_20' title='bbox 1403 617 1658 728; x_wconf 80' lang='grc' dir='ltr'><strong><em>ὁδεύειν,</em></strong></span> <span class='ocrx_word' id='word_1_21' title='bbox 1698 622 1783 707; x_wconf 79' lang='grc' dir='ltr'><strong><em>Ι”</em></strong></span> <span class='ocrx_word' id='word_1_22' title='bbox 1747 647 1905 726; x_wconf 89' lang='grc' dir='ltr'><strong><em>οφρα</em></strong></span> <span class='ocrx_word' id='word_1_23' title='bbox 1936 623 2298 732; x_wconf 61' lang='grc' dir='ltr'><strong><em>κασνγνήτας</em></strong></span> <span class='ocrx_word' id='word_1_24' title='bbox 2326 620 2742 704; x_wconf 80' lang='grc' dir='ltr'><strong><em>μετελεύσομαι</em></strong></span> 
     </span>
     <span class='ocr_line' id='line_1_4' title="bbox 400 702 2741 817; baseline 0 -49"><span class='ocrx_word' id='word_1_25' title='bbox 400 744 482 754; x_wconf 90' lang='grc'><strong>--</strong></span> <span class='ocrx_word' id='word_1_26' title='bbox 513 707 616 769; x_wconf 78' lang='grc' dir='ltr'><strong>καὶ</strong></span> <span class='ocrx_word' id='word_1_27' title='bbox 673 707 818 788; x_wconf 87' lang='grc' dir='ltr'><strong><em>νηὸς</em></strong></span> <span class='ocrx_word' id='word_1_28' title='bbox 870 707 977 769; x_wconf 87' lang='grc' dir='ltr'><strong>οθι</strong></span> <span class='ocrx_word' id='word_1_29' title='bbox 1016 702 1346 790; x_wconf 80' lang='grc' dir='ltr'><strong><em>πρυμνήσι’</em></strong></span> <span class='ocrx_word' id='word_1_30' title='bbox 1402 702 1692 789; x_wconf 85' lang='grc' dir='ltr'><strong><em>ἀνῆπται,</em></strong></span> <span class='ocrx_word' id='word_1_31' title='bbox 1732 719 1741 787; x_wconf 87' lang='grc'>1</span> <span class='ocrx_word' id='word_1_32' title='bbox 1781 733 1861 782; x_wconf 83' lang='grc' dir='ltr'><strong>ως</strong></span> <span class='ocrx_word' id='word_1_33' title='bbox 1903 733 2010 771; x_wconf 85' lang='grc' dir='ltr'><strong>κεν</strong></span> <span class='ocrx_word' id='word_1_34' title='bbox 2050 718 2284 792; x_wconf 76' lang='grc' dir='ltr'><strong><em>υπηῷοι</em></strong></span> <span class='ocrx_word' id='word_1_35' title='bbox 2324 710 2741 817; x_wconf 79' lang='grc' dir='ltr'><strong><em>μνησαίατο</em></strong></span> 
     </span>
     <span class='ocr_line' id='line_1_5' title="bbox 400 790 2740 875; baseline -0.001 -19"><span class='ocrx_word' id='word_1_36' title='bbox 400 792 611 856; x_wconf 87' lang='grc' dir='ltr'><strong><em>νόστον</em></strong></span> <span class='ocrx_word' id='word_1_37' title='bbox 640 792 902 860; x_wconf 76' lang='grc' dir='ltr'><strong><em>ἑλέσθαι</em></strong></span> <span class='ocrx_word' id='word_1_38' title='bbox 964 796 1069 873; x_wconf 84' lang='lat' dir='ltr'><strong>lv,</strong></span> <span class='ocrx_word' id='word_1_39' title='bbox 1105 800 1225 858; x_wconf 81' lang='lat'><strong>908</strong></span> <span class='ocrx_word' id='word_1_40' title='bbox 1257 792 1539 871; x_wconf 81' lang='grc' dir='ltr'><strong><em>πείσματ’</em></strong></span> <span class='ocrx_word' id='word_1_41' title='bbox 1590 793 1829 875; x_wconf 76' lang='grc' dir='ltr'><strong><em>ἔμελλον</em></strong></span> <span class='ocrx_word' id='word_1_42' title='bbox 1864 829 1934 838; x_wconf 89' lang='lat'><strong>-—</strong></span> <span class='ocrx_word' id='word_1_43' title='bbox 1968 792 2288 875; x_wconf 80' lang='grc' dir='ltr'><strong><em>βαλέσθαι,</em></strong></span> <span class='ocrx_word' id='word_1_44' title='bbox 2319 793 2480 873; x_wconf 79' lang='grc' dir='ltr'><strong><em>εἰμὴ</em></strong></span> <span class='ocrx_word' id='word_1_45' title='bbox 2517 829 2589 841; x_wconf 95' lang='grc'>-</span> <span class='ocrx_word' id='word_1_46' title='bbox 2616 790 2740 873; x_wconf 85' lang='grc' dir='ltr'><strong><em>’·Ορ</em></strong></span> 
     </span>
     <span class='ocr_line' id='line_1_6' title="bbox 401 876 2739 960; baseline 0 -20"><span class='ocrx_word' id='word_1_47' title='bbox 401 877 554 957; x_wconf 81' lang='grc' dir='ltr'><strong>φεὺς</strong></span> <span class='ocrx_word' id='word_1_48' title='bbox 583 913 668 926; x_wconf 94' lang='grc'><strong>-</strong></span> <span class='ocrx_word' id='word_1_49' title='bbox 696 877 869 960; x_wconf 83' lang='grc' dir='ltr'><strong><em>μέλος</em></strong></span> <span class='ocrx_word' id='word_1_50' title='bbox 911 879 1252 959; x_wconf 77' lang='grc' dir='ltr'><strong><em>κανάχησεν</em></strong></span> <span class='ocrx_word' id='word_1_51' title='bbox 1295 876 1529 960; x_wconf 83' lang='grc' dir='ltr'><strong><em>ἀοιδῆς,</em></strong></span> <span class='ocrx_word' id='word_1_52' title='bbox 1568 878 1653 960; x_wconf 79' lang='grc' dir='ltr'><strong><em>Ι”</em></strong></span> <span class='ocrx_word' id='word_1_53' title='bbox 1618 877 1758 959; x_wconf 85' lang='grc' dir='ltr'><strong><em>οφρ’</em></strong></span> <span class='ocrx_word' id='word_1_54' title='bbox 1801 878 2021 958; x_wconf 87' lang='grc' dir='ltr'><strong><em>αμυδις</em></strong></span> <span class='ocrx_word' id='word_1_55' title='bbox 2063 876 2403 952; x_wconf 81' lang='grc' dir='ltr'><strong><em>κλονέοντος</em></strong></span> <span class='ocrx_word' id='word_1_56' title='bbox 2447 878 2614 960; x_wconf 82' lang='grc' dir='ltr'><strong><em>έπιβ</em></strong></span> <span class='ocrx_word' id='word_1_57' title='bbox 2626 902 2739 958; x_wconf 89' lang='grc' dir='ltr'><strong>ρο</strong></span> 
     </span>
     <span class='ocr_line' id='line_1_7' title="bbox 400 961 2739 1068; baseline 0 -43"><span class='ocrx_word' id='word_1_58' title='bbox 400 962 725 1043; x_wconf 87' lang='grc' dir='ltr'><strong><em>μέωνται</em></strong></span> <span class='ocrx_word' id='word_1_59' title='bbox 752 961 988 1041; x_wconf 86' lang='grc' dir='ltr'><strong><em>ἀκουαί,</em></strong></span> <span class='ocrx_word' id='word_1_60' title='bbox 1021 968 1124 1027; x_wconf 90' lang='lat' dir='ltr'><strong>ubi</strong></span> <span class='ocrx_word' id='word_1_61' title='bbox 1153 964 1418 1026; x_wconf 87' lang='lat' dir='ltr'><strong>Brunck.</strong></span> <span class='ocrx_word' id='word_1_62' title='bbox 1446 989 1478 1029; x_wconf 92' lang='lat' dir='ltr'><strong>e</strong></span> <span class='ocrx_word' id='word_1_63' title='bbox 1509 969 1847 1028; x_wconf 86' lang='lat' dir='ltr'><strong>coniectura</strong></span> <span class='ocrx_word' id='word_1_64' title='bbox 1876 962 2315 1068; x_wconf 80' lang='grc' dir='ltr'><strong><em>ἕπιβρομέοιντο</em></strong></span> <span class='ocrx_word' id='word_1_65' title='bbox 2343 968 2563 1042; x_wconf 89' lang='lat' dir='ltr'><strong>posuit.</strong></span> <span class='ocrx_word' id='word_1_66' title='bbox 2599 968 2739 1026; x_wconf 75' lang='lat' dir='ltr'><strong>ibid.</strong></span> 
     </span>
     <span class='ocr_line' id='line_1_8' title="bbox 408 1042 2740 1156; baseline -0.001 -46"><span class='ocrx_word' id='word_1_67' title='bbox 408 1053 524 1112; x_wconf 85' lang='lat'><strong>182</strong></span> <span class='ocrx_word' id='word_1_68' title='bbox 567 1072 700 1148; x_wconf 88' lang='grc' dir='ltr'><strong><em>περι</em></strong></span> <span class='ocrx_word' id='word_1_69' title='bbox 743 1043 854 1131; x_wconf 73' lang='grc' dir='ltr'><strong>γάρ</strong></span> <span class='ocrx_word' id='word_1_70' title='bbox 898 1048 1045 1127; x_wconf 83' lang='grc' dir='ltr'><strong><em>δίεν,</em></strong></span> <span class='ocrx_word' id='word_1_71' title='bbox 1099 1073 1261 1128; x_wconf 88' lang='grc' dir='ltr'><strong><em>οφρα</em></strong></span> <span class='ocrx_word' id='word_1_72' title='bbox 1303 1048 1333 1109; x_wconf 83' lang='grc' dir='ltr'><em>ἕ</em></span> <span class='ocrx_word' id='word_1_73' title='bbox 1368 1047 1540 1156; x_wconf 81' lang='grc' dir='ltr'><strong><em>μήτις</em></strong></span> <span class='ocrx_word' id='word_1_74' title='bbox 1580 1054 1590 1129; x_wconf 82' lang='grc' dir='ltr'><strong><em>Ι</em></strong></span> <span class='ocrx_word' id='word_1_75' title='bbox 1629 1042 1890 1156; x_wconf 75' lang='grc' dir='ltr'><strong><em>ἀνδρῶν</em></strong></span> <span class='ocrx_word' id='word_1_76' title='bbox 1908 1043 1976 1128; x_wconf 80' lang='grc' dir='ltr'><strong>ἠὲ</strong></span> <span class='ocrx_word' id='word_1_77' title='bbox 2024 1054 2195 1111; x_wconf 76' lang='grc' dir='ltr'><strong><em>θεῶν</em></strong></span> <span class='ocrx_word' id='word_1_78' title='bbox 2241 1050 2740 1125; x_wconf 84' lang='grc' dir='ltr'><strong><em>νοσφίσσεται</em></strong></span> 
     </span>
     <span class='ocr_line' id='line_1_9' title="bbox 398 1126 2742 1235; baseline -0.001 -41"><span class='ocrx_word' id='word_1_79' title='bbox 398 1129 812 1215; x_wconf 82' lang='grc' dir='ltr'><strong><em>ἀντιβολήσας.</em></strong></span> <span class='ocrx_word' id='word_1_80' title='bbox 872 1137 920 1213; x_wconf 98' lang='grc' dir='ltr'><strong>Ι,</strong></span> <span class='ocrx_word' id='word_1_81' title='bbox 956 1139 1077 1196; x_wconf 85' lang='grc'><strong>852</strong></span> <span class='ocrx_word' id='word_1_82' title='bbox 1112 1132 1346 1214; x_wconf 86' lang='grc' dir='ltr'><strong><em>Κύπρις</em></strong></span> <span class='ocrx_word' id='word_1_83' title='bbox 1378 1171 1451 1181; x_wconf 89' lang='grc'><strong>--</strong></span> <span class='ocrx_word' id='word_1_84' title='bbox 1488 1128 1678 1214; x_wconf 85' lang='grc' dir='ltr'><strong><em>ωρσεν</em></strong></span> <span class='ocrx_word' id='word_1_85' title='bbox 1708 1171 1812 1213; x_wconf 91' lang='grc'><strong>-,</strong></span> <span class='ocrx_word' id='word_1_86' title='bbox 1855 1158 2014 1214; x_wconf 87' lang='grc' dir='ltr'><strong><em>οφρα</em></strong></span> <span class='ocrx_word' id='word_1_87' title='bbox 2044 1158 2151 1197; x_wconf 85' lang='grc' dir='ltr'><strong>κεν</strong></span> <span class='ocrx_word' id='word_1_88' title='bbox 2177 1126 2349 1208; x_wconf 82' lang='grc' dir='ltr'><strong><em>αύτις</em></strong></span> <span class='ocrx_word' id='word_1_89' title='bbox 2388 1132 2398 1217; x_wconf 86' lang='grc' dir='ltr'><strong><em>Ι</em></strong></span> <span class='ocrx_word' id='word_1_90' title='bbox 2438 1135 2742 1235; x_wconf 85' lang='grc' dir='ltr'><strong><em>ναίηται</em></strong></span> 
     </span>
     <span class='ocr_line' id='line_1_10' title="bbox 399 1218 2740 1300; baseline 0.001 -21"><span class='ocrx_word' id='word_1_91' title='bbox 399 1218 813 1298; x_wconf 68' lang='grc' dir='ltr'><strong><em>μετόπισθενῖ</em></strong></span> <span class='ocrx_word' id='word_1_92' title='bbox 885 1222 957 1281; x_wconf 89' lang='grc' dir='ltr'><strong>Ιιι</strong></span> <span class='ocrx_word' id='word_1_93' title='bbox 999 1222 1092 1283; x_wconf 87' lang='lat' dir='ltr'><strong>his</strong></span> <span class='ocrx_word' id='word_1_94' title='bbox 1133 1240 1256 1281; x_wconf 88' lang='lat' dir='ltr'><strong>non</strong></span> <span class='ocrx_word' id='word_1_95' title='bbox 1294 1223 1504 1284; x_wconf 86' lang='lat' dir='ltr'><strong>dubito</strong></span> <span class='ocrx_word' id='word_1_96' title='bbox 1548 1224 1695 1300; x_wconf 89' lang='lat' dir='ltr'><strong>quin</strong></span> <span class='ocrx_word' id='word_1_97' title='bbox 1737 1223 1864 1283; x_wconf 90' lang='lat' dir='ltr'><strong>sola</strong></span> <span class='ocrx_word' id='word_1_98' title='bbox 1903 1223 2080 1282; x_wconf 88' lang='lat' dir='ltr'><strong>metri</strong></span> <span class='ocrx_word' id='word_1_99' title='bbox 2123 1222 2547 1282; x_wconf 85' lang='lat' dir='ltr'><strong>commoditate</strong></span> <span class='ocrx_word' id='word_1_100' title='bbox 2588 1221 2740 1281; x_wconf 85' lang='lat' dir='ltr'><strong>invi-</strong></span> 
     </span>
     <span class='ocr_line' id='line_1_11' title="bbox 406 1305 2739 1370; baseline -0.001 -4"><span class='ocrx_word' id='word_1_101' title='bbox 406 1310 566 1366; x_wconf 87' lang='lat' dir='ltr'><strong>tatus</strong></span> <span class='ocrx_word' id='word_1_102' title='bbox 601 1339 677 1349; x_wconf 93' lang='lat'>—</span> <span class='ocrx_word' id='word_1_103' title='bbox 708 1307 849 1367; x_wconf 90' lang='lat' dir='ltr'><strong>nolo</strong></span> <span class='ocrx_word' id='word_1_104' title='bbox 877 1308 1036 1367; x_wconf 85' lang='lat' dir='ltr'><strong>enim</strong></span> <span class='ocrx_word' id='word_1_105' title='bbox 1069 1307 1262 1368; x_wconf 81' lang='lat' dir='ltr'><strong>dicere</strong></span> <span class='ocrx_word' id='word_1_106' title='bbox 1292 1309 1647 1370; x_wconf 84' lang='lat' dir='ltr'><strong>necessitate</strong></span> <span class='ocrx_word' id='word_1_107' title='bbox 1679 1311 1917 1369; x_wconf 85' lang='lat' dir='ltr'><strong>coactus</strong></span> <span class='ocrx_word' id='word_1_108' title='bbox 1938 1340 2021 1351; x_wconf 91' lang='lat'>-</span> <span class='ocrx_word' id='word_1_109' title='bbox 2048 1307 2253 1367; x_wconf 89' lang='lat' dir='ltr'><strong>modos</strong></span> <span class='ocrx_word' id='word_1_110' title='bbox 2283 1305 2739 1368; x_wconf 83' lang='lat' dir='ltr'><strong>commiscuerit.</strong></span> 
     </span>
     <span class='ocr_line' id='line_1_12' title="bbox 403 1387 2734 1469; baseline -0.001 -17"><span class='ocrx_word' id='word_1_111' title='bbox 403 1393 559 1452; x_wconf 83' lang='lat' dir='ltr'><strong>Hinc</strong></span> <span class='ocrx_word' id='word_1_112' title='bbox 599 1392 778 1451; x_wconf 85' lang='lat' dir='ltr'><strong>etiam</strong></span> <span class='ocrx_word' id='word_1_113' title='bbox 823 1391 926 1468; x_wconf 89' lang='lat' dir='ltr'><strong>IV,</strong></span> <span class='ocrx_word' id='word_1_114' title='bbox 976 1393 1098 1451; x_wconf 88' lang='grc'><strong>364</strong></span> <span class='ocrx_word' id='word_1_115' title='bbox 1137 1387 1286 1450; x_wconf 78' lang='grc' dir='ltr'><strong><em>κατὰ</em></strong></span> <span class='ocrx_word' id='word_1_116' title='bbox 1337 1391 1559 1452; x_wconf 87' lang='grc' dir='ltr'><strong><em>πόντον</em></strong></span> <span class='ocrx_word' id='word_1_117' title='bbox 1600 1427 1678 1437; x_wconf 96' lang='lat'>—</span> <span class='ocrx_word' id='word_1_118' title='bbox 1721 1399 2019 1469; x_wconf 80' lang='grc' dir='ltr'><strong><em>φορεῦμαι</em></strong></span> <span class='ocrx_word' id='word_1_119' title='bbox 2058 1424 2143 1435; x_wconf 90' lang='grc'>-</span> <span class='ocrx_word' id='word_1_120' title='bbox 2186 1390 2290 1451; x_wconf 76' lang='grc' dir='ltr'><strong>ἵνα</strong></span> <span class='ocrx_word' id='word_1_121' title='bbox 2329 1411 2429 1469; x_wconf 89' lang='grc' dir='ltr'><strong>μοι</strong></span> <span class='ocrx_word' id='word_1_122' title='bbox 2480 1389 2617 1462; x_wconf 86' lang='grc' dir='ltr'><strong><em>σόος</em></strong></span> <span class='ocrx_word' id='word_1_123' title='bbox 2662 1422 2734 1432; x_wconf 92' lang='lat'><strong>--</strong></span> 
     </span>
     <span class='ocr_line' id='line_1_13' title="bbox 401 1470 2740 1554; baseline -0.001 -19"><span class='ocrx_word' id='word_1_124' title='bbox 401 1470 923 1552; x_wconf 76' lang='grc' dir='ltr'><strong><em>ἀναπλήσειας</em></strong></span> <span class='ocrx_word' id='word_1_125' title='bbox 962 1470 1246 1552; x_wconf 86' lang='grc' dir='ltr'><strong><em>ἀέθλους,</em></strong></span> <span class='ocrx_word' id='word_1_126' title='bbox 1287 1478 1389 1538; x_wconf 91' lang='lat' dir='ltr'><strong>ubi</strong></span> <span class='ocrx_word' id='word_1_127' title='bbox 1430 1478 1563 1554; x_wconf 87' lang='lat' dir='ltr'><strong>quis</strong></span> <span class='ocrx_word' id='word_1_128' title='bbox 1605 1498 1676 1538; x_wconf 82' lang='lat' dir='ltr'><strong>ex</strong></span> <span class='ocrx_word' id='word_1_129' title='bbox 1718 1474 2096 1554; x_wconf 76' lang='grc' dir='ltr'><strong><em>νοσφισάμην</em></strong></span> <span class='ocrx_word' id='word_1_130' title='bbox 2135 1497 2195 1537; x_wconf 84' lang='lat' dir='ltr'><strong>v.</strong></span> <span class='ocrx_word' id='word_1_131' title='bbox 2234 1478 2355 1537; x_wconf 79' lang='lat'><strong>362</strong></span> <span class='ocrx_word' id='word_1_132' title='bbox 2395 1494 2740 1553; x_wconf 86' lang='lat' dir='ltr'><strong>praegresso</strong></span> 
     </span>
     <span class='ocr_line' id='line_1_14' title="bbox 403 1561 2738 1639; baseline -0.002 -17"><span class='ocrx_word' id='word_1_133' title='bbox 403 1562 739 1639; x_wconf 86' lang='lat' dir='ltr'><strong>optativum</strong></span> <span class='ocrx_word' id='word_1_134' title='bbox 782 1561 1156 1622; x_wconf 87' lang='lat' dir='ltr'><strong>artificiosius</strong></span> <span class='ocrx_word' id='word_1_135' title='bbox 1200 1564 1615 1639; x_wconf 84' lang='lat' dir='ltr'><strong>explicandum</strong></span> <span class='ocrx_word' id='word_1_136' title='bbox 1656 1566 1925 1638; x_wconf 83' lang='lat' dir='ltr'><strong>censeat,</strong></span> <span class='ocrx_word' id='word_1_137' title='bbox 1976 1563 2227 1622; x_wconf 88' lang='lat' dir='ltr'><strong>eandem</strong></span> <span class='ocrx_word' id='word_1_138' title='bbox 2276 1563 2451 1620; x_wconf 88' lang='lat' dir='ltr'><strong>metri</strong></span> <span class='ocrx_word' id='word_1_139' title='bbox 2506 1579 2738 1621; x_wconf 87' lang='lat' dir='ltr'><strong>causam</strong></span> 
     </span>
     <span class='ocr_line' id='line_1_15' title="bbox 406 1642 2742 1723; baseline -0.002 -17"><span class='ocrx_word' id='word_1_140' title='bbox 406 1648 650 1707; x_wconf 79' lang='lat' dir='ltr'><strong>subesse</strong></span> <span class='ocrx_word' id='word_1_141' title='bbox 692 1648 877 1706; x_wconf 88' lang='lat' dir='ltr'><strong>solam</strong></span> <span class='ocrx_word' id='word_1_142' title='bbox 919 1647 1292 1707; x_wconf 84' lang='lat' dir='ltr'><strong>crediderim.</strong></span> <span class='ocrx_word' id='word_1_143' title='bbox 1363 1649 1534 1709; x_wconf 88' lang='lat' dir='ltr'><strong>Alios</strong></span> <span class='ocrx_word' id='word_1_144' title='bbox 1578 1648 1731 1707; x_wconf 90' lang='lat' dir='ltr'><strong>addo</strong></span> <span class='ocrx_word' id='word_1_145' title='bbox 1771 1648 1965 1708; x_wconf 91' lang='lat' dir='ltr'><strong>locos:</strong></span> <span class='ocrx_word' id='word_1_146' title='bbox 2008 1646 2114 1721; x_wconf 90' lang='lat' dir='ltr'><strong>IV,</strong></span> <span class='ocrx_word' id='word_1_147' title='bbox 2148 1649 2223 1706; x_wconf 84' lang='lat'><strong>61</strong></span> <span class='ocrx_word' id='word_1_148' title='bbox 2274 1642 2446 1723; x_wconf 76' lang='grc' dir='ltr'><strong><em>θαμὰ</em></strong></span> <span class='ocrx_word' id='word_1_149' title='bbox 2492 1677 2561 1688; x_wconf 92' lang='grc'><strong>-</strong></span> <span class='ocrx_word' id='word_1_150' title='bbox 2608 1642 2742 1703; x_wconf 85' lang='grc' dir='ltr'><strong><em>κίον</em></strong></span> 
     </span>
     <span class='ocr_line' id='line_1_16' title="bbox 403 1723 2842 1834; baseline -0.003 -44"><span class='ocrx_word' id='word_1_151' title='bbox 403 1723 903 1802; x_wconf 83' lang='grc' dir='ltr'><strong><em>-ἀοιδαῖς-ῗ</em></strong></span> <span class='ocrx_word' id='word_1_152' title='bbox 870 1752 974 1789; x_wconf 86' lang='grc' dir='ltr'><strong>ινα</strong></span> <span class='ocrx_word' id='word_1_153' title='bbox 1003 1765 1088 1777; x_wconf 90' lang='grc'><strong>--</strong></span> <span class='ocrx_word' id='word_1_154' title='bbox 1124 1727 1136 1812; x_wconf 86' lang='grc' dir='ltr'><strong><em>Ι</em></strong></span> <span class='ocrx_word' id='word_1_155' title='bbox 1158 1729 1623 1834; x_wconf 77' lang='grc' dir='ltr'><strong><em>φαρμάσσῃς</em></strong></span> <span class='ocrx_word' id='word_1_156' title='bbox 1654 1730 1922 1829; x_wconf 78' lang='grc' dir='ltr'><strong><em>εὔκηλος.</em></strong></span> <span class='ocrx_word' id='word_1_157' title='bbox 1984 1732 2029 1807; x_wconf 95' lang='grc' dir='ltr'><strong>Ι,</strong></span> <span class='ocrx_word' id='word_1_158' title='bbox 2070 1733 2143 1790; x_wconf 81' lang='lat'><strong>17</strong></span> <span class='ocrx_word' id='word_1_159' title='bbox 2177 1725 2511 1833; x_wconf 79' lang='grc' dir='ltr'><strong><em>ἐφράσσατο</em></strong></span> <span class='ocrx_word' id='word_1_160' title='bbox 2540 1728 2647 1788; x_wconf 89' lang='grc' dir='ltr'><strong>καί</strong></span> <span class='ocrx_word' id='word_1_161' title='bbox 2681 1728 2743 1787; x_wconf 83' lang='grc' dir='ltr'><strong>οἰ</strong></span> <span class='ocrx_word' id='word_1_162' title='bbox 2779 1733 2842 1784; x_wconf 76' lang='grc'><strong>16</strong></span> 
     </span>
     <span class='ocr_line' id='line_1_17' title="bbox 395 1753 2739 1917; baseline -0.002 -42"><span class='ocrx_word' id='word_1_163' title='bbox 395 1813 626 1876; x_wconf 87' lang='grc' dir='ltr'><strong><em>αεθλον</em></strong></span> <span class='ocrx_word' id='word_1_164' title='bbox 661 1814 690 1917; x_wconf 81' lang='grc' dir='ltr'><strong><em>Ι</em></strong></span> <span class='ocrx_word' id='word_1_165' title='bbox 711 1814 882 1875; x_wconf 80' lang='grc' dir='ltr'><strong><em>ἔντυε</em></strong></span> <span class='ocrx_word' id='word_1_166' title='bbox 912 1848 996 1860; x_wconf 88' lang='lat'>—</span> <span class='ocrx_word' id='word_1_167' title='bbox 1028 1812 1173 1894; x_wconf 79' lang='grc' dir='ltr'><strong><em>ὄφρ’</em></strong></span> <span class='ocrx_word' id='word_1_168' title='bbox 1224 1813 1315 1876; x_wconf 75' lang='grc' dir='ltr'><strong>ένὶ</strong></span> <span class='ocrx_word' id='word_1_169' title='bbox 1354 1812 1555 1898; x_wconf 81' lang='grc' dir='ltr'><strong><em>πόντῳ</em></strong></span> <span class='ocrx_word' id='word_1_170' title='bbox 1594 1814 1605 1894; x_wconf 87' lang='grc' dir='ltr'><strong><em>Ι</em></strong></span> <span class='ocrx_word' id='word_1_171' title='bbox 1641 1812 1715 1891; x_wconf 77' lang='grc' dir='ltr'><strong>ἠὲ</strong></span> <span class='ocrx_word' id='word_1_172' title='bbox 1752 1813 1853 1876; x_wconf 83' lang='grc' dir='ltr'><strong>καὶ</strong></span> <span class='ocrx_word' id='word_1_173' title='bbox 1889 1753 2325 1875; x_wconf 84' lang='grc' dir='ltr'><strong><em>ἀλλοδαποῖσι</em></strong></span> <span class='ocrx_word' id='word_1_174' title='bbox 2315 1809 2443 1893; x_wconf 85' lang='grc' dir='ltr'><strong><em>μετ’</em></strong></span> <span class='ocrx_word' id='word_1_175' title='bbox 2485 1796 2739 1893; x_wconf 88' lang='grc' dir='ltr'><strong><em>ἀνδράσι</em></strong></span> 
     </span>
     <span class='ocr_line' id='line_1_18' title="bbox 401 1894 2736 1982; baseline -0.001 -22"><span class='ocrx_word' id='word_1_176' title='bbox 401 1900 618 1962; x_wconf 86' lang='grc' dir='ltr'><strong><em>νόστον</em></strong></span> <span class='ocrx_word' id='word_1_177' title='bbox 659 1894 949 1982; x_wconf 81' lang='grc' dir='ltr'><strong><em>ὀλέσσῃ.</em></strong></span> <span class='ocrx_word' id='word_1_178' title='bbox 1007 1904 1149 1962; x_wconf 76' lang='lat' dir='ltr'><strong>ibid.</strong></span> <span class='ocrx_word' id='word_1_179' title='bbox 1188 1904 1348 1962; x_wconf 80' lang='lat'>1292</span> <span class='ocrx_word' id='word_1_180' title='bbox 1378 1901 1550 1979; x_wconf 82' lang='grc' dir='ltr'><strong><em>μῆτις</em></strong></span> <span class='ocrx_word' id='word_1_181' title='bbox 1591 1899 1839 1981; x_wconf 77' lang='grc' dir='ltr'><strong><em>ὄρωρεν,</em></strong></span> <span class='ocrx_word' id='word_1_182' title='bbox 1878 1900 1889 1980; x_wconf 87' lang='grc' dir='ltr'><strong><em>Ι</em></strong></span> <span class='ocrx_word' id='word_1_183' title='bbox 1927 1899 2087 1978; x_wconf 78' lang='grc' dir='ltr'><strong><em>ὄφρα</em></strong></span> <span class='ocrx_word' id='word_1_184' title='bbox 2118 1899 2183 1961; x_wconf 83' lang='grc' dir='ltr'><strong><em>τὸ</em></strong></span> <span class='ocrx_word' id='word_1_185' title='bbox 2213 1901 2415 1961; x_wconf 84' lang='grc' dir='ltr'><strong><em>κείνου</em></strong></span> <span class='ocrx_word' id='word_1_186' title='bbox 2446 1897 2628 1970; x_wconf 86' lang='grc' dir='ltr'><strong><em>κῦδος</em></strong></span> <span class='ocrx_word' id='word_1_187' title='bbox 2666 1932 2736 1943; x_wconf 89' lang='grc'>-</span> 
     </span>
     <span class='ocr_line' id='line_1_19' title="bbox 398 1982 2738 2067; baseline 0 -23"><span class='ocrx_word' id='word_1_188' title='bbox 398 1982 480 2065; x_wconf 87' lang='grc' dir='ltr'><strong>μή</strong></span> <span class='ocrx_word' id='word_1_189' title='bbox 511 2002 576 2046; x_wconf 87' lang='grc' dir='ltr'><strong><em>σε</em></strong></span> <span class='ocrx_word' id='word_1_190' title='bbox 607 1982 934 2067; x_wconf 81' lang='grc' dir='ltr'><strong><em>καλύψῃ.</em></strong></span> <span class='ocrx_word' id='word_1_191' title='bbox 998 1987 1218 2059; x_wconf 86' lang='lat' dir='ltr'><strong>Quidni</strong></span> <span class='ocrx_word' id='word_1_192' title='bbox 1251 1990 1657 2063; x_wconf 84' lang='lat' dir='ltr'><strong>optativorum</strong></span> <span class='ocrx_word' id='word_1_193' title='bbox 1688 1988 1953 2047; x_wconf 88' lang='lat' dir='ltr'><strong>formas</strong></span> <span class='ocrx_word' id='word_1_194' title='bbox 1938 2007 2000 2046; x_wconf 91' lang='grc' dir='ltr'><strong>ιιι</strong></span> <span class='ocrx_word' id='word_1_195' title='bbox 2029 2018 2113 2030; x_wconf 86' lang='lat'><strong>—·</strong></span> <span class='ocrx_word' id='word_1_196' title='bbox 2143 2002 2241 2043; x_wconf 88' lang='grc' dir='ltr'><strong>σαι</strong></span> <span class='ocrx_word' id='word_1_197' title='bbox 2272 1987 2609 2047; x_wconf 76' lang='lat' dir='ltr'><strong>desinentes</strong></span> <span class='ocrx_word' id='word_1_198' title='bbox 2637 2004 2738 2061; x_wconf 91' lang='lat' dir='ltr'><strong>po-</strong></span> 
     </span>
     <span class='ocr_line' id='line_1_20' title="bbox 401 2072 2742 2149; baseline -0.002 -17"><span class='ocrx_word' id='word_1_199' title='bbox 401 2072 566 2133; x_wconf 80' lang='lat' dir='ltr'><strong>suit?</strong></span> <span class='ocrx_word' id='word_1_200' title='bbox 626 2073 753 2132; x_wconf 89' lang='lat' dir='ltr'><strong>Aut</strong></span> <span class='ocrx_word' id='word_1_201' title='bbox 798 2091 1155 2149; x_wconf 83' lang='lat' dir='ltr'><strong>magnopere</strong></span> <span class='ocrx_word' id='word_1_202' title='bbox 1186 2072 1390 2146; x_wconf 83' lang='lat' dir='ltr'><strong>fallor,</strong></span> <span class='ocrx_word' id='word_1_203' title='bbox 1437 2076 1542 2131; x_wconf 89' lang='lat' dir='ltr'><strong>aut</strong></span> <span class='ocrx_word' id='word_1_204' title='bbox 1573 2073 1976 2149; x_wconf 88' lang='lat' dir='ltr'><strong>Apollonius</strong></span> <span class='ocrx_word' id='word_1_205' title='bbox 1961 2091 2076 2130; x_wconf 76' lang='lat' dir='ltr'><strong>iam</strong></span> <span class='ocrx_word' id='word_1_206' title='bbox 2109 2072 2242 2131; x_wconf 87' lang='lat' dir='ltr'><strong>illas</strong></span> <span class='ocrx_word' id='word_1_207' title='bbox 2289 2073 2538 2146; x_wconf 75' lang='lat' dir='ltr'><strong>formae,</strong></span> <span class='ocrx_word' id='word_1_208' title='bbox 2590 2090 2742 2146; x_wconf 87' lang='lat' dir='ltr'><strong>quae</strong></span> 
     </span>
     <span class='ocr_line' id='line_1_21' title="bbox 405 2156 2740 2235; baseline -0.002 -17"><span class='ocrx_word' id='word_1_209' title='bbox 405 2158 561 2235; x_wconf 90' lang='lat' dir='ltr'><strong>apud</strong></span> <span class='ocrx_word' id='word_1_210' title='bbox 592 2157 956 2217; x_wconf 78' lang='lat' dir='ltr'><strong>recentiores</strong></span> <span class='ocrx_word' id='word_1_211' title='bbox 987 2158 1205 2216; x_wconf 87' lang='lat' dir='ltr'><strong>sensim</strong></span> <span class='ocrx_word' id='word_1_212' title='bbox 1248 2161 1630 2234; x_wconf 82' lang='lat' dir='ltr'><strong>evanescunt,</strong></span> <span class='ocrx_word' id='word_1_213' title='bbox 1677 2158 1815 2218; x_wconf 92' lang='lat' dir='ltr'><strong>odio</strong></span> <span class='ocrx_word' id='word_1_214' title='bbox 1856 2156 2073 2216; x_wconf 87' lang='lat' dir='ltr'><strong>habere</strong></span> <span class='ocrx_word' id='word_1_215' title='bbox 2102 2159 2315 2232; x_wconf 90' lang='lat' dir='ltr'><strong>coepit.</strong></span> <span class='ocrx_word' id='word_1_216' title='bbox 2373 2156 2530 2215; x_wconf 85' lang='lat' dir='ltr'><strong>Hinc</strong></span> <span class='ocrx_word' id='word_1_217' title='bbox 2559 2156 2740 2214; x_wconf 87' lang='lat' dir='ltr'><strong>etiam</strong></span> 
     </span>
     <span class='ocr_line' id='line_1_22' title="bbox 400 2204 2738 2319; baseline -0.002 -17"><span class='ocrx_word' id='word_1_218' title='bbox 400 2244 509 2319; x_wconf 94' lang='grc' dir='ltr'><strong>ΠΙ,</strong></span> <span class='ocrx_word' id='word_1_219' title='bbox 547 2244 709 2303; x_wconf 83' lang='grc'><strong><em>1307</em></strong></span> <span class='ocrx_word' id='word_1_220' title='bbox 753 2262 861 2318; x_wconf 87' lang='lat' dir='ltr'><strong>per</strong></span> <span class='ocrx_word' id='word_1_221' title='bbox 901 2261 964 2302; x_wconf 89' lang='lat' dir='ltr'><strong>se</strong></span> <span class='ocrx_word' id='word_1_222' title='bbox 1005 2263 1167 2317; x_wconf 89' lang='grc' dir='ltr'><strong><em>οφρα</em></strong></span> <span class='ocrx_word' id='word_1_223' title='bbox 1196 2234 1419 2300; x_wconf 85' lang='grc' dir='ltr'><strong><em>πελάσσ</em></strong></span> <span class='ocrx_word' id='word_1_224' title='bbox 1487 2204 1630 2317; x_wconf 65' lang='lat' dir='ltr'><strong>post</strong></span> <span class='ocrx_word' id='word_1_225' title='bbox 1657 2233 1854 2302; x_wconf 80' lang='grc' dir='ltr'><strong><em>εἷλκεν</em></strong></span> <span class='ocrx_word' id='word_1_226' title='bbox 1882 2244 2040 2301; x_wconf 88' lang='lat' dir='ltr'><strong>recte</strong></span> <span class='ocrx_word' id='word_1_227' title='bbox 2069 2242 2265 2303; x_wconf 87' lang='lat' dir='ltr'><strong>habet.</strong></span> <span class='ocrx_word' id='word_1_228' title='bbox 2324 2241 2533 2315; x_wconf 85' lang='lat' dir='ltr'><strong>Neque</strong></span> <span class='ocrx_word' id='word_1_229' title='bbox 2564 2239 2738 2298; x_wconf 89' lang='lat' dir='ltr'><strong>aliam</strong></span> 
     </span>
     <span class='ocr_line' id='line_1_23' title="bbox 402 2256 2740 2427; baseline -0.003 -39"><span class='ocrx_word' id='word_1_230' title='bbox 402 2328 478 2388; x_wconf 92' lang='lat' dir='ltr'><strong>ob</strong></span> <span class='ocrx_word' id='word_1_231' title='bbox 509 2346 743 2388; x_wconf 80' lang='lat' dir='ltr'><strong>causam</strong></span> <span class='ocrx_word' id='word_1_232' title='bbox 786 2327 864 2403; x_wconf 91' lang='grc' dir='ltr'><strong>ΙΙ,</strong></span> <span class='ocrx_word' id='word_1_233' title='bbox 896 2328 1016 2388; x_wconf 83' lang='grc'><strong>471</strong></span> <span class='ocrx_word' id='word_1_234' title='bbox 1062 2319 1193 2387; x_wconf 84' lang='grc' dir='ltr'><strong><em>εὖτε</em></strong></span> <span class='ocrx_word' id='word_1_235' title='bbox 1234 2319 1345 2405; x_wconf 75' lang='grc' dir='ltr'><strong>γάρ</strong></span> <span class='ocrx_word' id='word_1_236' title='bbox 1383 2256 1497 2385; x_wconf 56' lang='lat'><strong>0311</strong></span> <span class='ocrx_word' id='word_1_237' title='bbox 1529 2362 1605 2370; x_wconf 93' lang='lat'><strong>—</strong></span> <span class='ocrx_word' id='word_1_238' title='bbox 1638 2347 1787 2405; x_wconf 76' lang='grc' dir='ltr'><strong><em>μογη</em></strong></span> <span class='ocrx_word' id='word_1_239' title='bbox 1803 2340 1918 2385; x_wconf 94' lang='grc' dir='ltr'><strong>σοι</strong></span> <span class='ocrx_word' id='word_1_240' title='bbox 1948 2359 2028 2368; x_wconf 91' lang='grc'>-</span> <span class='ocrx_word' id='word_1_241' title='bbox 2068 2326 2078 2399; x_wconf 91' lang='grc' dir='ltr'><strong><em>Ι</em></strong></span> <span class='ocrx_word' id='word_1_242' title='bbox 2117 2320 2549 2427; x_wconf 77' lang='grc' dir='ltr'><strong><em>χρησμοσύνη</em></strong></span> <span class='ocrx_word' id='word_1_243' title='bbox 2539 2321 2740 2401; x_wconf 86' lang='grc' dir='ltr'><strong><em>τρύχε·</em></strong></span> 
     </span>
     <span class='ocr_line' id='line_1_24' title="bbox 401 2406 2741 2493; baseline -0.001 -25"><span class='ocrx_word' id='word_1_244' title='bbox 401 2427 542 2472; x_wconf 87' lang='grc' dir='ltr'><strong><em>σκεν</em></strong></span> <span class='ocrx_word' id='word_1_245' title='bbox 569 2415 631 2471; x_wconf 89' lang='lat' dir='ltr'><strong>et</strong></span> <span class='ocrx_word' id='word_1_246' title='bbox 658 2412 764 2487; x_wconf 88' lang='grc' dir='ltr'><strong>ΠΙ,</strong></span> <span class='ocrx_word' id='word_1_247' title='bbox 800 2413 921 2472; x_wconf 86' lang='grc'><strong>644</strong></span> <span class='ocrx_word' id='word_1_248' title='bbox 952 2406 1018 2472; x_wconf 87' lang='grc' dir='ltr'><strong><em>τό</em></strong></span> <span class='ocrx_word' id='word_1_249' title='bbox 1060 2408 1163 2472; x_wconf 84' lang='grc' dir='ltr'><strong>κέν</strong></span> <span class='ocrx_word' id='word_1_250' title='bbox 1191 2430 1292 2489; x_wconf 87' lang='grc' dir='ltr'><strong>μοι</strong></span> <span class='ocrx_word' id='word_1_251' title='bbox 1320 2407 1545 2492; x_wconf 80' lang='grc' dir='ltr'><strong><em>λυγρὸν</em></strong></span> <span class='ocrx_word' id='word_1_252' title='bbox 1577 2408 1665 2471; x_wconf 80' lang='grc' dir='ltr'><strong>ἐνὶ</strong></span> <span class='ocrx_word' id='word_1_253' title='bbox 1699 2410 1915 2493; x_wconf 77' lang='grc' dir='ltr'><strong><em>κραδίῃ</em></strong></span> <span class='ocrx_word' id='word_1_254' title='bbox 1953 2406 2150 2489; x_wconf 83' lang='grc' dir='ltr'><strong><em>σβέσο</em></strong></span> <span class='ocrx_word' id='word_1_255' title='bbox 2171 2430 2192 2466; x_wconf 93' lang='grc' dir='ltr'><strong>ι</strong></span> <span class='ocrx_word' id='word_1_256' title='bbox 2231 2413 2406 2489; x_wconf 81' lang='grc' dir='ltr'><strong><em>αλγος</em></strong></span> <span class='ocrx_word' id='word_1_257' title='bbox 2437 2409 2741 2485; x_wconf 85' lang='lat' dir='ltr'><strong>scripsisse</strong></span> 
     </span>
     <span class='ocr_line' id='line_1_25' title="bbox 400 2494 2738 2576; baseline -0.003 -18"><span class='ocrx_word' id='word_1_258' title='bbox 400 2498 660 2558; x_wconf 82' lang='lat' dir='ltr'><strong>videtur.</strong></span> <span class='ocrx_word' id='word_1_259' title='bbox 720 2495 1090 2575; x_wconf 82' lang='lat' dir='ltr'><strong>Quamquam</strong></span> <span class='ocrx_word' id='word_1_260' title='bbox 1122 2500 1391 2559; x_wconf 85' lang='lat' dir='ltr'><strong>consulto</strong></span> <span class='ocrx_word' id='word_1_261' title='bbox 1422 2502 1484 2559; x_wconf 89' lang='lat' dir='ltr'><strong>et</strong></span> <span class='ocrx_word' id='word_1_262' title='bbox 1509 2498 1777 2576; x_wconf 90' lang='lat' dir='ltr'><strong>ubique</strong></span> <span class='ocrx_word' id='word_1_263' title='bbox 1762 2499 1835 2557; x_wconf 80' lang='lat' dir='ltr'><strong>iis</strong></span> <span class='ocrx_word' id='word_1_264' title='bbox 1866 2497 2073 2556; x_wconf 86' lang='lat' dir='ltr'><strong>formis</strong></span> <span class='ocrx_word' id='word_1_265' title='bbox 2104 2494 2462 2556; x_wconf 81' lang='lat' dir='ltr'><strong>abstinuisse</strong></span> <span class='ocrx_word' id='word_1_266' title='bbox 2491 2494 2593 2554; x_wconf 82' lang='lat' dir='ltr'><strong>vix</strong></span> <span class='ocrx_word' id='word_1_267' title='bbox 2625 2513 2738 2570; x_wconf 91' lang='lat' dir='ltr'><strong>pu-</strong></span> 
     </span>
     <span class='ocr_line' id='line_1_26' title="bbox 404 2571 2734 2660; baseline -0.002 -17"><span class='ocrx_word' id='word_1_268' title='bbox 404 2584 688 2645; x_wconf 82' lang='lat' dir='ltr'><strong>taverim:</strong></span> <span class='ocrx_word' id='word_1_269' title='bbox 734 2584 853 2642; x_wconf 90' lang='lat' dir='ltr'><strong>duo</strong></span> <span class='ocrx_word' id='word_1_270' title='bbox 883 2585 998 2645; x_wconf 90' lang='lat' dir='ltr'><strong>loci</strong></span> <span class='ocrx_word' id='word_1_271' title='bbox 1029 2585 1338 2645; x_wconf 88' lang='lat' dir='ltr'><strong>commode</strong></span> <span class='ocrx_word' id='word_1_272' title='bbox 1368 2586 1722 2646; x_wconf 86' lang='lat' dir='ltr'><strong>succurrunt</strong></span> <span class='ocrx_word' id='word_1_273' title='bbox 1751 2584 1798 2660; x_wconf 95' lang='grc' dir='ltr'><strong>Ι,</strong></span> <span class='ocrx_word' id='word_1_274' title='bbox 1832 2585 1956 2644; x_wconf 88' lang='grc'><strong>603</strong></span> <span class='ocrx_word' id='word_1_275' title='bbox 1987 2597 2169 2639; x_wconf 92' lang='grc' dir='ltr'><strong><em>οσσον</em></strong></span> <span class='ocrx_word' id='word_1_276' title='bbox 2202 2576 2261 2653; x_wconf 80' lang='grc' dir='ltr'><strong>ές</strong></span> <span class='ocrx_word' id='word_1_277' title='bbox 2293 2571 2492 2640; x_wconf 81' lang='grc' dir='ltr'><strong><em>ἔνδιόν</em></strong></span> <span class='ocrx_word' id='word_1_278' title='bbox 2520 2600 2627 2639; x_wconf 88' lang='grc' dir='ltr'><strong>κεν</strong></span> <span class='ocrx_word' id='word_1_279' title='bbox 2660 2611 2734 2620; x_wconf 90' lang='grc'>-</span> 
     </span>
     <span class='ocr_line' id='line_1_27' title="bbox 401 2659 2737 2745; baseline -0.002 -19"><span class='ocrx_word' id='word_1_280' title='bbox 401 2659 578 2739; x_wconf 82' lang='grc' dir='ltr'><strong><em>ὁλκάς</em></strong></span> <span class='ocrx_word' id='word_1_281' title='bbox 620 2660 883 2726; x_wconf 89' lang='grc' dir='ltr'><strong><em>ἀνύσσαι</em></strong></span> <span class='ocrx_word' id='word_1_282' title='bbox 926 2675 987 2730; x_wconf 88' lang='lat' dir='ltr'><strong>et</strong></span> <span class='ocrx_word' id='word_1_283' title='bbox 1015 2670 1124 2745; x_wconf 91' lang='grc' dir='ltr'><strong>ΠΙ,</strong></span> <span class='ocrx_word' id='word_1_284' title='bbox 1160 2671 1280 2729; x_wconf 88' lang='grc'><strong>955</strong></span> <span class='ocrx_word' id='word_1_285' title='bbox 1326 2663 1546 2729; x_wconf 81' lang='grc' dir='ltr'><strong><em>ὁππότε</em></strong></span> <span class='ocrx_word' id='word_1_286' title='bbox 1592 2666 1820 2728; x_wconf 81' lang='grc' dir='ltr'><strong><em>δοῦπον</em></strong></span> <span class='ocrx_word' id='word_1_287' title='bbox 1849 2701 1931 2709; x_wconf 95' lang='grc'>-</span> <span class='ocrx_word' id='word_1_288' title='bbox 1961 2663 2424 2744; x_wconf 80' lang='grc' dir='ltr'><strong><em>παραθρέξαντα</em></strong></span> <span class='ocrx_word' id='word_1_289' title='bbox 2462 2662 2737 2725; x_wconf 90' lang='grc' dir='ltr'><strong><em>δοάσσαι.</em></strong></span> 
     </span>
     <span class='ocr_line' id='line_1_28' title="bbox 402 2748 2738 2833; baseline -0.002 -20"><span class='ocrx_word' id='word_1_290' title='bbox 402 2753 519 2813; x_wconf 88' lang='lat' dir='ltr'><strong>Sed</strong></span> <span class='ocrx_word' id='word_1_291' title='bbox 563 2754 626 2813; x_wconf 89' lang='lat' dir='ltr'><strong>in</strong></span> <span class='ocrx_word' id='word_1_292' title='bbox 669 2754 759 2813; x_wconf 85' lang='lat' dir='ltr'><strong>his</strong></span> <span class='ocrx_word' id='word_1_293' title='bbox 803 2753 944 2814; x_wconf 89' lang='lat' dir='ltr'><strong>libri</strong></span> <span class='ocrx_word' id='word_1_294' title='bbox 989 2754 1377 2830; x_wconf 88' lang='lat' dir='ltr'><strong>manuscripti</strong></span> <span class='ocrx_word' id='word_1_295' title='bbox 1423 2754 1842 2833; x_wconf 84' lang='lat' dir='ltr'><strong>neglegentius</strong></span> <span class='ocrx_word' id='word_1_296' title='bbox 1888 2753 2079 2812; x_wconf 90' lang='lat' dir='ltr'><strong>adhuc</strong></span> <span class='ocrx_word' id='word_1_297' title='bbox 2109 2753 2313 2813; x_wconf 84' lang='lat' dir='ltr'><strong>collati</strong></span> <span class='ocrx_word' id='word_1_298' title='bbox 2345 2753 2505 2810; x_wconf 88' lang='lat' dir='ltr'><strong>sunt.</strong></span> <span class='ocrx_word' id='word_1_299' title='bbox 2583 2748 2738 2820; x_wconf 86' lang='lat' dir='ltr'><strong>Qua-</strong></span> 
     </span>
     <span class='ocr_line' id='line_1_29' title="bbox 402 2836 2741 2915; baseline -0.001 -18"><span class='ocrx_word' id='word_1_300' title='bbox 402 2842 656 2915; x_wconf 80' lang='lat' dir='ltr'><strong>propter</strong></span> <span class='ocrx_word' id='word_1_301' title='bbox 697 2839 876 2898; x_wconf 85' lang='lat' dir='ltr'><strong>etiam</strong></span> <span class='ocrx_word' id='word_1_302' title='bbox 920 2841 984 2898; x_wconf 91' lang='lat' dir='ltr'><strong>in</strong></span> <span class='ocrx_word' id='word_1_303' title='bbox 1023 2840 1116 2899; x_wconf 89' lang='lat' dir='ltr'><strong>his</strong></span> <span class='ocrx_word' id='word_1_304' title='bbox 1158 2839 1318 2912; x_wconf 72' lang='lat' dir='ltr'><strong>loci3‚</strong></span> <span class='ocrx_word' id='word_1_305' title='bbox 1372 2839 1476 2899; x_wconf 89' lang='lat' dir='ltr'><strong>ubi</strong></span> <span class='ocrx_word' id='word_1_306' title='bbox 1521 2844 1627 2899; x_wconf 87' lang='lat' dir='ltr'><strong>aut</strong></span> <span class='ocrx_word' id='word_1_307' title='bbox 1665 2838 1922 2899; x_wconf 82' lang='lat' dir='ltr'><strong>varietas</strong></span> <span class='ocrx_word' id='word_1_308' title='bbox 1976 2837 2251 2898; x_wconf 89' lang='lat' dir='ltr'><strong>lectionis</strong></span> <span class='ocrx_word' id='word_1_309' title='bbox 2292 2836 2595 2897; x_wconf 81' lang='lat' dir='ltr'><strong>invenitur</strong></span> <span class='ocrx_word' id='word_1_310' title='bbox 2635 2838 2741 2895; x_wconf 85' lang='lat' dir='ltr'><strong>aut</strong></span> 
     </span>
     <span class='ocr_line' id='line_1_30' title="bbox 401 2922 2737 3001; baseline -0.002 -19"><span class='ocrx_word' id='word_1_311' title='bbox 401 2942 563 2983; x_wconf 86' lang='lat' dir='ltr'><strong>mero</strong></span> <span class='ocrx_word' id='word_1_312' title='bbox 594 2942 733 2983; x_wconf 87' lang='lat' dir='ltr'><strong>casu</strong></span> <span class='ocrx_word' id='word_1_313' title='bbox 779 2924 933 2982; x_wconf 90' lang='lat' dir='ltr'><strong>alter</strong></span> <span class='ocrx_word' id='word_1_314' title='bbox 963 2925 1134 2983; x_wconf 84' lang='lat' dir='ltr'><strong>alteri</strong></span> <span class='ocrx_word' id='word_1_315' title='bbox 1178 2924 1387 2983; x_wconf 90' lang='lat' dir='ltr'><strong>modus</strong></span> <span class='ocrx_word' id='word_1_316' title='bbox 1417 2926 1715 3001; x_wconf 87' lang='lat' dir='ltr'><strong>praelatus</strong></span> <span class='ocrx_word' id='word_1_317' title='bbox 1756 2923 1996 2984; x_wconf 81' lang='lat' dir='ltr'><strong>videtur</strong></span> <span class='ocrx_word' id='word_1_318' title='bbox 2029 2956 2104 2964; x_wconf 88' lang='lat'>—</span> <span class='ocrx_word' id='word_1_319' title='bbox 2141 2923 2189 2997; x_wconf 95' lang='grc' dir='ltr'><strong>Ι,</strong></span> <span class='ocrx_word' id='word_1_320' title='bbox 2226 2925 2368 2982; x_wconf 90' lang='grc'><strong><em>166.</em></strong></span> <span class='ocrx_word' id='word_1_321' title='bbox 2418 2923 2557 2983; x_wconf 77' lang='lat' dir='ltr'><strong>ibid.</strong></span> <span class='ocrx_word' id='word_1_322' title='bbox 2596 2922 2737 2981; x_wconf 91' lang='lat'><strong>100.</strong></span> 
     </span>
     <span class='ocr_line' id='line_1_31' title="bbox 405 3006 2737 3084; baseline -0.002 -16"><span class='ocrx_word' id='word_1_323' title='bbox 405 3009 547 3068; x_wconf 88' lang='grc'><strong><em>660.</em></strong></span> <span class='ocrx_word' id='word_1_324' title='bbox 594 3007 697 3082; x_wconf 81' lang='lat' dir='ltr'><strong>IV,</strong></span> <span class='ocrx_word' id='word_1_325' title='bbox 752 3010 889 3068; x_wconf 88' lang='grc'><strong><em>100.</em></strong></span> <span class='ocrx_word' id='word_1_326' title='bbox 924 3009 1067 3069; x_wconf 85' lang='grc'><strong><em>536.</em></strong></span> <span class='ocrx_word' id='word_1_327' title='bbox 1112 3008 1222 3083; x_wconf 90' lang='grc' dir='ltr'><strong>ΠΙ,</strong></span> <span class='ocrx_word' id='word_1_328' title='bbox 1262 3010 1440 3068; x_wconf 88' lang='lat'><strong>1135.</strong></span> <span class='ocrx_word' id='word_1_329' title='bbox 1488 3009 1592 3084; x_wconf 85' lang='lat' dir='ltr'><strong>IV,</strong></span> <span class='ocrx_word' id='word_1_330' title='bbox 1627 3009 1769 3067; x_wconf 81' lang='lat'><strong>242.</strong></span> <span class='ocrx_word' id='word_1_331' title='bbox 1812 3008 1924 3084; x_wconf 90' lang='grc' dir='ltr'><strong><em>ΙΙΙ,</em></strong></span> <span class='ocrx_word' id='word_1_332' title='bbox 1958 3007 2103 3067; x_wconf 86' lang='grc'><strong><em>583.</em></strong></span> <span class='ocrx_word' id='word_1_333' title='bbox 2145 3007 2224 3084; x_wconf 95' lang='grc' dir='ltr'><strong>Π,</strong></span> <span class='ocrx_word' id='word_1_334' title='bbox 2263 3008 2424 3066; x_wconf 88' lang='grc'><strong><em>1095</em></strong></span> <span class='ocrx_word' id='word_1_335' title='bbox 2459 3039 2557 3081; x_wconf 88' lang='grc'><strong>-,</strong></span> <span class='ocrx_word' id='word_1_336' title='bbox 2592 3006 2737 3065; x_wconf 91' lang='lat' dir='ltr'><strong>certi</strong></span> 
     </span>
     <span class='ocr_line' id='line_1_32' title="bbox 405 3092 1821 3169; baseline 0 -19"><span class='ocrx_word' id='word_1_337' title='bbox 405 3093 548 3169; x_wconf 89' lang='lat' dir='ltr'><strong>quid</strong></span> <span class='ocrx_word' id='word_1_338' title='bbox 580 3092 971 3167; x_wconf 88' lang='lat' dir='ltr'><strong>pronuntiare</strong></span> <span class='ocrx_word' id='word_1_339' title='bbox 1000 3112 1159 3153; x_wconf 88' lang='lat' dir='ltr'><strong>nunc</strong></span> <span class='ocrx_word' id='word_1_340' title='bbox 1188 3093 1426 3169; x_wconf 91' lang='lat' dir='ltr'><strong>quidem</strong></span> <span class='ocrx_word' id='word_1_341' title='bbox 1456 3113 1579 3153; x_wconf 86' lang='lat' dir='ltr'><strong>non</strong></span> <span class='ocrx_word' id='word_1_342' title='bbox 1611 3093 1821 3153; x_wconf 87' lang='lat' dir='ltr'><strong>audeo.</strong></span> 
     </span>
    </p>

    <p class='ocr_par' dir='ltr' id='par_1_3' title="bbox 402 3176 2742 3935">
     <span class='ocr_line' id='line_1_33' title="bbox 573 3176 2735 3253; baseline -0.002 -16"><span class='ocrx_word' id='word_1_343' title='bbox 573 3177 690 3237; x_wconf 85' lang='lat' dir='ltr'><strong>Sed</strong></span> <span class='ocrx_word' id='word_1_344' title='bbox 732 3177 875 3237; x_wconf 89' lang='lat' dir='ltr'><strong>haec</strong></span> <span class='ocrx_word' id='word_1_345' title='bbox 915 3178 1218 3239; x_wconf 86' lang='lat' dir='ltr'><strong>sufficiant</strong></span> <span class='ocrx_word' id='word_1_346' title='bbox 1257 3178 1596 3253; x_wconf 87' lang='lat' dir='ltr'><strong>speciminis</strong></span> <span class='ocrx_word' id='word_1_347' title='bbox 1635 3179 1787 3238; x_wconf 91' lang='lat' dir='ltr'><strong>loco.</strong></span> <span class='ocrx_word' id='word_1_348' title='bbox 1859 3178 1984 3236; x_wconf 88' lang='lat' dir='ltr'><strong>Iam</strong></span> <span class='ocrx_word' id='word_1_349' title='bbox 2030 3176 2499 3252; x_wconf 87' lang='lat' dir='ltr'><strong>perveniendum</strong></span> <span class='ocrx_word' id='word_1_350' title='bbox 2540 3176 2614 3234; x_wconf 84' lang='lat' dir='ltr'><strong>ad</strong></span> <span class='ocrx_word' id='word_1_351' title='bbox 2656 3176 2735 3251; x_wconf 86' lang='lat' dir='ltr'><strong>id,</strong></span> 
     </span>
     <span class='ocr_line' id='line_1_34' title="bbox 402 3262 2739 3340; baseline -0.002 -18"><span class='ocrx_word' id='word_1_352' title='bbox 402 3263 568 3322; x_wconf 87' lang='lat' dir='ltr'><strong>cuius</strong></span> <span class='ocrx_word' id='word_1_353' title='bbox 611 3263 807 3339; x_wconf 84' lang='lat' dir='ltr'><strong>gratia</strong></span> <span class='ocrx_word' id='word_1_354' title='bbox 845 3263 1002 3322; x_wconf 87' lang='lat' dir='ltr'><strong>hunc</strong></span> <span class='ocrx_word' id='word_1_355' title='bbox 1045 3263 1315 3322; x_wconf 89' lang='lat' dir='ltr'><strong>libellum</strong></span> <span class='ocrx_word' id='word_1_356' title='bbox 1356 3265 1659 3340; x_wconf 88' lang='lat' dir='ltr'><strong>proposui.</strong></span> <span class='ocrx_word' id='word_1_357' title='bbox 1731 3262 1878 3322; x_wconf 87' lang='lat' dir='ltr'><strong>Cum</strong></span> <span class='ocrx_word' id='word_1_358' title='bbox 1918 3263 2078 3322; x_wconf 90' lang='lat' dir='ltr'><strong>enim</strong></span> <span class='ocrx_word' id='word_1_359' title='bbox 2120 3281 2157 3320; x_wconf 91' lang='lat' dir='ltr'><strong>a</strong></span> <span class='ocrx_word' id='word_1_360' title='bbox 2196 3262 2360 3336; x_wconf 84' lang='lat' dir='ltr'><strong>viris,</strong></span> <span class='ocrx_word' id='word_1_361' title='bbox 2411 3262 2513 3337; x_wconf 89' lang='lat' dir='ltr'><strong>qui</strong></span> <span class='ocrx_word' id='word_1_362' title='bbox 2544 3280 2739 3319; x_wconf 85' lang='lat' dir='ltr'><strong>rerum</strong></span> 
     </span>
     <span class='ocr_line' id='line_1_35' title="bbox 404 3345 2741 3422; baseline -0.001 -15"><span class='ocrx_word' id='word_1_363' title='bbox 404 3347 888 3407; x_wconf 86' lang='lat' dir='ltr'><strong>scholasticarum</strong></span> <span class='ocrx_word' id='word_1_364' title='bbox 930 3367 1222 3408; x_wconf 90' lang='lat' dir='ltr'><strong>summam</strong></span> <span class='ocrx_word' id='word_1_365' title='bbox 1254 3348 1315 3407; x_wconf 90' lang='lat' dir='ltr'><strong>in</strong></span> <span class='ocrx_word' id='word_1_366' title='bbox 1357 3349 1465 3408; x_wconf 84' lang='lat' dir='ltr'><strong>bac</strong></span> <span class='ocrx_word' id='word_1_367' title='bbox 1494 3348 1735 3409; x_wconf 85' lang='lat' dir='ltr'><strong>civitate</strong></span> <span class='ocrx_word' id='word_1_368' title='bbox 1775 3348 2177 3422; x_wconf 78' lang='lat' dir='ltr'><strong>moderantur,</strong></span> <span class='ocrx_word' id='word_1_369' title='bbox 2219 3347 2452 3406; x_wconf 76' lang='lat' dir='ltr'><strong>litteras</strong></span> <span class='ocrx_word' id='word_1_370' title='bbox 2489 3345 2741 3405; x_wconf 86' lang='lat' dir='ltr'><strong>Graecas</strong></span> 
     </span>
     <span class='ocr_line' id='line_1_36' title="bbox 404 3431 2742 3509; baseline -0.002 -18"><span class='ocrx_word' id='word_1_371' title='bbox 404 3434 466 3491; x_wconf 87' lang='lat' dir='ltr'><strong>et</strong></span> <span class='ocrx_word' id='word_1_372' title='bbox 492 3432 741 3492; x_wconf 87' lang='lat' dir='ltr'><strong>Latinas</strong></span> <span class='ocrx_word' id='word_1_373' title='bbox 773 3433 1022 3492; x_wconf 89' lang='lat' dir='ltr'><strong>docendi</strong></span> <span class='ocrx_word' id='word_1_374' title='bbox 1054 3433 1362 3509; x_wconf 84' lang='lat' dir='ltr'><strong>provincia</strong></span> <span class='ocrx_word' id='word_1_375' title='bbox 1391 3451 1524 3493; x_wconf 89' lang='lat' dir='ltr'><strong>cum</strong></span> <span class='ocrx_word' id='word_1_376' title='bbox 1555 3433 1840 3493; x_wconf 82' lang='lat' dir='ltr'><strong>ordinarii</strong></span> <span class='ocrx_word' id='word_1_377' title='bbox 1869 3432 2224 3509; x_wconf 86' lang='lat' dir='ltr'><strong>professoris</strong></span> <span class='ocrx_word' id='word_1_378' title='bbox 2253 3432 2491 3491; x_wconf 89' lang='lat' dir='ltr'><strong>nomine</strong></span> <span class='ocrx_word' id='word_1_379' title='bbox 2522 3432 2583 3488; x_wconf 87' lang='lat' dir='ltr'><strong>et</strong></span> <span class='ocrx_word' id='word_1_380' title='bbox 2614 3431 2742 3488; x_wconf 86' lang='lat' dir='ltr'><strong>iure</strong></span> 
     </span>
     <span class='ocr_line' id='line_1_37' title="bbox 405 3515 2739 3595; baseline -0.001 -21"><span class='ocrx_word' id='word_1_381' title='bbox 405 3517 478 3575; x_wconf 85' lang='lat' dir='ltr'><strong>ad</strong></span> <span class='ocrx_word' id='word_1_382' title='bbox 511 3536 606 3576; x_wconf 89' lang='lat' dir='ltr'><strong>me</strong></span> <span class='ocrx_word' id='word_1_383' title='bbox 637 3518 719 3576; x_wconf 87' lang='lat' dir='ltr'><strong>sit</strong></span> <span class='ocrx_word' id='word_1_384' title='bbox 745 3517 958 3594; x_wconf 82' lang='lat' dir='ltr'><strong>delata,</strong></span> <span class='ocrx_word' id='word_1_385' title='bbox 1002 3518 1062 3578; x_wconf 91' lang='lat' dir='ltr'><strong>id</strong></span> <span class='ocrx_word' id='word_1_386' title='bbox 1106 3537 1322 3577; x_wconf 88' lang='lat' dir='ltr'><strong>munus</strong></span> <span class='ocrx_word' id='word_1_387' title='bbox 1365 3520 1633 3579; x_wconf 85' lang='lat' dir='ltr'><strong>oratione</strong></span> <span class='ocrx_word' id='word_1_388' title='bbox 1662 3518 1899 3595; x_wconf 89' lang='lat' dir='ltr'><strong>publice</strong></span> <span class='ocrx_word' id='word_1_389' title='bbox 1926 3517 2198 3577; x_wconf 90' lang='lat' dir='ltr'><strong>habenda</strong></span> <span class='ocrx_word' id='word_1_390' title='bbox 2226 3517 2342 3576; x_wconf 87' lang='lat' dir='ltr'><strong>rite</strong></span> <span class='ocrx_word' id='word_1_391' title='bbox 2372 3515 2739 3591; x_wconf 84' lang='lat' dir='ltr'><strong>auspicabor.</strong></span> 
     </span>
     <span class='ocr_line' id='line_1_38' title="bbox 409 3599 2740 3679; baseline -0.001 -19"><span class='ocrx_word' id='word_1_392' title='bbox 409 3600 596 3672; x_wconf 82' lang='lat' dir='ltr'><strong>Quam</strong></span> <span class='ocrx_word' id='word_1_393' title='bbox 629 3605 697 3661; x_wconf 87' lang='lat' dir='ltr'><strong>ut</strong></span> <span class='ocrx_word' id='word_1_394' title='bbox 726 3604 1066 3679; x_wconf 84' lang='lat' dir='ltr'><strong>frequentes</strong></span> <span class='ocrx_word' id='word_1_395' title='bbox 1096 3603 1297 3663; x_wconf 86' lang='lat' dir='ltr'><strong>audire</strong></span> <span class='ocrx_word' id='word_1_396' title='bbox 1330 3605 1536 3679; x_wconf 83' lang='lat' dir='ltr'><strong>velint,</strong></span> <span class='ocrx_word' id='word_1_397' title='bbox 1584 3606 1646 3662; x_wconf 86' lang='lat' dir='ltr'><strong>et</strong></span> <span class='ocrx_word' id='word_1_398' title='bbox 1683 3605 1842 3664; x_wconf 81' lang='lat' dir='ltr'><strong>viros</strong></span> <span class='ocrx_word' id='word_1_399' title='bbox 1870 3604 1976 3679; x_wconf 88' lang='lat' dir='ltr'><strong>qui</strong></span> <span class='ocrx_word' id='word_1_400' title='bbox 2007 3603 2089 3661; x_wconf 88' lang='lat' dir='ltr'><strong>rei</strong></span> <span class='ocrx_word' id='word_1_401' title='bbox 2123 3601 2400 3677; x_wconf 89' lang='lat' dir='ltr'><strong>publicae</strong></span> <span class='ocrx_word' id='word_1_402' title='bbox 2431 3599 2740 3658; x_wconf 88' lang='lat' dir='ltr'><strong>Turicensi</strong></span> 
     </span>
     <span class='ocr_line' id='line_1_39' title="bbox 404 3685 2737 3766; baseline -0.001 -21"><span class='ocrx_word' id='word_1_403' title='bbox 404 3691 721 3762; x_wconf 87' lang='lat' dir='ltr'><strong>praesunt,</strong></span> <span class='ocrx_word' id='word_1_404' title='bbox 768 3691 828 3747; x_wconf 89' lang='lat' dir='ltr'><strong>et</strong></span> <span class='ocrx_word' id='word_1_405' title='bbox 872 3689 1132 3766; x_wconf 84' lang='lat' dir='ltr'><strong>collegas</strong></span> <span class='ocrx_word' id='word_1_406' title='bbox 1163 3689 1680 3749; x_wconf 87' lang='lat' dir='ltr'><strong>coniunctissimos</strong></span> <span class='ocrx_word' id='word_1_407' title='bbox 1710 3690 1888 3764; x_wconf 84' lang='lat' dir='ltr'><strong>atque</strong></span> <span class='ocrx_word' id='word_1_408' title='bbox 1919 3687 2351 3747; x_wconf 88' lang='lat' dir='ltr'><strong>commilitones</strong></span> <span class='ocrx_word' id='word_1_409' title='bbox 2382 3685 2737 3758; x_wconf 85' lang='lat' dir='ltr'><strong>carissimos,</strong></span> 
     </span>
     <span class='ocr_line' id='line_1_40' title="bbox 405 3769 2742 3850; baseline -0.001 -20"><span class='ocrx_word' id='word_1_410' title='bbox 405 3775 466 3831; x_wconf 88' lang='lat' dir='ltr'><strong>et</strong></span> <span class='ocrx_word' id='word_1_411' title='bbox 493 3773 734 3832; x_wconf 90' lang='lat' dir='ltr'><strong>omnino</strong></span> <span class='ocrx_word' id='word_1_412' title='bbox 764 3772 1102 3833; x_wconf 88' lang='lat' dir='ltr'><strong>litterarum</strong></span> <span class='ocrx_word' id='word_1_413' title='bbox 1133 3774 1472 3850; x_wconf 86' lang='lat' dir='ltr'><strong>artiumque</strong></span> <span class='ocrx_word' id='word_1_414' title='bbox 1502 3774 1762 3833; x_wconf 86' lang='lat' dir='ltr'><strong>cultores</strong></span> <span class='ocrx_word' id='word_1_415' title='bbox 1793 3792 1880 3850; x_wconf 88' lang='lat' dir='ltr'><strong>ea,</strong></span> <span class='ocrx_word' id='word_1_416' title='bbox 1923 3792 2040 3849; x_wconf 90' lang='lat' dir='ltr'><strong>qua</strong></span> <span class='ocrx_word' id='word_1_417' title='bbox 2067 3791 2175 3848; x_wconf 88' lang='lat' dir='ltr'><strong>par</strong></span> <span class='ocrx_word' id='word_1_418' title='bbox 2205 3776 2314 3847; x_wconf 84' lang='lat' dir='ltr'><strong>est,</strong></span> <span class='ocrx_word' id='word_1_419' title='bbox 2362 3769 2742 3830; x_wconf 85' lang='lat' dir='ltr'><strong>observantia</strong></span> 
     </span>
     <span class='ocr_line' id='line_1_41' title="bbox 405 3857 879 3935; baseline 0.009 -20"><span class='ocrx_word' id='word_1_420' title='bbox 405 3875 551 3935; x_wconf 87' lang='lat' dir='ltr'><strong>rogo</strong></span> <span class='ocrx_word' id='word_1_421' title='bbox 581 3859 643 3916; x_wconf 89' lang='lat' dir='ltr'><strong>et</strong></span> <span class='ocrx_word' id='word_1_422' title='bbox 672 3857 879 3921; x_wconf 82' lang='lat' dir='ltr'><strong>invito,</strong></span> 
     </span>
    </p>
   </div>
   <div class='ocr_carea' id='block_1_3' title="bbox 406 3976 810 3983">
    <p class='ocr_par' dir='ltr' id='par_1_4' title="bbox 406 3976 810 3983">
     <span class='ocr_line' id='line_1_42' title="bbox 406 3976 810 3983; baseline 0 1146"><span class='ocrx_word' id='word_1_423' title='bbox 406 3976 810 3983; x_wconf 95' lang='lat' dir='ltr'><strong> </strong></span> 
     </span>
    </p>
   </div>
   <div class='ocr_carea' id='block_1_4' title="bbox 405 4016 2743 4225">
    <p class='ocr_par' dir='ltr' id='par_1_5' title="bbox 405 4016 2743 4212">
     <span class='ocr_line' id='line_1_43' title="bbox 405 4016 2743 4101; baseline -0 -28.983"><span class='ocrx_word' id='word_1_424' title='bbox 405 4019 550 4087; x_wconf 85' lang='lat' dir='ltr'><strong>„Illa</strong></span> <span class='ocrx_word' id='word_1_425' title='bbox 582 4022 773 4075; x_wconf 86' lang='lat' dir='ltr'><strong>autem</strong></span> <span class='ocrx_word' id='word_1_426' title='bbox 808 4023 1107 4092; x_wconf 77' lang='lat' dir='ltr'><strong>postquam</strong></span> <span class='ocrx_word' id='word_1_427' title='bbox 1144 4037 1272 4076; x_wconf 89' lang='lat' dir='ltr'><strong>cum</strong></span> <span class='ocrx_word' id='word_1_428' title='bbox 1306 4021 1681 4101; x_wconf 82' lang='lat' dir='ltr'><strong>praeconibus</strong></span> <span class='ocrx_word' id='word_1_429' title='bbox 1715 4036 1997 4076; x_wconf 78' lang='lat' dir='ltr'><strong>sermones</strong></span> <span class='ocrx_word' id='word_1_430' title='bbox 2032 4018 2502 4083; x_wconf 83' lang='lat' dir='ltr'><strong>communicavit,</strong></span> <span class='ocrx_word' id='word_1_431' title='bbox 2540 4016 2743 4086; x_wconf 88' lang='lat' dir='ltr'><strong>quibus</strong></span> 
     </span>
     <span class='ocr_line' id='line_1_44' title="bbox 408 4087 2741 4166; baseline -0.001 -24"><span class='ocrx_word' id='word_1_432' title='bbox 408 4091 790 4144; x_wconf 85' lang='lat' dir='ltr'><strong>commoveret</strong></span> <span class='ocrx_word' id='word_1_433' title='bbox 823 4090 1075 4155; x_wconf 83' lang='lat' dir='ltr'><strong>fratrem,</strong></span> <span class='ocrx_word' id='word_1_434' title='bbox 1110 4093 1197 4156; x_wconf 81' lang='lat' dir='ltr'><strong>ut,</strong></span> <span class='ocrx_word' id='word_1_435' title='bbox 1231 4090 1574 4158; x_wconf 85' lang='lat' dir='ltr'><strong>simulatque</strong></span> <span class='ocrx_word' id='word_1_436' title='bbox 1610 4090 1735 4159; x_wconf 81' lang='lat' dir='ltr'><strong>ipsa</strong></span> <span class='ocrx_word' id='word_1_437' title='bbox 1769 4088 1842 4143; x_wconf 85' lang='lat' dir='ltr'><strong>ad</strong></span> <span class='ocrx_word' id='word_1_438' title='bbox 1875 4087 2151 4166; x_wconf 79' lang='lat' dir='ltr'><strong>templum</strong></span> <span class='ocrx_word' id='word_1_439' title='bbox 2189 4088 2462 4141; x_wconf 87' lang='lat' dir='ltr'><strong>nocturno</strong></span> <span class='ocrx_word' id='word_1_440' title='bbox 2486 4087 2741 4155; x_wconf 89' lang='lat' dir='ltr'><strong>tempore</strong></span> 
     </span>
     <span class='ocr_line' id='line_1_45' title="bbox 409 4154 2249 4225; baseline -0.002 -14"><span class='ocrx_word' id='word_1_441' title='bbox 409 4156 748 4225; x_wconf 72' lang='lat' dir='ltr'><strong>accessisset,</strong></span> <span class='ocrx_word' id='word_1_442' title='bbox 784 4157 882 4212; x_wconf 89' lang='lat' dir='ltr'><strong>ille</strong></span> <span class='ocrx_word' id='word_1_443' title='bbox 917 4157 1149 4225; x_wconf 80' lang='lat' dir='ltr'><strong>veniret,</strong></span> <span class='ocrx_word' id='word_1_444' title='bbox 1187 4161 1253 4212; x_wconf 81' lang='lat' dir='ltr'><strong>ut</strong></span> <span class='ocrx_word' id='word_1_445' title='bbox 1287 4157 1478 4212; x_wconf 90' lang='lat' dir='ltr'><strong>dolum</strong></span> <span class='ocrx_word' id='word_1_446' title='bbox 1516 4173 1641 4211; x_wconf 89' lang='lat' dir='ltr'><strong>cum</strong></span> <span class='ocrx_word' id='word_1_447' title='bbox 1677 4172 1745 4210; x_wconf 93' lang='lat' dir='ltr'><strong>eo</strong></span> <span class='ocrx_word' id='word_1_448' title='bbox 1780 4154 2249 4212; x_wconf 44' lang='lat' dir='ltr'><strong>machinaretur?</strong></span> 
     </span>
    </p>
   </div>
   <div class='ocr_carea' id='block_1_5' title="bbox 1368 4366 2271 4404">
    <p class='ocr_par' dir='ltr' id='par_1_6' title="bbox 1368 4366 2271 4404">
     <span class='ocr_line' id='line_1_46' title="bbox 1368 4366 2271 4404; baseline 0 -13"><span class='ocrx_word' id='word_1_449' title='bbox 1368 4381 1773 4392; x_wconf 72' lang='lat'><strong>...—-—-..-—-..</strong></span> <span class='ocrx_word' id='word_1_450' title='bbox 2234 4366 2271 4404; x_wconf 59' lang='grc' dir='ltr'><strong>ο</strong></span> 
     </span>
    </p>
   </div>
  </div>
 </body>
</html>
