3132 5129
1378 371 1833 437 ..ς-306...

1401 529 1623 602 Liber
1676 529 1797 604 IV.

611 663 677 747 V:
729 689 869 747 250.
1034 720 1106 729 —
1199 718 1280 727 -—
1371 680 1435 744 τό
1479 706 1542 764 γε
1588 680 1716 760 μὴν
1759 682 1888 769 ξδος
1932 682 2076 758 ἐξέτι
2120 683 2350 759 κείνου,

927 768 960 830 ‘o'
1006 769 1082 846 ῥα
1129 774 1264 853 θεῷ
1305 766 1496 867 ἥρωες
1543 766 1638 829 ἐπὶ
1682 757 1962 848 ῥηγμῖσιν
2004 768 2278 847 ἔδειμαν,

919 833 1232 935 ἀνδράσιν
1251 848 1589 935 ὀψιγόνοισι
1633 851 1795 933 μένει
1838 854 1940 915 καὶ
1985 855 2207 931 τῆμος
2251 851 2508 915 ἰδέσθαι.

372 986 404 1032 9
436 976 703 1053 Τῆμος,
752 978 802 1036 si
849 996 1059 1036 sanum
1105 979 1224 1051 est,
1271 977 1328 1034 h.
1374 977 1417 1035 1.
1473 978 1638 1036 hodie
1692 976 2017 1057 significat,
2077 979 2283 1052 estque
2333 976 2478 1034 haec
2535 977 2768 1034 senten·

433 1064 518 1120 tia
585 1063 898 1122 Wellaueri
951 1062 1024 1120 ad
1080 1061 1195 1136 IV,
1263 1063 1446 1121 1400.
1522 1062 1640 1121 Sed
1697 1080 1772 1120 ne
1830 1080 1897 1120 eo
1954 1062 2194 1138 quidem
2250 1061 2381 1120 loco
2438 1065 2660 1135 τῆμος,
2718 1061 2768 1119 si

340 1208 343 1212 Α
434 1146 675 1223 quidem
722 1146 808 1205 ibi
852 1146 926 1203 ab
975 1147 1278 1244 Apollonii
1323 1165 1502 1204 manu
1558 1147 1892 1221 profectum
1950 1151 2073 1222 est,
2134 1147 2292 1205 hunc
2345 1145 2529 1205 habet
2586 1145 2768 1221 signi-

433 1233 693 1291 ficatum.
770 1231 895 1290 Nec
943 1232 1075 1308 quis
1120 1250 1192 1290 ex
1247 1232 1475 1289 incerta
1520 1231 1883 1291 Buttmanni
1936 1232 2330 1308 etymologia,
2392 1250 2509 1306 qua
2554 1230 2659 1289 ille
2705 1231 2768 1288 in

431 1317 720 1393 Lexilogo
765 1317 826 1375 ΙΙ
879 1337 935 1392 p.
998 1317 1118 1375 228
1164 1319 1291 1375 not.
1351 1315 1529 1392 τῆμος
1585 1335 1654 1375 ex
1711 1305 1897 1392 ἦμαρ
1933 1321 2132 1375 ortum
2188 1319 2388 1391 putat,
2451 1334 2581 1375 eam
2637 1315 2771 1374 huic

436 1404 764 1477 particulae
810 1403 933 1461 vim
979 1401 1392 1461 vindicaverit.
1467 1402 1540 1460 In
1573 1402 1782 1462 ceteris
1815 1402 1970 1477 apud
2005 1402 2389 1478 Apollonium
2437 1400 2588 1460 loeis
2634 1418 2770 1458 eon-

432 1491 601 1546 sueto
648 1486 983 1563 significatu
1030 1486 1353 1546 invenitur.
1429 1486 1639 1562 Itaque
1684 1487 1742 1545 h.
1789 1486 1828 1545 l.
1879 1488 2158 1547 fortasset
2221 1482 2322 1544 καὶ
2365 1478 2611 1560 τηλόσ’
2659 1480 2767 1543 ι’δὲ-

433 1575 580 1628 σθαι
625 1572 1004 1632 scribendum
1050 1571 1181 1629 erit.

600 1689 673 1748 V.
728 1691 912 1755 1301.
959 1681 1186 1747 Κύκνοι
1230 1680 1578 1765 κινήσουσιν
1632 1684 1754 1748 ἑὸν
1795 1684 2033 1764 μέλος.

431 1809 598 1884 Non,
659 1810 729 1867 ut
780 1812 1178 1884 mutaremuS,
1235 1809 1392 1868 hune
1446 1808 1643 1867 locum
1699 1808 2013 1885 adscripsi,
2072 1809 2175 1868 sed
2230 1810 2299 1867 ut
2355 1809 2547 1884 ipsam
2601 1808 2765 1867 illam

431 1894 793 1952 locutionem
839 1894 901 1953 in
931 1894 1191 1969 quodam
1222 1894 1436 1953 Bionis
1477 1894 1607 1952 loco
1640 1893 2070 1953 restituendam
2102 1912 2228 1953 esse
2261 1912 2551 1952 moneam.
2623 1893 2769 1951 Eius

432 1980 590 2037 enim
638 1979 701 2036 in
745 1977 955 2056 idyllio
1001 1979 1194 2054 primo
1239 1999 1298 2039 v.
1346 1980 1426 2038 87
1460 1997 1590 2054 sqq.
1639 1978 2023 2038 scribendum
2067 1981 2189 2038 est:

736 2093 938 2175 ἔσβεσε
982 2092 1263 2170 λαμπάδα
1307 2095 1508 2154 πᾶσαν
1551 2090 1649 2153 ἐπὶ
1694 2096 1899 2170 φλιαῖς
1920 2091 2269 2197 Ὑμέναιος,

736 2179 838 2241 καὶ
859 2179 1089 2278 στέφος
1133 2177 1459 2256 ἐξεκέασσε
1502 2174 1823 2278 γαμήλιον·
1870 2172 1980 2240 οὐκ
2011 2177 2095 2239 ἔτι
2142 2173 2195 2239 δ’
2238 2172 2450 2257 Υμοίν,

728 2257 917 2344 Ὑμαν
961 2261 1072 2326 οὐκ
1119 2262 1203 2326 ἔτ’
1249 2264 1510 2328 ἄειδεν
1555 2257 1677 2325 ἓόν
1718 2263 1914 2342 μέλος·
1959 2263 2170 2328 αδεται
2215 2265 2362 2326 αἰαῖ.

437 2385 641 2463 Vulgo
687 2388 830 2447 satis
863 2388 1238 2447 incommodo
1267 2388 1583 2463 participio
1613 2374 1822 2446 ἄειδ’
1790 2406 2011 2463 ομενο
2031 2409 2065 2446 ν
2093 2381 2264 2461 μέλος
2293 2387 2533 2462 legitur.
2578 2385 2771 2444 Versu

436 2472 661 2547 altem,
719 2473 878 2548 quod
935 2474 1075 2532 libri
1119 2472 1342 2532 habent
1387 2468 1788 2548 ἐξεπέτασσε,
1848 2473 1964 2532 diei
2007 2492 2127 2532 non
2183 2472 2386 2547 potuit
2437 2470 2509 2528 de
2564 2472 2770 2530 discer-

431 2559 677 2632 pendi-5,
738 2558 840 2618 sed
900 2558 972 2617 de
1031 2560 1426 2634 expandendas
1470 2559 1667 2619 sertis.
1741 2559 1827 2618 At
1881 2551 2285 2632 ἕξεκὲδασσε,
2343 2557 2393 2617 si
2451 2555 2600 2615 bene
2656 2575 2773 2614 me·

437 2644 618 2718 mini,
679 2645 792 2701 iam
854 2644 1006 2704 alius
1058 2643 1350 2719 [Pierson.
1396 2642 1620 2704 Veriss.
1666 2665 1726 2721 p.
1774 2640 1883 2724 56]
1930 2644 2180 2703 invenit.
2225 2642 2378 2702 Ibid.
2426 2662 2482 2701 v.
2532 2643 2605 2701 61
2656 2641 2771 2699 sor·

435 2731 591 2786 tasse
636 2728 1013 2786 scribendum
1059 2734 1176 2789 est:

737 2841 920 2916 καλὸς
963 2834 1079 2904 ἔων
1120 2844 1193 2903 τί
1229 2845 1548 2906 τοσοῦτον
1594 2841 1815 2925 ἔμήναο
1859 2841 2045 2926 θηρσὶ
2090 2843 2400 2913 walatam

432 2964 591 3057 quod
638 2983 998 3041 magnopere
1042 2965 1493 3024 commendatur
1522 2965 2049 3025 antecedentibus.
2098 2961 2170 3022 τί
2206 2954 2321 3043 γὰρ
2365 2958 2616 3040 τολμηρὲ
2659 2984 2768 3022 κυ-

432 3068 666 3126 ναγειςς
734 3081 813 3091 --
882 3050 1082 3108 Etiam
1138 3068 1211 3108 ex
1267 3051 1550 3110 Moschi
1616 3051 1856 3126 Europa
1912 3051 2059 3109 duos
2117 3051 2277 3109 locos
2332 3052 2565 3110 tentare
2621 3050 2768 3108 mihi

434 3133 641 3210 liceat3
689 3153 942 3211 quorum
987 3135 1050 3193 in
1106 3136 1321 3211 priori,
1381 3155 1434 3194 v.
1482 3136 1595 3235 48,
1654 3155 1786 3194 eum
1846 3136 2072 3212 aliquid
2130 3134 2491 3194 incommodi
2547 3135 2768 3193 habere

434 3219 750 3278 videantur
792 3220 1057 3317 genetivi
1101 3220 1318 3279 iuneti:
1365 3213 1460 3277 ἐπ’
1522 3182 1750 3296 ὀφρυος
1792 3220 2208 3298 αἰγιαλοῖο,
2266 3221 2464 3280 nescio
2509 3239 2583 3279 an
2627 3221 2771 3278 scri-

431 3304 692 3363 bendum
763 3307 868 3365 sit.
937 3294 1365 3383 ἆγχιάλοιο,
1431 3309 1499 3365 ut
1565 3304 1871 3382 Oppianus
1928 3305 2164 3382 Hal.1,
2213 3306 2335 3365 396
2392 3296 2769 3382 αγχιαλοισιν

432 3382 716 3468 ἀρούραις
760 3391 928 3449 dixit.
1002 3390 1157 3449 Tum
1200 3410 1257 3450 v.
1307 3391 1427 3451 103
1459 3409 1594 3467 sqq.

1038 3525 1118 3535 —
1213 3524 1284 3535 —-
1379 3524 1454 3534 —
1547 3480 1619 3568 δὴ
1664 3511 1775 3570 γαρ
1819 3483 2057 3562 ἁπάσας

739 3583 934 3635 νωτον
976 3570 1374 3656 ὖποστορέσας
1416 3567 1757 3647 ἆναδέξεται
1802 3567 1903 3635 οἷα
1944 3596 2004 3634 τε
2047 3569 2234 3653 νηύς,

441 3697 654 3756 ultima
699 3697 878 3755 verba
921 3700 982 3755 et
1026 3697 1101 3755 ob
1147 3697 1370 3756 formae
1401 3688 1549 3771 νηός
1579 3696 1959 3756 insolentiam
2004 3699 2063 3755 et
2105 3698 2350 3771 propter
2395 3696 2600 3754 miram
2633 3715 2769 3755 cum

351 3788 414 3836 10
443 3802 592 3842 nave
637 3783 1130 3858 comparationem
1176 3783 1294 3840 iam
1337 3782 1613 3858 pluribus
1668 3782 1917 3842 offensui
1974 3781 2235 3839 fuerunt.
2315 3781 2483 3852 Quod
2527 3783 2588 3839 in
2636 3781 2770 3840 aliis

437 3867 608 3926 libris
652 3867 876 3943 legitur
920 3865 1072 3940 νῆας
1115 3870 1178 3926 et
1220 3867 1369 3943 νῆα,
1428 3887 1497 3926 ex
1542 3867 1947 3927 antecedentis
2001 3886 2207 3927 versus
2263 3866 2528 3926 clausula
2571 3869 2771 3924 ortum

438 3952 695 4011 videtur.
770 3951 993 4013 Locum
1039 3952 1123 4011 ita
1165 3971 1394 4012 meeum
1439 3952 1725 4029 refingas,

1014 4104 1089 4113 —
1184 4104 1257 4116 -
1348 4104 1431 4112 —
1517 4065 1594 4148 δὴ
1637 4090 1751 4148 γαρ
1793 4061 2029 4140 ἆπασας

738 4157 930 4214 νῶτον
973 4150 1364 4255 ὖποστορὲσας
1406 4143 1777 4227 ἆναδέξεται·
1824 4147 1943 4212 οἷα
1987 4150 2064 4213 δὲ
2106 4148 2377 4232 πρηύς,

739 4260 933 4319 πρηυς
975 4231 1028 4300 τ’
1077 4239 1351 4303 εἰσιδέειν
1392 4240 1491 4301 καὶ
1534 4242 1790 4320 μείλιχος
1834 4235 1952 4299 κτὲ.

439 4360 556 4420 Sed
600 4360 777 4420 redeo
825 4361 899 4419 ad
945 4362 1363 4438 Apollonium,
1411 4363 1475 4421 in
1517 4380 1636 4438 quo
1682 4380 1833 4420 unus
1878 4357 2026 4417 mihi
2069 4361 2257 4418 restat
2301 4359 2464 4418 loeus
2508 4379 2565 4420 v.
2604 4361 2766 4419 1646

438 4467 597 4523 sqq.,
645 4465 762 4521 quo
810 4448 1077 4513 omnium
1123 4449 1412 4508 librorum
1458 4448 1754 4522 scriptura
1798 4444 2035 4504 defendi
2082 4445 2286 4504 debet:
