3132 5129
1356 345 1426 354 —-
1517 307 1806 373 550-

413 468 650 543 fecerit,
699 466 750 525 is
793 469 1005 526 ventus
1050 468 1253 523 utrum
1297 465 1491 524 Notus
1549 464 1733 525 fuerit
1786 484 1862 523 an
1919 464 2252 540 ZephyruS,
2314 465 2750 541 quodammodo

415 552 675 611 dubitari
721 570 789 610 eo
835 551 1029 609 minus
1073 555 1296 627 potest,
1360 550 1640 625 quoniam
1685 552 1900 609 neuter
1953 569 2160 610 eorum
2220 550 2338 609 fuit
2394 550 2495 610 sed
2550 552 2751 626 potius

415 639 495 713 ie,
564 638 667 711 qui
734 636 989 694 mediam
1049 636 1207 697 inter
1264 639 1585 710 utrumque
1642 635 1951 713 regionem
2003 637 2199 711 tenet,
2267 655 2445 712 quem
2504 639 2751 695 ventum

416 722 755 781 Africum
799 721 996 781 dixere
1040 721 1262 780 Latini.
1337 721 1407 779 Id
1451 722 1651 796 ipsum
1694 721 1882 797 igitur
1925 723 1993 779 ut
2037 720 2246 779 debuit
2287 722 2374 779 ita
2416 722 2618 796 potuit
2660 723 2748 780 in·

418 807 603 866 dicari
649 806 960 866 scribendo
1004 798 1223 885 αῧραις
1270 802 1335 864 ἐν
1380 805 1629 875 Νοτίαις
1678 802 1799 863 καὶ
1841 799 2139 882 πνεύμασι
2184 800 2481 884 Ζεφύρου.

489 924 502 932 ν
520 891 658 1035 44Ιὲ
723 891 830 951 alt
843 911 874 952 e
887 910 916 949 r
928 912 964 951 a
1026 914 1062 953 a
1074 911 1113 951 n
1127 894 1154 951 t
1166 892 1186 950 i
1199 911 1226 950 s
1240 894 1267 951 t
1279 910 1308 950 1·
1321 910 1355 950 o
1369 912 1407 967 p
1421 892 1459 950 h
1473 912 1507 950 a
1568 909 1926 968 magnopere
1992 891 2241 951 offendit
2303 892 2463 967 quod
2533 892 2753 968 legitur

417 998 473 1037 v.
677 996 803 1053 sqq.

1127 1129 1210 1139 —
1260 1126 1331 1138 —
1381 1087 1466 1153 ἵν’
1514 1088 1672 1170 ἀμφὶ
1717 1093 1926 1168 χαίταν

1128 1173 1346 1253 δρόσον
1388 1177 1727 1255 αἱματηρὰν

1129 1261 1518 1342 ἑλιχθεῖσα
1563 1255 1897 1346 λαιμοτόμῳ

1131 1348 1449 1431 δεσποίνας
1494 1345 1618 1428 χερὶ
1662 1345 1850 1431 θάνῃ.

591 1488 742 1548 Cum
785 1488 1013 1564 priores
1058 1487 1319 1546 editores
1374 1486 1438 1545 in
1483 1486 1820 1545 Marklandi
1877 1487 2372 1562 interpretatione
2430 1488 2760 1563 acquievis-

407 1578 584 1649 sent,
634 1575 734 1650 qui
779 1574 1156 1648 participium
1204 1568 1502 1647 ἑλιχθεῖσα
1549 1570 1685 1646 (pro
1716 1591 1830 1647 quo
1863 1570 2193 1647 εἱλιχθεῖσα
2236 1572 2415 1631 habet
2442 1569 2530 1651 B)
2578 1574 2759 1649 „cir-

421 1658 899 1734 cumspersa“
961 1657 1170 1733 vertit,
1226 1690 1292 1698 —
1345 1659 1414 1716 ut
1468 1657 1647 1716 etiam
1693 1655 2016 1716 Schoenius
2071 1656 2183 1716 hac
2233 1659 2378 1716 nota
2436 1658 2759 1735 adscripta:

421 1740 657 1821 ,,ἕλιχθ.
706 1761 835 1803 vom
891 1744 1268 1802 Weilzwasser
1322 1743 1785 1811 umwundcn,
1842 1743 1899 1803 d.
1944 1743 2002 1800 h.
2047 1744 2214 1818 rinys
2258 1743 2633 1820 hasprenqt‚·“
2680 1779 2759 1788 —

419 1828 703 1887 laudandi
749 1831 886 1886 sunt
928 1827 1338 1886 Kirchhoffius
1382 1829 1445 1886 et
1487 1826 1821 1902 Nauckius,
1884 1846 2140 1903 quorum
2186 1827 2286 1887 ille
2331 1847 2578 1905 „vocem
2637 1849 2761 1889 cor-

429 1913 705 1994 ruptamf‘
752 1932 879 1972 esse
925 1912 1363 1987 pronuntiavit,
1423 1911 1519 1970 hic
1562 1912 1872 1972 notionem
1929 1914 2482 1989 conspergendi
2538 1917 2764 1990 requiri

426 2002 587 2059 recte
618 1998 869 2057 monuit.
944 1997 1196 2056 Kvieala
1226 2000 1455 2073 tamen,
1501 1999 1573 2055 ut
1616 1996 1736 2055 fere
1767 1996 1948 2073 solet,
1995 1997 2091 2056 hic
2132 2017 2366 2073 quoque
2412 2020 2469 2074 p.
2504 2001 2623 2057 241
2672 2002 2762 2060 in-

423 2084 659 2143 auditae
705 2082 1161 2159 significationis
1207 2082 1459 2142 tutelam
1504 2081 1767 2157 suscepit
1794 2082 1885 2140 his
1932 2082 2160 2142 verbis:
2217 2081 2625 2159 ,,ει”λίσσεσθαι
2673 2088 2762 2146 bc-

424 2172 611 2230 dcutct
655 2170 803 2228 auch
847 2170 1122 2228 zuweilen
1165 2168 1516 2243 „umqebem
1560 2169 1824 2243 umrz'nyt
1866 2170 2164 2235 werden“‚
2209 2187 2272 2227 so
2317 2166 2512 2229 Orest.
2562 2171 2682 2229 358
2718 2173 2758 2230 f.

425 2247 623 2333 κύκλῳ
667 2250 781 2331 γὰρ
828 2252 1189 2327 εἱλιχθεῖσαν
1231 2245 1466 2321 ἀθλίοις
1497 2256 1701 2321 κακοῖς
1738 2250 1748 2328 1
1789 2241 2095 2311 οὐπώποτ’
2131 2248 2321 2329 ἄλλην
2349 2252 2570 2330 μᾶλλον
2600 2246 2765 2316 εἶδον

427 2336 645 2398 ἑστίαν.
721 2340 809 2398 Es
865 2340 1115 2398 bedentet
1174 2358 1258 2397 an
1313 2356 1555 2397 unscrer
1606 2338 1777 2398 Stella
1842 2339 2001 2398 nicht
2067 2340 2444 2412 ‚,bespritzt“,
2511 2343 2767 2400 sondcrn

427 2428 631 2500 „rinys
675 2425 876 2483 Iterum
919 2426 1022 2483 mit
1068 2427 1253 2483 eincm
1294 2424 1716 2483 Wasserstralzl
1750 2416 1912 2498 (χυή)
1963 2424 2307 2499 beyossen“;
2350 2425 2459 2484 das
2504 2426 2624 2497 auf
2657 2428 2767 2487 das

431 2509 607 2585 Opfer
663 2527 1072 2586 ausyeyosscnc
1140 2508 1377 2570 Wasser
1432 2509 1631 2569 bildete
1687 2511 1812 2569 cc'nc
1867 2508 2184 2569 Kreislinic
2239 2510 2368 2569 und
2420 2512 2632 2571 darum
2691 2514 2767 2572 ist

429 2595 752 2670 εἱλιχθεῖσα
793 2598 1004 2669 yerade
1046 2596 1178 2654 sehr
1221 2595 1655 2654 bezeichncnd.“
1729 2595 1891 2653 Haec
1944 2614 2121 2669 quam
2178 2598 2399 2655 temere
2452 2598 2764 2672 proposita

430 2682 576 2755 sint,
623 2680 777 2739 vide.
852 2679 1120 2737 Verbum
1152 2674 1407 2737 ἕλίσσειν
1437 2679 1597 2737 enim
1628 2682 1695 2738 ut
1739 2680 1799 2737 in
1847 2679 1971 2738 solo
2018 2680 2122 2738 illo
2171 2678 2401 2740 Orestis
2448 2681 2578 2740 loco
2624 2683 2764 2742 soli·

429 2770 552 2823 tam
618 2784 784 2823 suam
841 2764 1121 2823 abiecerit
1175 2764 1673 2839 significationem
1740 2767 1975 2822 tantum
2042 2765 2208 2824 abest
2273 2769 2341 2825 ut
2406 2767 2764 2826 translatum

431 2850 646 2908 habeat
688 2848 942 2907 eundem
999 2867 1267 2923 sensum,
1325 2868 1442 2925 quo
1486 2849 1726 2924 proprio
1785 2851 1854 2906 ut
1897 2849 2039 2907 alibi
2084 2851 2169 2907 ita
2211 2851 2275 2908 in
2322 2850 2497 2910 Herc.
2546 2852 2661 2911 fur.
2704 2874 2763 2913 v.

432 2935 551 2993 926
585 2953 670 3008 sq.
720 2929 786 2991 ἕν
830 2925 1029 3013 κύκλῳ
1077 2923 1128 2988 δ’
1177 2928 1303 3008 ἤδη
1346 2932 1574 2991 κανοῦν
1613 2935 1621 3009 Ι
1661 2930 1882 2991 εἵλικτο
1937 2932 2145 3009 βωμοῦ
2202 2935 2423 2993 dict-um
2480 2941 2601 2995 est:
2662 2937 2765 2996 do-

433 3039 561 3076 mus
619 3019 989 3095 intellegitur
1055 3020 1346 3079 malorum
1412 3021 1769 3094 tempestate
1838 3019 2352 3079 vehementissime
2416 3021 2645 3098 agitata
2705 3026 2769 3081 et

436 3105 603 3178 quasi
650 3104 713 3164 in
757 3104 958 3162 orbem
1004 3106 1242 3164 iactata.
1317 3104 1545 3162 Deinde
1604 3105 1831 3162 etiarnsi
1877 3104 2401 3164 circumdandi
2447 3108 2573 3165 sive
2619 3109 2767 3165 cir·

433 3188 952 3248 cumveniendi
999 3190 1307 3249 notionem
1351 3189 1617 3263 accipere
1663 3188 1813 3246 illud
1873 3188 2121 3248 verbum
2184 3190 2483 3264 potuisset
2527 3193 2637 3268 ita,
2699 3196 2769 3252 ut

432 3267 629 3353 κύκλῳ
674 3270 1001 3349 εἱλιχθεῖσα
1047 3279 1253 3345 κακοῖς
1299 3270 1458 3331 ἑστία
1506 3274 1804 3332 diceretur
1848 3273 1920 3332 de
1952 3273 2128 3333 domo
2164 3275 2560 3351 undequaque
2591 3279 2768 3336 malis

433 3360 655 3434 cincta,
723 3359 862 3417 inde
918 3362 1117 3418 tamen
1177 3359 1419 3418 minime
1487 3357 1852 3432 efficeretur,
1916 3362 1985 3417 ut
2046 3362 2205 3418 recte
2268 3359 2558 3420 diceretur
2611 3355 2768 3434 ἀμφὶ

433 3441 641 3519 χαίταν
680 3444 689 3519 Ι
731 3439 945 3520 δρόσον
1003 3441 1339 3521 αἶματηρὰν
1381 3442 1390 3518 1
1444 3438 1748 3518 ἑλιχθεῖσα
1805 3443 2035 3503 Helena
2094 3446 2249 3519 ipsa,
2324 3447 2490 3504 cuius
2545 3447 2771 3506 scilicet

435 3530 589 3588 circa
633 3546 858 3586 comam
905 3529 965 3586 in
1011 3531 1213 3588 orbem
1259 3528 1616 3589 circumfusa
1669 3531 1824 3588 esset
1878 3548 2031 3604 aqua
2074 3529 2379 3588 lustralis!
2451 3531 2563 3606 Et,
2622 3535 2692 3591 ut
2735 3552 2770 3590 a

437 3613 620 3672 verbo
667 3614 740 3671 ad
786 3633 909 3671 rem
955 3617 1352 3690 transeamuS,
1399 3613 1541 3672 haec
1587 3613 1716 3688 ipsa
1759 3633 1884 3690 res,
1943 3615 2178 3690 qualem
2221 3615 2555 3674 luculenter
2596 3617 2770 3676 nobis

437 3698 749 3774 descripsit
804 3698 1080 3775 Kvicala,
1144 3703 1269 3758 tam
1324 3700 1672 3774 portentosa
1727 3701 1844 3772 est,
1915 3703 2012 3774 ut,
2086 3700 2211 3757 eius
2270 3699 2661 3773 perficiendae
2718 3704 2769 3762 si

439 3787 646 3842 auctor
690 3783 792 3841 ille
836 3784 1166 3858 periculum
1223 3785 1488 3860 fecisset,
1546 3783 1940 3843 intellexisset
1994 3784 2152 3842 haud
2207 3784 2383 3843 dubie
2441 3785 2568 3860 ipse
2624 3806 2766 3861 rem,

437 3888 587 3945 quae
646 3867 773 3925 fieri
829 3872 1115 3945 nequeat,
1171 3869 1396 3944 verbis,
1458 3888 1607 3944 quae
1662 3887 1790 3927 eam
1845 3870 2181 3945 significare
2235 3872 2562 3944 nequeant,
2620 3871 2769 3931 desi-

436 3954 610 4030 gnari
656 3953 807 4012 falso
852 3971 979 4012 sese
1022 3957 1281 4029 putasse.
1358 3955 1478 4015 Suo
1537 3954 1664 4012 iure
1708 3954 1896 4030 igitur
1937 3954 2468 4014 Rauchensteinius
2514 3955 2765 4016 Nauckii

438 4038 793 4096 desiderium
825 4039 1133 4112 amplexus
1164 4060 1221 4115 p.
1255 4029 1449 4097 lxm}
1495 4035 1771 4114 ρανθεῖ
1783 4054 1869 4096 σα
1914 4042 2192 4116 coniecit,
2241 4059 2601 4115 quamquam
2631 4060 2767 4100 cum

438 4123 747 4197 Euripidis
793 4143 1035 4182 manum
1078 4143 1198 4183 non
1242 4125 1576 4183 restituisse
1630 4124 1722 4183 ve]
1782 4125 2129 4184 adverbium
2184 4116 2265 4183 εὖ
2323 4126 2549 4200 arguit,
2608 4127 2770 4201 quod

439 4210 531 4266 vir
572 4208 961 4268 amicissimus
1018 4210 1246 4269 acutius
1297 4229 1474 4284 quam
1531 4209 1726 4269 verius
1771 4211 1857 4268 ita
1911 4210 2202 4285 explicare
2257 4209 2516 4285 studuit,
2574 4214 2645 4269 ut
2698 4231 2770 4270 eo

443 4293 641 4351 doceri
685 4296 924 4353 moneat
968 4295 1238 4369 „animos
1282 4296 1637 4354 feminarum
1667 4294 2043 4354 exacerbatos
2090 4295 2456 4370 ultionisque
2500 4295 2772 4356 sitientes

443 4373 687 4454 cupere,
746 4381 813 4437 ut
857 4380 1086 4439 Helena
1143 4400 1295 4454 aqua
1340 4380 1575 4438 funesta
1624 4379 1852 4454 probe
1910 4379 2396 4457 conspergatur.“
2478 4382 2603 4439 Nec
2657 4381 2773 4440 alia
