3132 5129
353 909 387 957 4

372 4383 403 4431 δ

1358 360 1426 366 -
1519 320 1815 383 214-

409 478 756 538 sollemnem
825 479 1290 553 praescripserat
1355 478 1797 537 salutationem.
1906 478 2017 538 His
2085 479 2417 538 litterarum
2472 479 2750 538 ductibus

409 563 524 621 dici
579 582 701 622 non
758 565 959 660 potest
1011 566 1236 660 quanto
1292 582 1427 621 cum
1469 563 1674 623 dolore
1718 565 1898 638 atque
1942 563 2234 622 desiderio
2281 568 2563 623 renovata
2606 563 2751 622 mihi

410 649 490 707 sit
551 648 748 724 imago
809 647 923 706 viri
986 647 1326 723 gravissimi
1393 650 1573 723 atque
1639 647 2070 722 candidissimi,
2140 667 2317 723 quem
2373 651 2443 706 ut
2496 647 2639 706 olim
2694 669 2748 706 a.

412 730 890 792 MDCCCXLV
875 751 937 790 in
967 732 1436 792 Darmstadiensi
1464 732 1904 809 philologorum
1947 735 2272 808 conventu,
2320 751 2454 791 cum
2484 732 2555 791 de
2584 732 2750 792 scho-

410 816 753 876 lasticorum
799 817 1058 876 sectione
1101 837 1136 875 a
1177 817 1431 892 publicis
1489 817 1853 876 sessionibus
1909 779 2272 893 separanfla
2287 822 2592 894 ageretur,
2648 817 2749 876 ad·

418 903 745 960 versarium
790 901 1111 961 habueram
1156 903 1537 976 acerrimum,
1584 903 1672 960 ita
1716 921 1786 961 ex
1830 920 1898 960 eo
1940 901 2084 960 inde
2107 905 2378 977 tempore
2406 905 2752 978 perpetuam

416 986 749 1046 eiusdems
724 987 1132 1061 sinceramque
1176 987 1655 1046 benevolentiam
1699 989 1975 1062 expertus
2019 1005 2178 1046 eram
2209 986 2302 1045 vel
2349 989 2488 1061 post
2529 1006 2750 1045 annum

412 1071 709 1129 nefastum
755 1070 1272 1147 quadragesimum
1316 1089 1540 1131 nonum
1589 1071 1984 1130 immutatam.

584 1155 676 1213 Ad
738 1155 1253 1215 Schneidewinum
1320 1159 1606 1216 revertor.
1709 1154 1821 1214 cui
1880 1156 1930 1214 si
1987 1155 2085 1214 vel
2129 1156 2420 1214 minorem
2474 1154 2753 1231 perficere

413 1239 735 1299 editionem
778 1259 885 1315 per
930 1239 1052 1299 fata
1097 1240 1376 1314 lieu-isset,
1425 1259 1494 1298 ex
1540 1239 1964 1315 speciminibus
2008 1240 2082 1299 ab
2129 1258 2197 1299 eo
2243 1240 2358 1298 iam
2392 1240 2548 1299 datis
2580 1240 2749 1298 dubi-

413 1324 530 1383 tari
572 1343 692 1383 non
735 1327 938 1399 potest
983 1325 1128 1400 quin
1173 1324 1362 1384 multo
1409 1326 1525 1383 iam
1571 1324 2006 1383 emendatiores
2050 1324 2397 1383 haberemus
2453 1324 2558 1383 has
2602 1323 2753 1383 sacri

412 1409 673 1468 nominis
728 1408 1039 1485 reliquias,
1096 1428 1270 1484 quaa,
1340 1410 1391 1467 si
1448 1409 1519 1467 de
1575 1409 1831 1486 singulis
1887 1409 2263 1485 singulorum
2319 1409 2627 1468 conatibus
2672 1441 2751 1451 —-

415 1512 565 1569 quos
596 1493 753 1552 inter
782 1493 1014 1570 insigne
1058 1494 1281 1552 eminet
1321 1494 1629 1573 Lehrsii
1676 1512 1892 1553 nomen
1923 1526 2005 1535 —
2035 1496 2247 1568 taceas,
2293 1513 2399 1568 per
2441 1493 2753 1551 dimidium

414 1578 538 1636 fere
595 1577 895 1637 saeculum
954 1578 1257 1654 neglectas
1314 1578 1561 1638 iacuisse
1608 1597 1794 1652 paene
1838 1579 2006 1638 nefas
2032 1577 2287 1650 ,dixeris
2379 1578 2753 1654 Sperandum

415 1665 615 1721 tamen
672 1662 827 1737 foro,
884 1665 955 1721 ut
1015 1682 1164 1738 opus
1217 1663 1288 1722 ab
1344 1663 1449 1722 illo
1503 1662 1844 1722 incohatum
1897 1663 2011 1722 rite
2054 1663 2129 1721 ad
2166 1663 2354 1722 finem
2396 1662 2760 1739 perducatur

417 1746 491 1804 ab
540 1748 881 1823 Augusto
927 1747 1475 1822 Baumeistero,
1537 1749 1640 1823 qui
1699 1747 2133 1807 Schneidewini
2179 1747 2504 1823 discipulus
2548 1746 2759 1806 Batra-

416 1831 934 1907 chomyomachiae
978 1831 1298 1913 editionem
1342 1833 1846 1892 accuratissimam
1893 1833 2109 1891 dilecto
2162 1832 2535 1908 praeceptori
2580 1832 2759 1907 „pie“

416 1915 730 1974 dedicavit.

584 1999 794 2075 Itaque
837 2000 996 2059 haud
1042 2000 1146 2060 abs
1191 2020 1254 2059 re
1310 2000 1491 2060 fuerit
1543 2001 1895 2077 nonnullas,
1954 2021 2105 2076 quae
2162 1999 2281 2059 iam
2337 2004 2476 2060 ante
2532 2001 2761 2076 aliquot

416 2102 603 2143 annos
649 2085 796 2143 mihi
844 2085 1130 2145 subnatae
1175 2089 1345 2161 sunt,
1393 2086 1838 2145 emendationes
1882 2086 1993 2145 hoc
2037 2086 2166 2145 loco
2211 2104 2563 2161 proponere,
2610 2104 2761 2161 quae

329 2198 333 2203 ’
418 2168 893 2246 emendationes,
953 2171 1182 2230 etiamsi
1228 2171 1553 2230 verendum
1610 2170 1754 2230 mihi
1813 2173 1905 2230 est
1959 2190 2032 2229 ne
2078 2174 2182 2229 aut
2226 2189 2432 2230 omnes
2476 2177 2578 2229 aut
2622 2189 2761 2245 pars

419 2252 959 2314 Schneidewiniani
1003 2259 1324 2331 apparatus
1379 2257 1723 2315 interventu
1779 2256 2129 2330 reiciantur,
2188 2256 2298 2314 hoc
2352 2259 2555 2314 tamen
2606 2272 2760 2313 com·

417 2338 580 2399 modi
609 2338 828 2398 habere
862 2339 1167 2415 videntur,
1214 2343 1283 2398 ut
1326 2340 1441 2399 iam
1484 2344 1624 2399 ante
1665 2339 1986 2411 editionem
2013 2338 2411 2399 Baumeisteri
2441 2339 2759 2415 prolatam,

419 2442 596 2499 quam
642 2427 955 2501 corruptae
1000 2425 1122 2484 sint
1163 2425 1271 2483 hae
1326 2425 1640 2501 reliquiae,
1698 2424 1983 2501 exemplis
2031 2425 2384 2500 quibusdam
2441 2424 2762 2483 luculentis

422 2506 727 2584 aperiatur
770 2512 952 2586 atque
997 2509 1454 2570 demonstretur.

592 2592 838 2653 Initium
874 2599 1072 2654 autem
1103 2594 1252 2653 facio
1284 2615 1319 2653 a
1348 2594 1703 2654 suavissimo
1734 2594 1838 2653 illo
1868 2595 1931 2653 in
1976 2593 2246 2653 Panem
2288 2595 2513 2671 hymno
2542 2589 2759 2675 (XIX),

418 2682 519 2756 qui
582 2698 715 2740 cum
776 2679 969 2738 obiter
1025 2679 1357 2739 delectandi
1417 2680 1609 2750 gratia
1663 2680 1888 2756 legenti
1944 2679 2094 2738 nihil
2150 2680 2496 2739 offensionis
2540 2679 2758 2738 habere

425 2764 724 2838 videatur,
771 2764 1030 2839 penitius
1076 2764 1404 2840 inquirenti
1448 2766 1542 2823 tot
1585 2768 1867 2839 tantaque
1913 2764 2263 2824 mendorum
2296 2765 2761 2840 lacunarumque

422 2853 582 2909 certa
636 2847 855 2906 indicia
910 2848 1156 2922 prodat,
1215 2852 1281 2907 ut
1335 2867 1544 2924 operae
1602 2849 1864 2924 pretium
1911 2868 2005 2907 me
2061 2848 2359 2907 facturum
2413 2852 2651 2925 putem,
2709 2848 2763 2905 si

420 2937 614 2992 totum
643 2932 930 3008 hymnum
962 2951 1030 2991 eo
1074 2932 1246 2991 modo
1294 2933 1742 2992 describendum
1790 2926 2147 3008 curaverim,
2197 2952 2315 3008 quo
2359 2933 2763 2992 emendandus

422 3022 482 3077 et
526 3017 946 3077 additamentis
992 3038 1027 3076 a
1079 3036 1302 3078 sensu
1355 3035 1495 3076 non
1553 3017 2142 3077 abhorrentibus
2198 3018 2564 3094 supplendus
2616 3016 2764 3075 mihi

424 3103 585 3162 visus
631 3102 832 3163 fuerit.

1329 3225 1505 3295 ΕΙΣ
1551 3224 1843 3292 ΠΑΝΑ.

670 3347 860 3429 Ἀμφί
898 3375 997 3432 μοι
1036 3350 1308 3434 Ἑρμείαο
1353 3355 1530 3432 φίλον
1574 3350 1758 3433 γόνον
1803 3352 2043 3427 ἔννεπε,
2092 3353 2354 3428 Μοῦσα,

679 3434 1029 3545 αἰγιπόδην,
1078 3438 1392 3520 δικέρωτα,
1438 3436 1823 3518 φιλόκροτον,
1871 3463 1938 3511 ος
1982 3432 2038 3497 τ’
2084 3433 2202 3500 ἀνὰ
2250 3438 2397 3515 πίση

680 3519 1020 3603 δενδρήεντ’
1066 3517 1279 3601 ἄμυδις
1323 3525 1506 3607 φοιτᾷ
1549 3519 1871 3604 χοροήθεσι
1918 3518 2211 3600 νύμφαις,

679 3607 756 3667 αἴ
787 3630 849 3669 τε
894 3604 1030 3668 κατ’
1078 3609 1373 3707 αἰγίλιπος
1418 3609 1635 3690 πέτρης
1678 3610 1976 3688 στείχουσι
2019 3605 2279 3671 κέλευθα

426 3707 458 3754 5
691 3689 853 3752 Παν’
903 3686 1402 3799 ἀνακεκλόμεναι,
1452 3692 1662 3774 νόμιον
1707 3693 1893 3772 θεόν,
1938 3688 2358 3772 οὖλοέθειρον,

680 3770 1004 3856 λαχνήενθ’
1010 3822 1054 3878 ,
1074 3776 1140 3851 ὃς
1183 3775 1376 3840 πάντα
1424 3776 1614 3858 λόφον
1657 3777 1946 3856 νιφόεντα
1989 3775 2219 3860 λέλογχε

681 3862 780 3924 καὶ
826 3884 1092 3966 κορυφας
1134 3857 1319 3940 ὀρέων
1362 3863 1463 3926 καὶ
1509 3860 1838 3964 πετρήεντα
1883 3857 2133 3942 κάρηνα.

767 3970 944 4034 φοιτα
994 3941 1052 4006 δ’
1101 3947 1254 4009 ἔνθα
1298 3947 1399 4010 καὶ
1447 3950 1602 4011 ἔνθα
1650 3942 1746 4010 δια
1792 3945 2030 4027 ῥωπήια
2073 3947 2308 4024 πυκνά,

678 4032 888 4095 αλλοτε
911 4013 1040 4111 μὲν
1085 4034 1416 4112 ῥείθροισιν
1462 4040 1942 4108 ἑφεεπόμενοε
1981 4043 2413 4106 καθαροῖειν,

682 4127 936 4180 ἄλλοτε
973 4128 1036 4180 δ’
1073 4126 1154 4180 αὖ
1190 4129 1522 4193 λειμῶειν
1558 4115 1956 4216 ἐφελκόμενος
1998 4122 2385 4193 μαλακοῖσιν·

432 4214 496 4261 10
679 4201 889 4266 αλλοτε
936 4194 989 4262 δ’
1039 4197 1123 4267 αὖ
1165 4203 1451 4307 πέτρῃσιν
1495 4202 1562 4265 ἐν
1603 4194 1938 4282 ἠλιβατοισι
1984 4201 2234 4280 διοιχνεῖ

681 4279 1016 4369 ἀκροτάτην
1058 4285 1335 4369 κορυφὴν
1377 4286 1759 4370 μηλόσκοπον
1803 4285 2270 4390 εἰσαναβαίνων·

689 4371 940 4434 πολλάκι
984 4372 1041 4433 δ’
1087 4370 1436 4458 αργινόεντα
1483 4372 1796 4454 διέδραμεν
1837 4392 2019 4451 ουρεα
2060 4372 2295 4454 μακρά,
