3132 5129
1293 424 1753 487 -175—

353 579 601 638 aedibus
661 580 974 656 epulantes
1029 569 1210 639 etiam
1266 601 1301 638 a
1346 580 1616 638 Minerva
1669 579 1774 638 illa
1817 582 2171 639 memoratos
2216 598 2255 652 η
2284 580 2366 638 49
2391 598 2475 654 sq.
2520 579 2703 653 perti-

351 667 526 723 nent:
593 664 775 735 §256
801 685 920 741 sq.,
985 667 1087 724 ubi
1143 667 1450 742 perinepte
1505 666 1729 723 dictum
1788 684 1914 723 esse
1971 665 2118 723 illud
2177 659 2330 721 ἔνθα
2384 658 2449 721 σέ
2490 682 2642 739 φημι
2691 659 2698 742 Ι

352 742 601 807 πάντων
644 747 939 825 Φαιήκων
980 746 1291 826 εἰδησέμεν
1334 745 1503 809 ὅσσοι
1547 745 1776 827 ἄριστοι
1819 751 1951 824 quis
1981 769 2102 809 non
2131 749 2316 823 videt,
2362 769 2401 824 η
2433 750 2699 807 95-99,

361 835 718 894 136—138.
751 836 1101 910 148—232,
1125 836 1241 894 nisi
1262 836 1420 910 quod
1445 855 1517 893 ex
1542 835 1730 893 altera
1754 833 1945 893 Ulixis
1973 837 2236 893 oratione
2261 855 2314 891 v.
2349 837 2383 890 2
2400 834 2704 893 11-214,

355 920 696 976 222—224
743 923 953 994 utpote
1013 921 1656 980 accommodatissimos
1702 922 1908 979 statim
1952 937 2085 979 cum
2129 940 2187 979 v.
2241 919 2356 977 147
2403 920 2702 977 coniunxi.

356 1004 512 1061 Nam
559 1024 631 1062 ex
676 1005 1034 1081 primigenia
1077 1005 1267 1065 nostri
1312 1005 1593 1065 carminis
1637 1005 1870 1063 ratione
1915 1004 2151 1063 Ulixem
2205 1023 2326 1062 nou
2373 1004 2702 1062 Phaeacum

358 1108 667 1163 proceres,
715 1090 819 1148 sed
863 1094 1097 1148 tautum
1144 1091 1462 1149 Alcinoum
1506 1094 1684 1165 atque
1727 1089 1973 1148 Aretam
2018 1110 2151 1148 cum
2198 1089 2401 1148 liberis
2447 1089 2703 1147 ancillis-

354 1192 469 1247 que
526 1175 590 1232 in
649 1174 817 1250 regia
872 1175 1046 1234 domo
1103 1176 1403 1235 invenisse
1459 1195 1594 1235 cum
1639 1195 1709 1234 ex
1755 1177 1886 1233 tota
1929 1175 2069 1232 libri
2115 1176 2303 1233 octavi
2361 1175 2704 1233 narratione

353 1261 487 1316 ‘tum
523 1259 815 1334 imprimis
847 1279 918 1318 ex
947 1262 996 1315 θ
1029 1261 1298 1318 11—14.
1348 1262 1597 1320 26—33
1642 1263 1767 1318 tam
1814 1264 2016 1336 aperte
2061 1260 2281 1335 prodit,
2329 1263 2397 1317 ut
2434 1260 2704 1334 profecto

357 1362 478 1402 non
526 1361 677 1419 opus
723 1345 803 1403 sit
845 1345 918 1403 ad
965 1346 1231 1422 singulas
1271 1346 1396 1405 eius
1424 1345 1783 1404 narrationis
1813 1345 2299 1420 importunitates
2330 1363 2701 1420 provocasse,

357 1447 425 1486 ex
473 1429 692 1503 quibus
737 1449 918 1488 unam
964 1433 1199 1489 tantum
1244 1433 1452 1489 notare
1511 1431 1656 1490 satis
1712 1433 1832 1504 est,
1890 1430 2046 1505 quod
2102 1429 2162 1488 in
2221 1430 2506 1489 hodierna
2549 1448 2702 1488 com-

357 1533 512 1590 page
556 1519 696 1589 post
741 1513 932 1573 Ulixis
977 1534 1181 1590 preces
1225 1535 1296 1574 ex
1341 1515 1564 1591 duplici
1610 1519 1671 1574 et
1713 1514 2039 1574 Nausicaae
2082 1518 2145 1572 et
2189 1515 2490 1574 Minervae
2534 1534 2703 1589 prae-

259 1649 269 1656 .
357 1601 532 1674 cepto
578 1599 654 1658 ad
700 1599 948 1657 Aretam
993 1602 1371 1675 potissimum
1413 1600 1670 1660 directas
1716 1618 1824 1658 nec
1868 1620 1934 1658 ea
1977 1619 2085 1658 nec
2132 1600 2419 1658 Alcinous
2464 1600 2701 1675 quidem

357 1683 655 1759 hospitem
686 1684 851 1741 humi
892 1686 955 1742 in
1000 1686 1223 1745 cineres
1269 1685 1593 1744 demissum
1636 1686 1825 1743 amica
1868 1685 2229 1744 salutatione
2274 1685 2553 1758 excitant,
2600 1684 2702 1743 sed

360 1768 674 1826 Echeneus
721 1788 898 1828 senex
944 1774 1006 1828 et
1048 1789 1178 1829 sero
1223 1770 1462 1845 quidem
1507 1789 1631 1828 non
1676 1771 1802 1829 sine
1846 1771 2013 1846 gravi
2060 1770 2502 1845 vituperatione
2544 1770 2702 1828 Alci-

360 1872 542 1912 noum
587 1885 670 1896 -
715 1873 836 1911 non
882 1857 1126 1914 Aretam
1172 1887 1252 1897 —
1299 1856 1389 1914 sui
1436 1854 1615 1913 officii
1672 1855 2153 1930 commonefacit,
2211 1873 2329 1930 quo
2385 1855 2541 1914 facto
2598 1855 2702 1913 ille

366 1939 609 2012 quidem
658 1937 820 1996 Ulixi
865 1942 1077 1998 canina
1119 1941 1346 1999 ventris
1390 1940 1554 1998 rabie
1602 1940 1751 1998 citra
1794 1941 2209 1998 necessitatem
2255 1939 2402 2000 cibis
2447 1940 2700 1999 inhianti

362 2055 442 2064 —
473 2042 625 2098 quae
660 2042 753 2082 res
784 2026 962 2083 etiam
994 2026 1373 2100 antiquorum
1403 2024 1708 2084 nonnullis
1739 2026 1987 2084 offensui
2019 2025 2136 2083 fuit
2165 2025 2268 2082 illa
2294 2046 2333 2100 η
2366 2025 2697 2082 215—221

358 2111 425 2165 ut
454 2100 816 2185 ἆγενέστατα
847 2109 1327 2184 vituperantibus
1359 2142 1439 2151 —-
1471 2109 1814 2168 missionem
1856 2129 1918 2170 se
1950 2112 2377 2186 praestiturum
2406 2112 2705 2186 promittit

358 2193 871 2253 consentientibus
929 2194 1331 2270 principibus,
1393 2196 1576 2254 Arete
1620 2214 1760 2254 vero
1805 2198 2043 2254 tantum
2088 2196 2258 2253 abest
2301 2199 2370 2253 ut
2415 2195 2702 2269 supplicis

355 2277 416 2335 in
459 2279 723 2354 gratiam
767 2278 1099 2338 intercedat
1141 2283 1210 2338 ut
1254 2280 1520 2354 demum,
1569 2282 1884 2356 postquam
1929 2281 2019 2338 illi
2064 2298 2129 2337 re
2159 2280 2428 2338 confecta
2459 2280 2700 2338 domum

359 2362 659 2437 abierunt,
707 2381 772 2422 os
816 2365 1048 2439 aperiat
1092 2365 1165 2422 ad
1195 2365 1686 2441 interrogandum
1732 2365 2058 2441 hospitem,
2106 2365 2263 2423 unde
2297 2368 2507 2438 vestes,
2554 2384 2702 2440 quas

353 2450 422 2505 nt
465 2466 608 2506 suas
668 2450 969 2524 agnoscit,
1030 2451 1340 2523 acceperit.
1432 2450 1587 2520 Quid
1640 2450 1798 2524 quod
1857 2451 2006 2509 adeo
2064 2451 2195 2525 illa,
2256 2450 2473 2526 quibus
2529 2450 2701 2509 hodie

358 2553 396 2608 η
435 2534 554 2592 189
581 2551 715 2609 sqq.
764 2534 960 2593 contio
1004 2535 1272 2610 proximo
1317 2554 1487 2593 mane
1532 2534 1803 2594 habenda
1846 2536 2028 2594 iudici
2074 2536 2341 2611 videtur,

660 2645 870 2727 ἠῶθεν
912 2646 982 2709 δὲ
1024 2648 1377 2731 γέροντας
1423 2648 1520 2710 ἐπὶ
1565 2649 1885 2724 πλέονας
1936 2650 2288 2726 καλέσαντες

661 2737 857 2808 ξεῖνον
901 2732 992 2794 ἐνὶ
1033 2734 1305 2814 μεγάροις
1351 2736 1720 2812 ξεινίσσομεν
1761 2731 1867 2815 ἠδὲ
1911 2743 2109 2798 θεοῖσι

663 2815 907 2897 ῥέξομεν
948 2818 1074 2898 ἱερὰ
1120 2820 1304 2897 καλά,
1350 2819 1604 2881 ἔπειτα
1652 2819 1716 2881 δὲ
1761 2820 1886 2881 καὶ
1929 2821 2063 2899 περὶ
2108 2832 2344 2901 πομπῆς

668 2899 1111 2981 μνησόμεθ’,
1156 2903 1240 2978 ὥς
1283 2901 1341 2983 χ’
1392 2900 1423 2965 ὁ
1471 2907 1662 2979 ξεῖνος
1706 2901 1933 2967 ἄνευθε
1978 2904 2171 2967 πόνου
2215 2907 2314 2967 καὶ
2358 2903 2533 2987 ἀνίης

662 2998 868 3071 πομπῇ
911 2985 1026 3065 ὑφ’
1073 2986 1319 3069 ἡμετέρῃ
1363 2982 1442 3068 ἢν
1483 2990 1741 3069 πατρίδα
1783 2998 1964 3070 γαῖαν
2008 2991 2241 3070 ἵκηται,

361 3146 494 3184 cum
544 3126 648 3199 iis,
695 3145 844 3201 quae
892 3127 1044 3185 libro
1090 3130 1297 3187 octavo
1342 3132 1690 3203 narrantur,
1739 3132 1862 3188 tam
1909 3149 2119 3205 parum
2152 3149 2475 3207 congruere
2507 3133 2705 3207 quivis

355 3211 550 3284 videt,
598 3215 668 3269 ut
711 3231 782 3268 ea
823 3230 942 3270 non
990 3216 1112 3270 tam
1158 3213 1232 3270 ab
1277 3214 1406 3288 ipso
1452 3213 1775 3288 fragmenti
1820 3215 1984 3274 illius
2024 3219 2266 3274 auctore
2296 3235 2474 3291 quam
2506 3217 2580 3275 ab
2612 3236 2699 3291 ec,

355 3297 460 3369 qui
509 3294 659 3353 illud
704 3296 894 3354 Nesto
938 3297 1326 3371 interposuit,
1373 3297 1643 3372 prosecta
1685 3317 1815 3358 esse
1860 3300 2196 3360 videantur.

528 3379 836 3439 Postremo
902 3381 1060 3456 quod
1129 3384 1322 3439 totam
1387 3382 1767 3457 rhapsodiam
1834 3386 1882 3440 θ
1927 3385 2254 3459 98-536,
2327 3388 2420 3444 cui
2470 3376 2697 3443 Ἆθλα

357 3482 575 3523 nomen
632 3464 798 3539 dedi,
858 3484 927 3523 ex
981 3469 1188 3525 nostro
1244 3468 1501 3525 carmine
1561 3468 1805 3542 sustuli,
1876 3470 2176 3528 neminem
2233 3471 2441 3528 harum
2495 3491 2694 3531 rernm

357 3551 618 3624 peritum
661 3554 765 3609 aut
805 3552 1156 3609 miraturum
1202 3556 1307 3611 aut
1333 3552 1808 3627 vituperaturum
1838 3554 2114 3613 arbitror.
2189 3554 2494 3615 Habemus
2537 3557 2694 3617 enim

357 3633 454 3692 hic
485 3634 881 3692 certissimum
911 3636 1390 3712 interpolationis
1422 3636 1707 3695 indicium
1740 3638 1800 3696 in
1828 3638 2089 3698 eiusdem
2122 3659 2329 3699 scenae
2362 3660 2417 3699 v.
2442 3641 2692 3700 83—97
2738 3633 2802 3681 ³¹

359 3721 420 3776 et
466 3738 523 3777 v.
570 3719 906 3777 521-536
963 3724 1140 3795 atque
1196 3722 1341 3780 adeo
1399 3721 1629 3796 aliquot
1671 3742 1949 3781 versuum
2009 3725 2115 3799 (83
2148 3750 2229 3772 ---
2262 3726 2402 3782 521.
2451 3727 2699 3784 93-97

360 3828 444 3851 ==
474 3803 840 3876 532—536)
883 3806 1267 3879 repetitione,
1313 3825 1430 3881 qna
1473 3806 1747 3867 machina
1790 3809 1932 3867 alibi
1982 3828 2221 3885 quoque
2253 3809 2704 3868 Homericorum

360 3888 688 3946 carminum
735 3878 1194 3964 interpolatores
1241 3909 1379 3949 usos
1424 3910 1552 3950 esse
1598 3896 1850 3951 constat.
1940 3894 2155 3953 Insunt
2200 3894 2378 3952 etiam
2427 3895 2582 3952 aliae
2613 3914 2703 3953 re-

362 3973 717 4046 petitiones,
778 3978 848 4031 ut
899 3974 1271 4034 Demodocus
1327 3976 1421 4034 hic
1475 3976 1720 4050 quidem
1775 3978 1837 4035 in
1892 3979 2098 4053 populi
2156 3997 2435 4038 consessu
2487 3980 2702 4038 iterum

361 4075 580 4116 canens
611 4062 674 4115 et
702 4057 976 4117 frivolam
1007 4059 1244 4134 quidem
1277 4060 1440 4118 illam
1484 4057 1823 4136 μοιχείας
1867 4063 2225 4121 cantilenam
2257 4084 2313 4121 v.
2348 4064 2702 4138 266—369,

365 4161 518 4216 quae
562 4143 693 4218 ipsa
744 4143 861 4200 iam
907 4142 969 4202 in
1015 4144 1267 4202 aliorum
1313 4146 1532 4204 iustam
1578 4146 1973 4220 suspicionem
2034 4146 2312 4223 incurrit,
2372 4150 2501 4205 tum
2546 4150 2704 4207 Alci-

363 4245 512 4285 nous
570 4228 692 4286 385
726 4248 857 4303 sqq.
913 4228 1177 4303 blandis,
1246 4249 1392 4305 quas
1450 4229 1655 4289 Ulixes
1722 4231 1845 4289 fere
1913 4231 2285 4307 elegantibus
2348 4235 2704 4292 nostratium

363 4311 630 4371 moribus
688 4315 1110 4372 convenienter
1164 4315 1631 4375 adolescentium
1690 4314 1990 4374 saltationi
2057 4316 2359 4393 impertit,
2430 4317 2706 4378 laudibus

364 4396 514 4455 adeo
560 4397 909 4473 delectatuS,
956 4404 1025 4457 ut
1069 4400 1483 4473 „prudenti
1529 4398 1791 4475 hospiti“
1840 4400 1996 4459 dona
2040 4420 2245 4476 parare
2278 4402 2483 4461 iubeat
2512 4423 2703 4480 reges,

365 4481 524 4554 quod
581 4481 736 4540 idem
796 4484 1016 4541 maiore
1073 4484 1199 4541 iure
1260 4505 1296 4540 v
1342 4485 1418 4542 13
1443 4503 1575 4559 sqq.
1633 4487 1773 4558 post
1832 4486 2160 4545 mirabilem
2226 4487 2389 4545 illam
2436 4506 2706 4546 errorum
