3132 5129
1253 472 1328 484 —
1416 434 1542 498 307
1634 470 1710 483 -

886 622 968 633 -
1053 622 1136 632 —
1222 583 1374 650 ὑπαὶ
1417 583 1484 650 δέ
1530 588 1593 648 οῖ
1631 586 1763 647 ἔσκε
1807 580 2078 655 τένοντος

612 666 823 750 σύριγξ
866 667 1226 752 αἱματόεσσα
1273 669 1423 733 κατὰ
1470 662 1739 748 σφυρόν·
1785 660 1976 749 αὐτὰρ
2019 666 2061 728 ὁ“
2104 667 2219 745 τήν
2261 689 2326 749 γε

614 747 820 827 λεπτὸς
863 748 1025 837 ὑμὴν
1069 760 1222 836 ζωῆς
1267 756 1360 836 ἔχε
1405 758 1655 833 πείρατα
1698 754 1801 816 καὶ
1845 752 2154 819 θανάτοιο.

315 876 408 935 Ita
451 876 634 935 etiam
678 878 1057 938 scholiastam
1101 880 1354 956 legisse,
1401 898 1471 937 ex
1502 879 1627 937 eius
1657 878 1858 937 verbis
1889 878 2166 951 apparet:
2213 865 2465 953 σύριγγα
2495 865 2650 951 εἶχεν

308 954 485 1034 ὑμένι
531 956 971 1040 περιεχομένην.
1045 963 1161 1024 Hic
1204 965 1465 1040 primum
1508 963 1851 1022 Brunckius
1893 961 2100 1019 turbas
2130 961 2344 1034 movit,
2392 960 2494 1035 qui
2524 959 2647 1017 πεί·

311 1066 459 1118 ρατα
502 1049 910 1108 accusativum
954 1052 1162 1125 aptum
1208 1068 1278 1107 ex
1323 1044 1417 1125 ἔχε
1466 1051 1667 1122 ratus,
1727 1035 1916 1121 αὐτὰρ
1972 1039 2011 1102 δ’
2054 1051 2181 1120 τῆς
2222 1064 2288 1121 γε
2331 1044 2651 1104 infeliciter

310 1133 582 1190 correxit.
659 1133 852 1209 Magis
903 1136 1080 1193 etiam
1125 1134 1428 1193 aberravit
1473 1133 1863 1200 WellaueruS,
1907 1130 2318 1190 tenacissimus
2362 1129 2509 1189 alias
2555 1149 2648 1189 co-

311 1217 509 1276 dicum
555 1217 862 1294 defensor,
911 1220 1017 1317 qui
1049 1214 1085 1276 ὅ
1131 1220 1204 1278 ad
1236 1219 1450 1278 Talum
1484 1218 1866 1277 referendum
1896 1234 2023 1276 esse
2055 1216 2419 1289 existimans,
2451 1215 2649 1274 locum

310 1302 392 1359 sic
449 1304 739 1378 corrupit:
802 1297 992 1380 αὖταρ
1038 1299 1074 1363 ὃ
1117 1296 1226 1381 τήν
1268 1323 1334 1383 γε
1380 1302 1392 1380 Ι
1442 1299 1906 1378 λεπτοσύνην
1961 1297 2051 1376 ἔχε
2107 1303 2222 1360 etc.
2296 1300 2647 1359 Rectissime

309 1386 553 1462 vulgata
596 1408 659 1447 se
705 1388 887 1448 habet
951 1393 1039 1449 ita
1094 1389 1472 1466 explicanda:
1543 1390 1687 1464 „sed
1744 1387 1939 1446 tenuis
1995 1386 2162 1444 illam
2220 1403 2435 1444 venam
2492 1387 2646 1444 cutis

308 1471 568 1547 tenebat,
615 1473 654 1530 i.
688 1492 739 1532 e.
773 1475 1218 1550 circumdabat,
1251 1476 1410 1534 vitae
1442 1473 1774 1549 mortisque
1804 1469 2151 1532 terminus.“
2198 1469 2464 1546 Πείρατα
2496 1467 2647 1546 ζωῆς

307 1552 408 1614 καὶ
451 1550 742 1615 θανάτοιο
786 1561 1089 1634 appositio
1135 1564 1228 1619 est
1270 1560 1576 1637 hymenis,
1621 1559 1726 1633 qui
1769 1559 1929 1616 recte
1971 1557 2058 1614 ita
2102 1556 2350 1630 dicitur,
2399 1574 2531 1614 cum
2576 1574 2645 1615 eo

310 1644 595 1717 perrupto
639 1643 811 1719 gigas
856 1646 1181 1704 moriturus
1228 1645 1322 1703 sit.
1400 1643 1657 1703 Pluralis
1703 1641 2007 1702 sollemnis
2052 1644 2144 1699 est
2198 1641 2260 1699 in
2318 1640 2428 1699 hac
2485 1641 2643 1700 locu—

309 1727 494 1801 tione,
540 1746 718 1802 quam
763 1733 999 1804 praeter
1027 1731 1311 1806 Meleagr.
1357 1729 1517 1804 XXI,
1565 1730 1603 1787 8
1654 1725 1928 1804 [Anthol.
1976 1723 2078 1784 Gr.
2124 1725 2154 1783 I
2197 1745 2257 1800 p.
2307 1727 2342 1784 9
2390 1725 2480 1784 ed.
2526 1725 2644 1785 Iac.

306 1808 500 1887 (Lips.
554 1807 807 1891 1794)],
852 1834 1028 1890 quem
1073 1815 1269 1875 locum
1326 1814 1691 1874 Wellaucrus
1750 1812 2026 1886 adduxit,
2084 1810 2266 1869 etiam
2318 1810 2523 1870 videas
2583 1813 2644 1869 in

313 1915 489 1955 versu
519 1897 728 1957 incerti
772 1902 1034 1960 auctoris
1080 1901 1235 1976 apud
1270 1900 1439 1960 Stob.
1470 1898 1598 1957 Ecl.
1630 1897 1813 1973 Phys.
1844 1894 1893 1971 I,
1927 1898 1962 1954 3
1995 1892 2110 1972 (2),
2145 1898 2202 1970 9,
2237 1891 2319 1975 [p.
2355 1896 2433 1954 28
2465 1895 2645 1954 Heer.

311 1981 349 2038 8
383 1979 593 2058 Mein.]
641 2002 819 2059 quem
864 1984 1123 2045 feliciter
1164 1984 1507 2045 emendavit
1540 1981 1907 2044 Wernickius
1948 1980 2024 2039 ad
2056 1979 2386 2057 Tryphiod.
2417 2000 2478 2056 p.
2503 1981 2648 2040 333.

1249 2239 1716 2316 Oppianus

474 2373 609 2432 Duo
656 2374 1092 2435 diversissimae
1135 2375 1354 2435 indolis
1398 2375 1691 2448 carmina,
1741 2391 1894 2448 quae
1939 2373 2049 2431 sub
2095 2370 2354 2447 Oppiani
2397 2373 2640 2433 nomine

309 2458 838 2535 circumferuntur,
897 2462 1087 2520 multo
1132 2462 1321 2538 magis
1367 2462 1558 2519 adhuc
1603 2460 1879 2533 corrupta
1931 2459 2154 2533 iacere,
2215 2477 2396 2534 quam
2456 2460 2641 2534 Apol-

310 2543 540 2604 lonium
596 2544 926 2622 Rhodium,
986 2541 1083 2606 v'el
1141 2548 1399 2623 primum
1465 2544 1688 2623 legenti
1753 2542 1927 2604 facile
1981 2544 2044 2603 in
2106 2543 2306 2604 oculos
2366 2546 2642 2605 occurrit.

304 2629 460 2688 Nam
503 2649 696 2707 neque
740 2632 969 2691 codices
1014 2634 1159 2692 satis
1204 2635 1475 2693 accurate
1535 2629 1769 2704 collati,
1823 2648 1961 2705 nec,
2020 2649 2170 2707 quae
2215 2649 2285 2689 ex
2342 2630 2643 2691 codicibus

305 2714 379 2772 ad
424 2716 607 2774 verba
658 2717 969 2794 utriusque
1013 2720 1224 2793 poetae
1267 2717 1642 2778 emendanda
1684 2713 1956 2774 adhiberi
1999 2717 2304 2792 poterant,
2351 2716 2495 2775 satis
2540 2717 2640 2775 ad-
2675 2728 2733 2775 11

311 2798 502 2858 hibita
545 2804 714 2876 sunt,
763 2807 825 2861 et
869 2802 1026 2860 haud
1072 2821 1262 2878 pauca
1304 2805 1455 2862 vitia
1497 2800 1595 2861 vel
1641 2799 1914 2859 omnibus
1960 2800 2261 2859 codicibus
2304 2802 2640 2876 antiquiora

306 2884 607 2943 videntur.
681 2885 1066 2947 Schneider-us
1111 2890 1339 2963 autem,
1387 2908 1422 2946 a
1465 2905 1584 2962 quo
1613 2884 1707 2944 bis
1739 2903 1808 2943 ea
1838 2886 2099 2944 carmina
2142 2885 2303 2943 edita
2346 2905 2473 2945 esse
2503 2905 2640 2947 con-

308 2971 462 3042 stat,
507 2973 578 3028 ut
620 2973 749 3028 erat
791 2972 887 3031 vir
928 2973 1080 3032 varii
1125 2976 1187 3033 et
1229 2974 1293 3032 in
1339 2969 1775 3032 diversissimas
1806 2970 2166 3047 philologiae
2195 2973 2396 3046 partes
2440 2970 2638 3032 diffusi

303 3053 556 3129 laboris,
604 3055 846 3116 minime
890 3077 960 3116 ea
1001 3059 1066 3117 in
1112 3058 1185 3117 iis
1242 3057 1617 3118 recensendis
1661 3073 1805 3114 usus
1851 3060 1944 3115 est
1998 3055 2334 3115 constantia
2389 3059 2451 3115 et
2506 3057 2639 3115 dili-

308 3137 544 3215 gentia,
599 3143 666 3199 ut
723 3142 977 3219 singulis
1022 3143 1085 3201 in
1142 3143 1288 3203 locis
1334 3143 1436 3202 diu
1493 3144 1553 3201 et
1597 3140 1767 3199 anxie
1813 3143 2150 3217 quaereret,
2208 3139 2351 3217 quid
2408 3143 2512 3199 aut
2567 3163 2636 3202 ex

304 3223 574 3284 codicum
618 3228 976 3286 auctoritate
1022 3230 1125 3286 aut
1170 3247 1239 3286 ex
1285 3228 1472 3303 ipsius
1529 3228 1743 3302 poetae
1796 3230 2011 3285 natura
2055 3230 2116 3285 et
2160 3225 2455 3285 scribendi
2499 3245 2639 3286 con-

308 3310 625 3371 suetudine
668 3312 1062 3386 probabiliter
1107 3314 1186 3371 sit
1230 3311 1655 3388 reponendum.
1730 3311 2041 3370 Interdum
2086 3311 2269 3371 etiam
2314 3314 2641 3371 communi-

305 3393 443 3469 bus,
493 3394 593 3470 qui
637 3400 767 3454 tum
813 3397 1006 3457 adhuc
1044 3398 1358 3474 vigebant,
1405 3396 1707 3457 erroribus
1751 3399 2127 3457 transversus
2157 3400 2323 3455 actus
2368 3399 2475 3472 est,
2523 3416 2641 3473 quo

307 3481 571 3553 pertinet
614 3482 905 3555 particula
947 3472 1014 3541 δέ
1058 3501 1230 3558 saepe
1275 3501 1306 3541 e
1344 3484 1683 3542 coniectura
1725 3481 1789 3539 in
1819 3471 1878 3539 τὲ
1908 3485 1971 3541 et
1999 3482 2335 3541 coniunctio
2381 3478 2435 3538 εἰ
2458 3501 2639 3558 prop-

311 3567 403 3622 ter
459 3569 807 3639 sequentem
853 3567 1300 3627 coniunctivum
1352 3568 1416 3627 in
1469 3563 1551 3643 ἤν
1604 3567 1856 3625 mutata.
1947 3567 2160 3643 Itaque
2213 3566 2379 3642 larga
2434 3571 2639 3627 manet

304 3648 507 3707 futuro
553 3646 1016 3726 Oppianicorum
1062 3652 1278 3712 editori
1322 3653 1549 3713 messis·
1624 3651 1806 3711 Cuius
1855 3655 2055 3712 tamen
2098 3651 2361 3727 aliquam
2404 3655 2637 3726 partem

308 3734 641 3809 praeripuit
684 3735 919 3812 sibique
962 3737 1287 3797 vindicavit
1341 3739 1434 3797 vir
1487 3740 1549 3796 in
1594 3738 1689 3796 his
1733 3736 2121 3813 scriptoribus
2175 3736 2632 3812 versatissimus,

302 3817 611 3887 LehrsiuS‚
668 3823 772 3896 qui
829 3822 892 3879 in
948 3821 1367 3882 dissertatione
1413 3825 1481 3882 dc
1534 3823 2004 3882 Halieuticorum
2061 3828 2113 3882 et
2168 3820 2636 3895 Cyneqeticorum

304 3904 724 3977 discrepantia,
770 3925 950 3982 quam
995 3909 1427 3980 quaestionibus
1467 3909 1674 3983 Epicis
1716 3928 1774 3983 p.
1824 3908 2158 3967 306—324
2204 3906 2484 3982 inseruit,
2534 3908 2634 3967 ob·

304 3990 666 4049 servationes
711 3989 1202 4067 diligentissimas
1245 3997 1308 4053 et
1351 3994 1703 4054 utilissimas
1749 3992 1822 4050 de
1852 3993 2162 4068 utriusque
2207 3992 2484 4051 carminis
2515 3993 2632 4052 dic·

304 4074 468 4133 tione
513 4077 577 4133 et
635 4074 871 4152 legibus
924 4078 1184 4137 metricis
1248 4080 1577 4154 proposuit.
1664 4076 1960 4153 Equidem
2016 4076 2077 4134 in
2133 4076 2255 4149 his,
2313 4094 2464 4150 quae
2514 4078 2632 4136 iam

306 4158 598 4218 allaturus
643 4180 792 4236 sum,
840 4162 1086 4221 eandem
1129 4181 1453 4239 persequar
1494 4181 1796 4236 normam,
1856 4163 1925 4218 ut
1978 4160 2101 4219 fere
2157 4178 2257 4219 eos
2313 4159 2475 4220 locos
2531 4162 2632 4220 ad-

303 4241 511 4303 ducam
532 4289 546 4318 ,
593 4244 656 4303 in
699 4246 916 4320 quibus
946 4249 1007 4305 et
1036 4249 1320 4307 mendum
1350 4253 1653 4324 apertum,
1701 4251 1761 4306 et
1803 4245 1961 4304 haud
1992 4243 2403 4320 improbabilis
2436 4264 2631 4306 emen·

299 4326 463 4387 datio
509 4347 545 4387 a
586 4349 681 4388 me
725 4331 970 4391 inventa
1011 4332 1157 4392 mihi
1203 4334 1492 4394 videatur.
