3132 5129
1318 343 1764 408 -263-

547 499 620 558 In
664 499 1049 575 sequentibus
1098 502 1431 560 123—136
1479 504 1549 560 te
1568 502 1865 560 rnariae
1910 504 2143 560 tantum
2190 501 2467 576 strophae
2511 522 2709 579 super-

376 587 523 646 sunt
564 587 865 660 quattuor,
913 604 982 644 ex
1029 585 1249 662 quibus
1295 588 1495 645 tamen
1528 587 1783 661 primam
1821 587 2154 645 123-125
2188 589 2256 644 ut
2286 600 2529 661 prorsus
2559 588 2711 645 alius

377 669 680 730 doctrinae
748 688 883 729 cum
926 669 1231 730 Gerhardo
1294 691 1329 729 a
1393 671 1652 746 pristina
1697 670 2040 747 Theogonis
2105 671 2368 730 abfuisse
2435 672 2714 732 arbitror.

375 755 819 830 Relinquuntur
846 754 1034 832 igitur
1069 757 1187 816 126
1204 775 1294 831 sq.
1328 760 1388 815 et
1423 757 1561 815 129.
1601 756 1951 814 131—133.
1979 758 2329 819 134—136.
2380 757 2718 815 Fallet-etur

375 840 567 914 enim,
621 840 726 915 qui
781 839 1071 899 secundae
1129 841 1408 917 strophae
1452 859 1661 900 versus
1704 840 2128 900 insulsissimos
2177 842 2296 900 128
2338 845 2398 900 et
2434 843 2553 900 130
2596 843 2713 900 iam

375 926 449 983 ab
509 925 700 984 altero
742 927 922 1001 poeta
964 925 1201 985 additos
1247 945 1376 986 esse
1420 928 1684 1002 putaret,
1751 944 2114 1001 quamquam
2161 925 2573 985 Schoemanno
2618 927 2715 985 de-

375 1009 643 1069 fendenti
687 1028 787 1069 eos
834 1010 952 1069 iam
997 1010 1060 1068 in
1090 1011 1500 1069 Pisistrateam
1546 1011 2037 1085 compositionem
2082 1013 2356 1085 receptos
2401 1030 2528 1071 esse
2575 1030 2711 1070 oon-

374 1094 596 1153 cedam.
685 1094 804 1153 Sed
859 1096 1084 1155 versari
1138 1113 1249 1153 nos
1306 1096 1547 1154 omnino
1595 1096 1655 1153 in
1701 1095 1832 1154 loco
1876 1094 2088 1155 misere
2133 1098 2415 1170 corrupto
2457 1097 2555 1156 vel
2599 1096 2709 1153 du-

377 1180 515 1256 plex
562 1180 776 1237 vitium
821 1198 934 1237 τοι
977 1184 1040 1239 et
1083 1175 1310 1260 ἑαυτῇ
1355 1200 1412 1239 v.
1452 1181 1570 1240 126
1602 1180 1894 1256 ostendit,
1940 1200 2117 1256 quem
2147 1185 2305 1239 reete
2335 1180 2711 1241 Hermannus

373 1264 744 1324 emendavit:

681 1383 835 1441 Γαῖα
878 1377 947 1441 δέ
987 1381 1064 1441 οἵ
1098 1390 1338 1457 πρῶτον
1378 1378 1490 1459 μὲν
1533 1379 1796 1462 ἐγείνατο
1838 1378 2165 1442 πάντοσε
2211 1374 2374 1458 ἴσον,

372 1501 490 1560 nisi
533 1502 597 1560 in
641 1501 757 1561 fine
800 1502 1099 1577 praeferas
1143 1492 1276 1560 ἶσον
1319 1493 1553 1560 ἐόντα.
1609 1503 1692 1562 Et
1735 1503 2130 1578 suspicionem
2176 1503 2368 1561 movit
2412 1503 2528 1561 iam
2572 1504 2708 1562 aliis

369 1587 525 1645 haud
570 1587 788 1646 iniuria
832 1582 1151 1664 πέλαγος
1185 1619 1260 1629 —-
1294 1585 1532 1665 οἴδματι
1577 1591 1772 1663 θῦον,
1809 1583 1820 1668 Ι
1862 1584 2156 1645 Πόντον
2205 1590 2456 1663 131sq.,
2502 1608 2707 1664 quam-

366 1690 546 1747 quam
594 1690 690 1732 me
732 1690 853 1731 non
897 1672 1060 1749 fugit
1103 1673 1284 1731 etiam
1333 1675 1453 1732 189
1470 1692 1560 1749 sq.
1607 1676 1928 1752 utramque
1974 1673 2355 1733 coniunctum
2403 1673 2542 1749 legi.

537 1756 610 1815 In
665 1756 1054 1833 sequentibus
1121 1758 1419 1833 quomodo
1485 1762 1804 1834 utraque
1872 1758 2058 1818 editio
2114 1762 2456 1835 comparata
2510 1758 2705 1833 fuerit,

368 1840 527 1900 haud
572 1841 1051 1917 improbabiliter
1097 1842 1502 1902 demonstrare
1547 1843 1694 1903 mihi
1739 1843 1972 1904 videor:

900 1976 956 2035 A
2110 1979 2159 2036 B
2748 1972 2808 2017 19

425 2091 567 2167 τοὺς
589 2090 650 2153 ὁ
631 2116 656 2153 ε
678 2089 823 2173 μέθ’
841 2090 1158 2168 ὁπλότατος
1176 2090 1378 2197 γένετο
1770 2088 1910 2170 τούς
1926 2093 1992 2156 δὲ
2010 2093 2158 2172 μέθ’
2177 2092 2496 2169 ὁπλότατος
2509 2093 2706 2177 γένετο

629 2179 855 2259 Κρόνος
884 2173 1196 2259 ἆγκυλομή
1199 2202 1302 2257 της
1386 2191 1480 2239 137
1952 2181 2182 2261 Κρόνος
2213 2177 2646 2262 ἀγκυλομήτης.

363 2265 704 2338 δεινότατος
734 2264 999 2325 παίδων·
1028 2262 1292 2345 θαλερὸν
1315 2262 1374 2325 δ’
1586 2284 1684 2333 207
1722 2279 1802 2333 αὐ
1816 2296 1849 2331 τ
1863 2282 1941 2347 ἀρ
1968 2281 2000 2334 ὃ
2025 2282 2146 2334 τοὺ
2159 2298 2187 2345 ς
2210 2281 2454 2347 Τιτῆνας
2479 2280 2701 2348 ἑπίκλη·

619 2348 852 2429 ἤχθηρε
894 2358 1078 2428 τοκῆα
1961 2380 2051 2419 σιν
2088 2366 2356 2419 καλέεσκε

367 2434 483 2518 [ἐξ
527 2430 567 2495 ἆ
581 2458 615 2515 ρ
627 2458 660 2514 χ
672 2444 714 2514 ἥ
727 2453 786 2508 ς·
833 2456 878 2495 π
891 2458 925 2538 ρ
938 2430 970 2494 ό
986 2459 1014 2493 τ
1028 2457 1054 2495 ε
1069 2458 1102 2514 ρ
1114 2456 1186 2508 ος
1232 2459 1268 2515 γ
1280 2433 1318 2494 ἃ
1335 2458 1369 2515 ρ
1721 2451 1923 2513 παῖδας
1949 2448 2207 2503 νεικείων
2231 2450 2401 2514 μέγας
2423 2450 2700 2516 Οὐρανός,

532 2515 791 2582 ἀεικέα
820 2519 1102 2600 μήσατο
1137 2518 1367 2601 ἔργα]
1956 2534 2054 2599 οὓς
2094 2532 2704 2600 τέκετ’(εἰοέ)αὐτός·

965 2616 1062 2666 166
1077 2607 1154 2686 -†-
1176 2616 1479 2665 166=172
1721 2621 1905 2687 φάσκε
1929 2620 1991 2674 δὲ
2014 2619 2372 2683 τιταίνοντας
2391 2620 2701 2689 ἀτασθαλίῃ

1955 2705 2098 2771 μέγα
2135 2705 2287 2771 ῥέξαι

1582 2794 1683 2843 210
1717 2791 1911 2858 ἔργον,
1946 2796 2071 2843 τοῖο
2090 2790 2364 2843 δ’ἐπειτα
2396 2789 2545 2843 τίσιν
2570 2806 2700 2856 μετ·

1956 2875 2155 2929 όπισθε
2192 2874 2470 2939 γενέσθαι.

1587 2964 1682 3015 139
1784 2959 2012 3024 γείνατο
2031 2961 2063 3013 δ
2077 2961 2091 2980 ’
2108 2959 2179 3013 αὖ
2202 2960 2515 3023 Κύκλωπας
2534 2960 2701 3028 ὑπὲρ·

1956 3047 2077 3109 βιον
2112 3045 2254 3111 ἦτορ
2291 3045 2525 3111 ἔχοντας

1721 3130 1979 3196 Βρόντην
2030 3146 2096 3183 τε
2143 3128 2439 3196 Ετερόπην
2490 3146 2556 3183 τε
2610 3131 2701 3184 καί

1957 3215 2172 3281 Ἄργην
2209 3215 2652 3281 ὀμβριμόθυμον·

1589 3304 1682 3352 144
1722 3300 2032 3362 Κύκλωπες
2056 3300 2106 3353 δ’
2132 3299 2294 3364 ὄνομ’
2311 3300 2461 3366 ἦσαν
2481 3300 2697 3353 ἐπώνυ-

1960 3401 2094 3450 μον,
2132 3385 2320 3438 οὕνεκ’
2353 3385 2462 3452 ἄρα
2499 3385 2698 3451 σφέων

1718 3472 2056 3537 κυκλοτερὴς
2110 3470 2404 3536 ὀφθαλμὸς
2440 3471 2547 3534 ἕεις
2581 3470 2695 3524 ἐνέ-

1951 3571 2103 3608 κειτο
2141 3555 2417 3622 μετώπῳ·

1520 3605 1526 3770 Ι
1715 3640 1871 3706 ἰσχὺς
1917 3640 1981 3693 δ’
2025 3640 2125 3706 ἠδὲ
2170 3639 2261 3706 βίη
2316 3641 2408 3693 καί
2457 3642 2697 3707 μηχαναὶ

1950 3724 2101 3790 ἦσαν
2138 3723 2242 3777 ἐπ’
2276 3724 2475 3790 ἔργοις.

411 3810 590 3874 ὅσσοι
632 3810 747 3892 γὰρ
779 3812 964 3889 Γαίης
1011 3836 1070 3874 τε
1109 3810 1215 3879 καὶ
1244 3808 1360 3873 Οὗ-
1521 3773 1526 3854 i
1763 3811 1930 3873 ἄλλοι
1985 3805 2037 3868 δ’
2101 3804 2183 3872 αὖ
2239 3811 2424 3887 Γαίης
2482 3834 2540 3872 τε
2594 3811 2696 3873 καὶ

609 3899 798 3972 ρανοῦ
842 3896 1205 3978 ἐξεγένοντο,
1377 3908 1473 3956 154
1522 3883 1526 3998 a
1965 3892 2249 3975 Οὐρανοῦ
2293 3893 2631 3977 ἐξεγένοντο

1522 4013 1525 4056 α
1709 4001 1860 4063 τρεῖς
1889 3996 2082 4057 παῖδες
2110 3995 2340 4061 μεγάλοι
2366 4011 2439 4049 τε
2476 3998 2566 4049 καὶ
2595 3996 2690 4062 ὄμ-

1521 4089 1525 4132 ι
1949 4082 2147 4146 βριμοι,
2185 4080 2291 4134 οὐκ
2321 4081 2655 4148 ὀνομαστοί,

1715 4168 1926 4229 Κόττος
1959 4181 2025 4219 τε
2050 4164 2334 4232 Βριάρεώς
2357 4182 2419 4220 τε
2448 4167 2587 4234 Γύης
2611 4169 2694 4234 θ’,

1949 4251 2293 4317 ὑπερήφανα
2324 4251 2523 4318 τέκνα,

1578 4343 1674 4392 150
1708 4342 1831 4390 τῶν
1852 4335 2058 4391 ἑκατὸν
2082 4335 2183 4401 μὲν
2202 4341 2382 4403 χεῖρες
2401 4338 2692 4405 ἀπ’ὠμων

1950 4421 2246 4488 ἀίσσοντο,

1520 4399 1523 4432 1
