3132 5129
1255 377 1716 441 -591—

320 538 583 598 virorum
617 535 1080 595 fortissimorum
1112 554 1146 593 a
1187 535 1502 595 iuvenibus
1548 534 1898 610 singulatim
1928 532 2264 593 errantibus
2294 536 2474 608 atque
2505 533 2657 590 male

327 622 570 681 armatis
617 623 738 680 tam
785 621 984 680 subito
1030 623 1313 695 poterant
1375 620 1694 694 trucidari,
1757 622 1825 677 ut
1877 637 2050 677 nemo
2096 638 2166 677 ex
2210 619 2283 678 iis
2329 619 2663 676 ceterorum

321 709 482 768 sorte
527 706 766 783 cognita
809 704 1121 781 effugeret,
1169 708 1348 780 atque
1392 705 1480 763 ita
1524 704 1857 763 clanculum
1903 703 2183 779 opprimi,
2231 707 2299 762 ut
2341 721 2667 778 numquam

320 794 809 868 cognosceretur,
868 790 1167 866 quomodo
1214 790 1436 866 singuli
1482 791 1681 848 essent
1736 788 2082 847 interfecti?
2174 788 2449 863 Accedit,
2508 787 2665 862 quod

321 895 430 936 nec
479 876 856 951 Thucydides
900 894 1018 933 uno
1063 875 1247 935 verbo
1293 876 1560 950 cryptiae
1605 868 1968 932 mentionem
2027 873 2200 947 facit,
2245 877 2309 932 et
2352 875 2664 948 repugnat,

319 962 419 1037 qui
471 962 718 1020 eandem
764 979 889 1018 rem
932 960 1146 1034 refert,
1206 959 1446 1018 Diodor.
1494 958 1680 1018 Sicul.
1720 958 1868 1032 XII,
1918 960 2030 1029 67,
2086 957 2254 1018 cuius
2299 957 2443 1016 haec
2487 956 2670 1016 verba

322 1048 495 1105 sunt:
548 1039 1101 1124 Ἀπογραψαμὲνων
1156 1039 1221 1102 δὲ
1279 1042 1616 1119 δισχιλίων,
1674 1034 1917 1112 τούτους
1974 1036 2085 1118 μὲν
2138 1036 2504 1119 προσέταξαν
2548 1043 2668 1109 τοῖς

320 1129 650 1205 κρατίστοις
693 1122 1043 1187 ἀποκτεῖναι
1109 1122 1251 1186 κατ’
1312 1119 1477 1186 οἶκον
1534 1122 1799 1188 ἑκάστου.
1902 1126 2081 1186 Cuius
2135 1127 2400 1185 narratio
2466 1129 2666 1184 utrum

323 1234 463 1275 vera
508 1216 587 1273 sit
630 1234 845 1289 necne,
892 1233 1050 1272 nunc
1091 1233 1211 1273 non
1252 1233 1566 1288 possumus
1615 1214 1869 1289 amplius
1918 1213 2279 1286 discernere3
2326 1213 2438 1269 hoc
2466 1214 2667 1269 tamen

324 1304 586 1375 apparet,
632 1301 750 1358 iam
794 1301 857 1358 in
891 1299 1193 1360 veteribus
1239 1299 1439 1373 fuisse,
1489 1299 1593 1374 qui
1644 1298 1795 1357 illud
1842 1298 2070 1357 facinus
2115 1317 2150 1355 a
2193 1298 2427 1372 cryptia
2472 1295 2664 1354 seiun-

324 1387 554 1461 gerent.
644 1385 797 1444 Nam
844 1404 914 1444 ex
959 1384 1266 1443 Plutarchi
1313 1386 1513 1443 mente
1571 1383 1867 1442 interfecti
1913 1386 2083 1442 erant
2127 1382 2189 1439 in
2234 1381 2392 1457 agris
2438 1380 2668 1454 viisque

323 1469 598 1544 publicis.

493 1554 587 1613 Ita
647 1573 777 1613 cum
841 1555 904 1611 in
961 1554 1191 1629 cryptia
1235 1554 1363 1629 ipsa
1407 1552 1708 1611 interdum
1753 1552 2006 1610 Helotae
2050 1570 2086 1609 a
2130 1550 2444 1609 iuvenibus
2491 1548 2665 1624 Spar-

327 1639 485 1698 tanis
529 1638 1023 1713 interficerentur,
1070 1638 1298 1712 Ephori
1345 1643 1561 1712 autem,
1610 1640 1678 1695 ut
1723 1637 1971 1695 Helotas
2018 1636 2131 1694 sibi
2176 1636 2483 1709 suspectos
2513 1652 2665 1692 com-

325 1724 791 1799 prehenderent,
858 1724 1134 1782 emittere
1180 1724 1442 1782 solerent
1485 1722 1952 1781 adolescentium
1998 1720 2399 1780 validissimos
2442 1737 2508 1778 ac
2551 1719 2667 1776 sor-

327 1809 623 1883 tissimOS,
681 1814 984 1885 praeterea
1039 1811 1238 1866 autem
1285 1828 1392 1883 per
1435 1807 1682 1866 insidias
1725 1825 2167 1881 nonnumquam
2221 1805 2263 1864 ii
2319 1806 2505 1879 servi,
2563 1802 2667 1879 qui

330 1894 532 1952 animo
579 1913 648 1953 ac
691 1895 904 1953 robore
949 1893 1332 1968 excellerent,
1381 1893 1887 1968 opprimerentur:
1936 1891 2207 1966 profecto
2251 1909 2372 1948 non
2429 1907 2666 1966 magno-

332 1997 476 2053 pere
521 1979 856 2037 mirandum
904 1981 1014 2053 est,
1062 1978 1204 2037 haec
1250 1979 1449 2036 omnia
1493 1979 1568 2035 ab
1616 1976 1924 2036 Heraclide
1969 1979 2031 2035 et
2061 1975 2379 2034 Plutarcho
2409 1975 2496 2033 ita
2540 1994 2666 2034 esse

328 2063 677 2139 commixta,
738 2068 806 2121 ut
853 2063 1185 2138 Spartanos
1242 2064 1482 2121 iuvenes
1539 2082 1608 2121 eo
1666 2062 1911 2120 consilio
1969 2062 2033 2119 in
2092 2079 2265 2136 agros
2315 2064 2666 2134 montesque

330 2149 543 2208 missos
590 2151 905 2223 putarent,
952 2150 1022 2206 ut
1065 2146 1412 2210 Helotarum
1460 2147 1931 2220 valentissimOS,
1977 2165 2153 2222 quam
2198 2145 2488 2220 plurimos
2533 2162 2665 2216 pos·

328 2237 492 2307 sent,
540 2233 919 2291 fraudulenta
963 2231 1140 2292 caede
1188 2231 1545 2307 iugularent.

495 2317 659 2376 Haec
700 2318 824 2376 fere
868 2321 1064 2391 erant,
1122 2335 1272 2392 quae
1315 2316 1460 2374 mihi
1507 2318 1580 2373 de
1617 2314 2231 2374 'Lacedaemoniorum
2288 2313 2520 2388 cryptia
2564 2331 2660 2370 ex-

326 2402 603 2477 ponenda.
646 2402 1035 2476 videbantur3
1096 2420 1244 2475 quae
1300 2402 1573 2476 quamvis
1628 2399 1787 2457 haud
1845 2399 2113 2474 ignorem
2168 2417 2297 2456 esse
2341 2416 2535 2473 neque
2580 2398 2664 2454 ita

327 2487 521 2563 plena,
569 2490 638 2545 ut
681 2486 830 2545 nihil
876 2487 1061 2560 adici,
1109 2505 1299 2561 neque
1344 2486 1430 2544 ita
1473 2484 1735 2558 firmata,
1783 2487 1850 2541 ut
1894 2483 2039 2542 nihil
2084 2483 2277 2558 possit
2320 2480 2666 2557 reprehendi

326 2576 429 2631 aut
495 2573 851 2632 contradici:
934 2590 1107 2647 spero
1175 2576 1400 2646 tamen,
1473 2570 1584 2628 Vir
1656 2569 2064 2643 Amplissime,
2131 2586 2253 2626 non
2327 2568 2666 2626 defuturam

328 2657 471 2715 mihi
514 2676 643 2717 esse
687 2659 919 2716 veniam
962 2657 1148 2715 Tuam
1198 2660 1373 2732 atque
1416 2655 1879 2729 humanitatem,
1928 2653 2114 2713 sicubi
2159 2671 2269 2729 ego
2315 2653 2378 2711 in
2421 2653 2668 2710 materia

325 2744 449 2800 tam
475 2742 724 2802 obscura
756 2743 1079 2818 digerenda
1110 2743 1452 2815 erraverim,
1502 2759 1635 2800 cum
1683 2739 1913 2798 viribus
1958 2739 2104 2797 meis
2147 2738 2281 2813 plus
2325 2738 2486 2796 iusto
2532 2756 2663 2795 con-

326 2826 526 2902 fidere,
574 2847 751 2903 quam
796 2828 950 2903 grati
997 2827 1179 2886 animi
1225 2826 1580 2886 ostendendi
1624 2824 2059 2901 opportunitati
2107 2824 2309 2882 deesse
2340 2823 2665 2882 maluerim.

2702 2323 2769 2371 24
