3132 5129
1328 373 1749 437 -93-

360 549 488 588 cum
534 530 768 589 Iunone
812 532 872 588 in
921 531 975 587 E
1018 535 1345 607 susceptam
1402 531 1589 590 alludi
1647 531 2005 590 clamaturos
2059 550 2163 590 suo
2221 533 2349 590 iure
2404 535 2523 593 scio
2568 536 2698 594 uni-

361 616 575 674 tarios!
625 615 882 676 Gravius
927 620 1048 690 est,
1095 617 1250 691 quod
1298 622 1359 675 et
1403 617 1566 675 omni
1612 620 1775 675 caret
1815 618 2268 675 ratiocinatione
2314 619 2456 677 satis
2502 620 2700 678 ieiuna

360 701 664 776 Apollinis
711 702 900 759 oratio
947 720 1051 760 nec
1094 702 1252 777 quod
1296 701 1659 776 respondeat
1707 701 1870 759 aliud
1926 702 2145 760 habeat
2198 702 2307 760 dea
2362 721 2492 761 cum
2552 705 2698 763 fero-

362 787 597 844 cissima
628 789 755 843 tum
790 787 1255 860 prudentissima
1286 788 1399 846 nisi
1446 786 1576 857 hoc,
1623 786 1696 844 ad
1745 786 1965 844 bellum
2014 787 2412 844 dirimendum
2458 789 2694 862 quidem

360 890 422 928 se
467 877 529 928 et
573 871 762 945 ipsam
812 872 1058 944 venisse,
1106 871 1208 929 sed
1254 871 1314 929 id
1357 871 1654 946 quomodo
1697 872 2126 929 instituendum
2174 873 2253 929 sit
2294 873 2370 930 ab
2419 874 2700 948 Apolline

361 975 423 1013 se
488 956 813 1013 sciscitare.
913 955 1037 1015 Nec
1099 956 1368 1030 profecto
1439 955 1696 1014 multum
1765 955 1974 1023 habet,
2048 975 2163 1031 quo
2231 958 2696 1032 commendetur,

361 1040 662 1114 Apollinis
708 1041 1053 1114 consilium,
1112 1059 1245 1098 cum
1292 1041 1457 1099 nulla
1489 1042 1731 1098 omnino
1762 1041 2081 1116 singularis
2111 1043 2450 1100 certaminis
2480 1042 2696 1103 Hecto-

359 1145 486 1182 rem
545 1127 700 1182 'mter
754 1128 819 1183 et
871 1126 1066 1183 nescio
1122 1144 1295 1199 quem
1342 1124 1700 1183 Graecorum
1758 1125 2110 1183 instituendi
2167 1145 2341 1184 causa
2396 1132 2501 1185 aut
2544 1131 2697 1187 ratio

311 1221 314 1224 '
360 1210 685 1285 excogitari
761 1211 971 1285 possit.
1073 1209 1241 1278 Quod
1298 1211 1474 1286 longe
1529 1211 1704 1268 aliter
1760 1210 1877 1268 fuit
1940 1211 2001 1268 in
2066 1210 2172 1268 illa
2225 1210 2458 1269 Paridis
2518 1216 2698 1288 atque

363 1294 616 1352 Menelai
673 1295 1112 1365 monomachia,
1170 1315 1288 1369 qua
1343 1296 1488 1370 quin
1544 1296 1739 1369 ipsum
1797 1294 2018 1357 bellum
2076 1314 2217 1369 pace
2273 1301 2572 1355 mutatum
2619 1300 2698 1355 sit

362 1398 542 1453 quam
598 1397 808 1453 parum
852 1379 1115 1438 abfuerit
1160 1397 1333 1437 nemo
1379 1380 1601 1453 nescit,
1653 1381 1736 1437 ita
1781 1383 1847 1437 ut
1894 1380 1988 1438 bic
2035 1398 2272 1455 quoque
2318 1380 2694 1440 decantatum

360 1463 509 1521 illud
555 1483 721 1522 suam
769 1465 890 1523 vim
935 1465 1214 1541 retineat,
1261 1497 1343 1506 —-
1387 1483 1527 1522 non
1588 1482 1747 1522 esse
1804 1464 2030 1536 idem,
2094 1465 2235 1522 duo
2293 1466 2350 1523 si
2410 1467 2699 1525 faciant

361 1547 588 1606 idem!
1223 1600 1228 1606 .

530 1633 697 1691 Nihil
743 1633 817 1690 ad
864 1652 933 1691 ea
977 1633 1123 1692 dicit
1165 1634 1450 1708 Minerva,
1496 1633 1649 1691 nihil
1693 1652 2051 1709 quamquam
2101 1635 2354 1708 „dicto
2399 1635 2698 1710 Apollinis

360 1737 630 1793 parens
677 1716 784 1794 (43
831 1710 966 1775 οὐδ’
1021 1711 1283 1792 ἀπίθησε
1320 1717 1353 1747 “
1401 1719 1572 1793 facit,
1632 1736 1750 1793 quo
1807 1719 2036 1777 vafrum
2084 1720 2237 1777 illud
2282 1720 2591 1778 consilium
2638 1727 2698 1781 et

361 1821 494 1861 cum
540 1802 797 1861 Hectore
842 1804 1308 1861 communicetur
1350 1803 1797 1878 proponendum
1853 1809 1913 1862 et
1958 1801 2194 1862 Graecis
2253 1807 2698 1865 commendetur

359 1888 795 1962 accipiendum.
884 1888 1007 1946 Nec
1049 1887 1267 1963 Apollo
1312 1887 1582 1963 quidem,
1641 1888 1810 1946 cuius
1854 1889 1937 1947 rei
1982 1892 2284 1948 auctorem
2330 1908 2390 1947 se
2436 1910 2697 1965 pronun·

361 1974 557 2044 tiavit,
605 1973 867 2031 eiusdem
911 1976 1170 2031 actorem
1218 1991 1279 2030 se
1322 1974 1605 2048 praestat.
1698 1972 1815 2030 Sed
1860 1972 1982 2032 noli
2040 1974 2334 2032 sollicitus
2390 1994 2544 2033 esse:
2604 1977 2696 2035 cui

364 2058 601 2115 conatui
660 2058 802 2116 deos
852 2061 959 2115 aut
1011 2059 1268 2132 impares
1324 2075 1449 2116 esse
1503 2060 1610 2116 aut
1651 2075 1860 2133 parum
1909 2077 2084 2116 curae
2130 2059 2472 2134 impendere
2519 2061 2697 2118 modo

363 2141 588 2212 vidisti,
635 2144 691 2201 ei
734 2161 920 2217 aeque
963 2142 1295 2217 prudenter
1337 2162 1406 2202 ac
1451 2146 1688 2202 strenue
1734 2144 2047 2201 succedere
2092 2143 2359 2202 homines
2403 2146 2693 2203 invenieS.

363 2226 442 2284 Et
484 2226 749 2286 Helenus
810 2227 1048 2303 quidem
1115 2246 1237 2286 non
1294 2228 1482 2286 solum
1529 2259 1611 2269 —-
1657 2228 1978 2300 nescimuS,
2049 2246 2163 2303 quo
2217 2230 2393 2287 modo
2439 2260 2522 2272 --—
2566 2249 2698 2288 con·

362 2311 560 2369 silium
602 2312 761 2386 quod
809 2311 900 2370 dis
946 2312 1191 2386 placuit,
1237 2313 1435 2370 animo
1480 2312 1765 2386 concipit,
1813 2312 1916 2371 sed
1959 2313 2094 2387 plus
2138 2314 2345 2387 etiam,
2405 2333 2582 2389 quam
2627 2333 2697 2372 ex

361 2396 603 2454 deorum
649 2415 794 2456 voce
838 2415 899 2458 se
955 2397 1219 2455 hausisse
1277 2396 1594 2474 profitetur
1638 2397 1750 2472 (53
1796 2391 1879 2466 ὥς
1932 2389 2043 2473 γὰρ
2101 2393 2254 2473 ἐγών
2308 2390 2410 2454 ὄπ’
2466 2394 2695 2456 ἄκουσα

362 2483 526 2538 θεῶν
581 2478 1052 2558 αἰειγενετάων),
1105 2482 1302 2539 verbis
1348 2481 1591 2540 Hectori
1638 2482 1792 2539 datis
1835 2481 2068 2556 prodit,
2130 2482 2448 2540 nondum
2508 2503 2692 2540 mor-

361 2571 500 2624 tem
571 2568 634 2625 ei
703 2567 1010 2625 fatalem
1076 2585 1234 2625 esse
1280 2560 1388 2646 (52
1446 2557 1517 2624 οὗ
1578 2561 1691 2643 γάρ
1757 2564 1851 2623 πώ
1920 2586 2007 2623 τοι
2069 2570 2245 2643 μοῖρα
2311 2570 2532 2626 θανεῖν
2598 2564 2697 2626 καὶ

359 2648 584 2726 πότμον
627 2646 924 2725 ἐπισπεῖν)
970 2653 1264 2710 nescimus
1309 2654 1509 2709 utrum
1557 2653 1912 2725 tempestivo
1944 2651 2252 2710 mendacio
2281 2671 2358 2710 an
2389 2671 2461 2711 ex
2492 2653 2695 2712 divino

361 2738 586 2794 monito
628 2735 871 2794 aliunde
912 2740 1154 2812 accepto
1198 2736 1479 2794 audacter
1521 2736 1932 2810 pronuntians,
2008 2736 2145 2794 Non
2176 2738 2364 2813 igitur
2392 2740 2693 2813 miramur,

359 2821 514 2896 quod
561 2822 873 2896 gavisus
918 2840 1041 2880 esse
1087 2821 1309 2880 dicitur
1336 2820 1560 2879 Hector
1589 2814 1699 2898 (54
1728 2816 1965 2897 ’“Έκτωρ
2010 2815 2068 2877 δ’
2116 2812 2253 2879 αὖτ’
2301 2814 2475 2900 ἐχάρη
2518 2818 2695 2901 μέγα)

357 2909 541 2980 atque
586 2905 831 2967 sedandi
863 2905 1075 2980 proelii
1106 2905 1435 2980 periculum
1465 2906 1692 2978 secisse,
1740 2907 1930 2982 magis
1960 2907 2260 2978 miramur,
2306 2908 2467 2981 quod
2499 2908 2695 2966 subito

360 2989 553 3048 medio
599 2991 662 3047 in
705 2989 931 3064 proelio
975 2992 1037 3049 et
1066 2993 1482 3067 Agamemnon
1525 2991 1829 3065 quiescere
1872 2990 2039 3049 iubet
2082 2989 2337 3050 Graecos
2381 2991 2522 3050 belli
2568 2994 2696 3050 iure

358 3074 620 3132 hostium
667 3075 802 3133 duci
847 3076 1227 3133 imminentes
1272 3078 1332 3133 et
1371 3076 1612 3149 utrique
1643 3094 1678 3131 a
1710 3078 1917 3132 mutua
1947 3075 2121 3133 caede
2150 3075 2414 3134 indutias
2447 3076 2692 3152 faciunt,

358 3160 645 3216 miramur
701 3161 882 3217 etiam
938 3160 1251 3217 amabilem
1305 3158 1684 3239 pacificorum
1743 3159 1986 3218 deorum
2040 3161 2329 3234 animum,
2397 3162 2499 3235 qui
2565 3161 2693 3220 vul-

358 3244 595 3301 turibus
651 3243 874 3302 similes
932 3244 1069 3319 fago
1123 3244 1393 3302 insidunt
1433 3236 1691 3318 ἀνδράσι
1744 3236 2086 3320 τερπόμενοι
2130 3240 2268 3324 (61)
2315 3247 2458 3302 satis
2501 3246 2693 3320 pueri-

359 3329 512 3402 liter,
561 3329 799 3403 opinor.
875 3327 1166 3403 Profecto,
1215 3348 1367 3404 quae
1398 3348 1455 3387 v.
1493 3329 1739 3386 17—-66
1772 3329 2044 3405 legimus,
2091 3332 2213 3387 tam
2260 3330 2412 3400 male
2457 3335 2519 3388 et
2562 3349 2691 3388 cuin

360 3413 853 3471 antecedentibus
897 3417 957 3471 et
1001 3415 1159 3471 inter
1202 3432 1262 3471 se
1307 3413 1641 3487 cohaerent,
1689 3416 1767 3470 ut
1811 3413 1919 3470 nil
1966 3415 2213 3489 supra!

527 3495 591 3555 Si
647 3499 762 3555 iam
819 3499 996 3557 misso
1051 3501 1404 3574 argumento
1458 3499 1586 3573 ipsa
1641 3498 1813 3555 huius
1858 3498 2317 3558 introductionis
2364 3499 2589 3557 verba
2632 3500 2693 3556 in

361 3600 606 3641 examen
652 3584 1086 3657 vocaverimuS,
1149 3583 1303 3642 idem
1362 3582 1511 3639 illud
1566 3581 1855 3640 tessellati
1914 3582 2133 3657 opificii
2188 3583 2694 3657 deprehendemus

357 3686 565 3742 genua,
613 3668 773 3742 quod
818 3668 937 3727 iam
982 3668 1233 3743 saepiuS,
1284 3671 1348 3725 ut
1392 3668 1456 3725 in
1501 3664 1844 3742 chryseidis
1888 3666 2221 3726 redditione
2268 3670 2327 3723 A
2358 3668 2691 3726 430-487

358 3753 420 3810 in
465 3771 674 3810 senum
723 3752 969 3812 consilio
1018 3752 1067 3808 B
1099 3753 1348 3811 53—86
1396 3753 1455 3809 in
1505 3750 1894 3810 Troianorum
1941 3751 2209 3829 catalogo
2260 3752 2306 3808 B
2338 3753 2691 3824 816-877,

358 3837 773 3895 revelavimus
846 3836 1071 3895 Contra
1100 3837 1251 3896 hanc
1284 3836 1730 3894 demonstrandi
1760 3836 2052 3894 rationem
2083 3837 2223 3912 quid
2271 3838 2342 3894 in
2387 3837 2692 3894 univer-

357 3939 508 3979 snm
554 3924 616 3980 et
653 3922 901 3996 proferri
956 3923 1147 3997 possit
1189 3925 1251 3980 et
1295 3922 1592 3996 prolatum
1657 3922 1838 3979 etiam
1883 3922 1960 3978 sit
2019 3940 2054 3978 a
2107 3921 2489 3995 quibusdam,
2547 3940 2689 3978 nun*

359 4024 536 4081 quam
597 4006 863 4081 profecto
918 4026 1012 4064 me
1067 4006 1274 4081 latuit,
1341 4006 1565 4065 scilicet
1632 4006 1847 4063 bonam
1905 4007 2057 4079 epici
2115 4007 2401 4063 sermonis
2460 4008 2691 4081 partem

356 4091 676 4149 earundem
737 4091 1106 4150 locutionum
1180 4096 1240 4150 et
1311 4090 1709 4150 clausularum
1779 4091 1958 4148 immo
2031 4090 2354 4148 eorundem
2416 4108 2694 4148 versuum

357 4176 503 4235 adeo
548 4180 732 4251 atque
777 4176 1039 4235 locorum
1091 4175 1547 4251 repetitionibus
1589 4176 1898 4245 contineri,
1959 4179 2026 4232 ut
2068 4175 2166 4232 vix
2208 4174 2449 4250 longius
2488 4175 2694 4233 Iliadis

357 4260 756 4338 fragmentum
816 4261 1074 4320 inveniri
1127 4263 1337 4336 queat,
1395 4260 1554 4336 quod
1604 4259 1680 4317 ab
1739 4259 1899 4317 omni
1957 4258 2359 4318 huiuscemodi
2405 4263 2694 4319 concentu

356 4345 608 4403 liberum
662 4348 845 4420 atque
901 4363 1141 4420 prorsus
1194 4364 1366 4404 suum
1422 4347 1629 4422 suique
1683 4343 1874 4402 simile
1917 4344 2179 4403 exsistat.
2267 4343 2488 4402 Verum
2536 4346 2692 4404 enim

359 4449 493 4488 vero
549 4430 709 4490 valet
763 4430 865 4488 ille
920 4449 1048 4489 mos
1093 4432 1155 4489 in
1199 4431 1273 4489 iis
1315 4434 1550 4489 tantum
1599 4428 1773 4487 rebus
1816 4433 1923 4487 aut
1966 4430 2209 4487 omnino
2254 4428 2528 4488 humanis
2587 4431 2693 4487 aut
