3132 5129
1249 394 1537 457 —291
1631 432 1704 441 -—

481 553 630 612 Ibid.
691 553 813 613 882
869 552 1023 611 male
1082 553 1156 611 de
1212 552 1426 629 apibus
1482 552 1709 629 legitur
1767 546 2001 629 καρπὸν
2052 545 2432 630 ἀμέργουσιν.
2520 551 2651 610 Ηοο

308 640 556 697 verbum
615 642 850 697 tantum
913 637 987 696 de
1041 639 1327 712 carpendo
1387 638 1607 696 dicitur
1650 669 1725 678 —-
1786 638 2146 697 translatum
2204 637 2416 696 deinde
2471 638 2564 694 est
2617 654 2654 693 a

306 724 526 782 Nonno
570 718 935 799 ἅμέργεσθαι
977 718 1197 799 πτερὸν
1238 714 1455 791 ὕπνου,
1514 722 1574 779 id
1621 725 1689 781 ut
1732 725 1889 781 esset
1931 741 2133 796 capere
2177 740 2479 795 somnum,
2523 720 2653 793 frui

306 827 549 883 somne,
597 827 715 884 quo
761 807 1038 867 audacius
1084 808 1262 867 etiam
1309 805 1762 882 Tryphiodorus
1805 798 2198 885 ἀμεργόμεναι
2253 825 2428 883 χαριν
2470 801 2650 882 ολβου

307 893 380 950 de
423 853 755 951 Troadibus
800 893 952 951 dixit
995 894 1286 968 pretiosas
1334 894 1530 950 vestes
1577 890 2212 966 comprehendentibus
2256 909 2406 967 equo
2449 891 2650 967 ligneo

308 977 774 1037 substernendas
799 998 908 1051 —3
955 996 1094 1052 apes
1126 996 1265 1037 vero
1294 994 1416 1035 non
1448 979 1702 1051 carpunt
1742 975 1853 1035 fl01
1854 996 1917 1037 es
1948 977 2053 1037 sed
2084 985 2398 1052 exsugunt.
2476 975 2648 1050 Hinc,

305 1063 466 1137 quod
521 1063 622 1120 alii
679 1062 846 1121 codd.
893 1062 1209 1137 praebent,
1263 1053 1624 1139 ἆμέλγουσιν
1676 1061 2160 1137 praeferendum,
2226 1060 2386 1137 quod
2453 1063 2651 1135 ipsum

312 1147 496 1205 habet
536 1147 789 1206 Nonnus
835 1148 903 1223 V,
952 1148 1074 1206 246
1121 1148 1193 1205 de
1238 1165 1386 1222 ape:

611 1281 860 1358 χείλεσιν
889 1264 1317 1360 ’ἀκροτάτοισιν
1358 1275 1675 1361 ἇμελγεται
1715 1276 1908 1360 ἄκρον
1951 1277 2172 1360 ἕέρσης.

479 1418 632 1477 Ibid.
680 1421 826 1478 942.
885 1417 1055 1489 Quod
1117 1419 1327 1479 vitium
1383 1418 1481 1477 hic
1533 1419 1598 1477 in
1651 1417 1926 1477 omnibus
1972 1418 2142 1477 codd.
2189 1419 2414 1494 legitur
2456 1413 2651 1496 ἄγριοι

311 1501 671 1579 ναιετάουσι,
715 1524 837 1564 ιιοιι
880 1522 950 1562 ex
996 1506 1197 1579 priore
1227 1504 1570 1563 recensione
1601 1503 1903 1578 remansit,
1948 1522 2098 1579 quae
2130 1505 2224 1562 est
2254 1502 2646 1579 Bernhardyi,

310 1587 360 1647 si
408 1591 566 1647 recte
611 1590 884 1665 memini,
931 1590 1245 1664 sententis,
1292 1588 1399 1647 sed
1457 1592 1802 1664 corruptum
1846 1588 2087 1647 videtur
2122 1590 2373 1663 propter
2416 1590 2646 1647 antece-

305 1673 504 1731 dentis
548 1693 755 1734 versus
799 1675 1126 1733 clausulam
1172 1694 1244 1733 ex
1287 1669 1482 1752 ἄγριοι
1528 1669 1859 1732 ἐνναίουσιε
1907 1673 1983 1731 cf.
2019 1674 2202 1733 1076.

479 1758 558 1834 ΙΙ,
607 1759 707 1819 58.
755 1761 1022 1837 Amycus
1065 1760 1358 1836 loquitur:

611 1888 792 1954 ὅσσον
837 1891 950 1973 ἐγώ
995 1892 1202 1971 ῥινούς
1247 1914 1306 1952 τε
1349 1894 1516 1972 βοῶν
1554 1890 1692 1972 πέρι
1735 1886 1785 1951 τ’
1834 1890 1951 1971 εἰμὶ
1992 1889 2288 1969 ταμέσθαι

609 1972 895 2057 ἀζαλέας,
917 1973 1182 2059 ἀνδρῶν
1224 2000 1284 2039 τε
1326 1977 1624 2057 παρηίδας
1667 1976 1876 2055 αἵματι
1921 1978 2158 2058 φῦρσαι.

478 2115 643 2174 Nihil
688 2117 875 2192 adest,
920 2136 1037 2193 quo
1082 2116 1376 2176 referatur
1419 2117 1639 2190 copula
1683 2110 1744 2173 τέ
1787 2120 1925 2192 post
1951 2112 2091 2191 περί
2115 2115 2328 2190 posita.
2404 2114 2645 2189 Apollo-

305 2200 443 2259 nius
500 2199 755 2276 περίειμι
808 2200 1077 2277 scripsit,
1136 2205 1206 2260 ut
1247 2201 1357 2276 ΠΙ,
1405 2202 1549 2277 408,
1608 2201 1767 2277 quod
1812 2218 1945 2260 cum
1989 2200 2339 2259 distractum
2386 2201 2544 2258 esset
2588 2199 2650 2257 in

308 2280 442 2362 πέρι
487 2283 611 2360 εἰμι’
639 2318 713 2327 -
750 2291 817 2345 ιιι
845 2285 954 2361 111,
988 2286 1069 2344 54
1113 2306 1218 2362 pro
1260 2284 1523 2361 περίεστε
1568 2287 1630 2345 in
1661 2285 1906 2345 Vratisl.
1951 2279 2085 2362 πέρι
2129 2279 2259 2341 ἐστέ
2299 2284 2522 2360 legitur
2546 2316 2647 2358 —,

306 2370 538 2428 librarii
583 2371 811 2430 hiatum
855 2370 1162 2446 expulsuri
1194 2371 1466 2449 copulam
1496 2372 1992 2446 interseruerunt,
2037 2389 2155 2445 qua
2184 2367 2343 2431 haud
2374 2387 2507 2427 raro
2538 2368 2649 2426 hoc

305 2454 555 2515 verbum
602 2456 977 2532 dispescitur,
1023 2459 1093 2514 ut
1135 2456 1311 2515 Hom.
1347 2453 1399 2512 Θ
1429 2457 1507 2515 27

561 2585 773 2651 τόσσον
816 2587 926 2670 ἐγώ
972 2589 1112 2671 περί
1148 2586 1201 2650 τ’
1250 2586 1369 2669 εἰμὶ
1410 2594 1582 2650 θεῶν
1622 2589 1764 2671 περί
1803 2583 1861 2648 τ’
1906 2581 2025 2666 εἴμ’
2074 2581 2442 2667 ἀνθρώπων.

476 2727 629 2787 Ibid.
678 2730 758 2788 92
791 2748 920 2805 sqq.
965 2728 1343 2789 scribendum
1386 2731 1448 2787 et
1490 2726 2039 2804 interpungendum
2083 2745 2211 2785 esse

564 2879 642 2889 —
697 2879 768 2888 —
816 2880 900 2890 —
944 2841 980 2903 δ’
1023 2841 1086 2903 δ’
1132 2833 1407 2918 αίξαντος
1451 2839 1681 2922 ὑπέστη

560 2939 748 3009 κρᾶτα
792 2929 1195 3035 παρακλίνας,
1239 2925 1383 3011 οἴμῳ
1427 2924 1490 2988 δ’
1533 2923 1849 3003 ἀνεδέξατο
1891 2927 2120 3028 πῆχυν·

559 3013 787 3075 τυτθὸν
829 3012 888 3075 δ’
937 3010 1073 3094 αγχ’
1119 3010 1324 3074 αὐτοῖο
1365 3010 1554 3094 παρὲκ
1596 3013 1748 3095 γόνυ
1790 3005 2005 3094 γουνὸς
2051 3008 2324 3091 ἀμείβων

561 3098 748 3178 κόψε,
793 3105 907 3161 etc.

305 3219 585 3295 pluribus
631 3220 1035 3279 demonstravi
1079 3220 1156 3279 ad
1202 3218 1406 3290 Quint.
1441 3221 1683 3297 Smyrn.
1714 3219 1802 3279 IV
1805 3266 1820 3297 ,
1854 3221 1995 3280 347.

478 3304 632 3364 Ibid.
667 3307 790 3363 224
835 3305 910 3365 de
953 3305 1240 3383 Harpyiis
1284 3306 1532 3366 dicitur:

563 3419 828 3483 ἔκποθεν
870 3417 1199 3504 ἀφράστοιο
1241 3423 1667 3486 καταΐσσουσαι
1688 3437 1691 3440 ‘
1713 3415 1983 3503 ὀλέθρου.

478 3542 594 3602 Hic
648 3543 863 3603 vitium
927 3544 1170 3604 subesse
1223 3563 1345 3604 non
1401 3543 1642 3602 difficile
1695 3546 1790 3602 est
1842 3543 2269 3602 demonstratu.
2368 3542 2525 3600 Nam
2581 3543 2651 3599 ut

293 3631 591 3702 pernicies
633 3630 783 3704 ipsa,
828 3647 946 3704 qua
987 3630 1122 3706 quis
1166 3629 1240 3689 de
1284 3629 1611 3705 improviso
1643 3629 2015 3704 opprimitur,
2062 3627 2180 3686 dici
2209 3627 2399 3726 possit
2426 3628 2649 3686 incerta

306 3716 430 3774 sive
488 3717 720 3789 iynota,
786 3713 919 3789 quis
979 3734 1259 3791 umquam
1314 3714 1575 3789 aliquem
1631 3732 1700 3772 ex
1754 3716 1958 3789 iynota
2010 3714 2272 3786 pernicie
2337 3711 2398 3771 in
2465 3710 2645 3769 alium

307 3800 536 3858 irruere
580 3796 843 3857 dixerit?
932 3797 1162 3859 Scimus
1208 3803 1407 3858 autem
1451 3819 1522 3858 ex
1565 3798 1684 3858 alio
1727 3798 1860 3857 loco
1904 3798 1984 3872 11,
2032 3798 2154 3857 824

612 3948 696 3959 —
739 3948 823 3959 —
869 3947 946 3958 —
993 3911 1033 3973 ὁ
1076 3912 1134 3974 δ’
1182 3939 1260 3995 αρ
1304 3914 1569 3975 ἔκποθεν
1611 3908 1940 3994 αφροὶστοιο

613 3993 729 4075 ὕψι
770 3992 916 4076 μάλ’
964 3997 1029 4059 ἐκ
1072 3999 1348 4061 δονάκων
1390 3994 1798 4078 ἆνεπαλμενος
1841 3995 2021 4078 ἤλασε
2064 3993 2278 4076 μηρόν,

307 4120 696 4197 Apollonium
742 4115 1006 4178 ἔκποθεν
1048 4112 1372 4200 ἆφραστοιο
1415 4121 1620 4180 eodem
1665 4120 1842 4179 modo
1885 4119 2172 4196 posuisse,
2218 4137 2335 4194 quo
2385 4117 2644 4189 Quintus
2689 4134 2719 4184 ἰ

306 4206 398 4264 bis
442 4201 709 4264 ἔκποθεν
750 4196 1119 4282 ἆπροφᾰτοιο
1161 4208 1428 4308 scripsit,
1488 4205 1549 4264 id
1608 4208 1677 4263 ut
1730 4205 1853 4264 fere
1896 4203 2052 4262 idem
2099 4206 2257 4263 esset
2297 4206 2479 4280 atque
2525 4221 2644 4278 quo

305 4291 446 4349 alibi
493 4310 639 4350 usus
682 4295 775 4350 est
815 4286 1174 4367 απροφατως
1219 4293 1314 4352 vel
1358 4284 1741 4370 ἆπρόφατος,
1788 4294 1857 4350 ιιι
1884 4289 1963 4364 ΙΙ,
2002 4290 2144 4364 268,
2190 4287 2295 4346 ubi
2325 4288 2397 4348 de
2436 4288 2646 4347 iisdem

307 4374 624 4453 Harpyns.
714 4454 1133 4540 ἀπρόφατοι
1177 4457 1411 4537 νεφέων
1453 4456 1767 4535 ἐξάλμεναι
1810 4453 2143 4517 ἕσσευοντο.

1814 4559 1820 4567 ’
2136 4555 2239 4608 19*
