3132 5129
1165 429 1729 493 *-457-

585 584 648 644 εἴ
684 606 800 645 που
845 583 1235 666 ἐσαθρήσειεν
1278 580 1656 663 ἀλώμενον
1699 581 1783 644 ὃν
1828 585 2215 665 παρακοίτην.
2703 592 2765 641 15

332 705 670 780 Adscripsit
731 706 862 764 ille:
924 706 1035 782 3,F.
1094 700 1500 782 ἀλωόμενον
1565 704 1952 783 παρακοίτην.
2064 706 2238 766 Certe
2292 697 2358 775 ὃς
2411 725 2516 782 pro
2573 701 2666 775 ἓός

331 810 532 849 rarum
577 794 670 849 est
714 791 774 849 in
819 791 911 850 his
955 790 1209 867 poetis.“
1297 791 1482 867 Atqui
1528 792 1642 850 hoc
1687 792 1881 867 ipsum
1926 792 1988 850 in
2033 785 2091 849 P
2136 791 2388 868 legitur!

502 874 838 934 Nonnullos
882 876 1044 936 locos
1089 876 1260 952 addo,
1310 877 1527 952 quibus
1571 877 1830 936 Palatini
1877 877 2172 951 scriptura
2219 876 2374 934 sacili
2419 876 2663 953 negotio

333 962 565 1018 mutata
608 960 919 1020 inferenda
964 964 1070 1022 est.
1156 962 1251 1021 Ita
1294 962 1411 1020 iam
1456 962 1681 1020 dudum
1728 962 2136 1021 intellexeram
2180 981 2237 1021 v.
2276 965 2352 1019 13

588 1073 735 1155 πρὶν
786 1072 1045 1154 χαλεπὸν
1087 1080 1368 1161 πνοιῇσιν
1409 1071 1663 1155 ἀήμεναι
1712 1072 1934 1157 ἐχθρὸν
1974 1073 2166 1156 ἀήτην

333 1217 544 1275 contra
586 1218 958 1275 constantem
1003 1236 1137 1275 cum
1184 1216 1436 1275 aliorum
1481 1219 1609 1275 tum
1654 1216 1957 1291 epicorum
2001 1219 2308 1291 poetarum
2355 1219 2664 1274 consuetu-

335 1300 536 1359 dinem
580 1301 833 1359 alterum
880 1301 1323 1360 substantivum
1370 1302 1599 1360 duobus
1642 1301 1921 1375 epithetis
1954 1302 2183 1359 onerari
2216 1301 2473 1358 alterum
2503 1301 2663 1359 omni

333 1385 599 1461 epitheto
632 1385 895 1445 destitui.
962 1386 1086 1444 Iam
1119 1386 1342 1444 dudum
1373 1386 1560 1462 igitur
1591 1385 1974 1444 emendabam
2007 1386 2326 1460 χαλεπαῖς
2357 1384 2667 1466 πνοιῇσιν,
2723 1404 2731 1413 ’

334 1474 652 1545 antequam
698 1471 759 1529 in
803 1464 863 1529 P
909 1474 1066 1531 certe
1110 1468 1426 1546 χαλεπῆισϊ
1463 1477 1745 1547 πνοιῇσιν
1788 1471 1907 1546 legi
1952 1489 2317 1547 cognossem.

505 1554 581 1615 V.
614 1556 694 1613 53
739 1574 850 1631 pro
894 1555 1145 1633 vulgato

584 1667 658 1730 ού
704 1666 884 1731 τόσον
925 1668 1053 1731 ἀθα
1062 1671 1137 1732 να’
1147 1694 1177 1731 τ
1191 1695 1239 1732 ω
1253 1694 1289 1730 ν
1333 1668 1372 1732 ἀ
1387 1696 1423 1752 γ
1438 1669 1519 1750 έμ
1532 1696 1558 1735 ε
1574 1695 1610 1732 ν
1654 1671 1984 1733 σπεύδουσι
2026 1667 2263 1749 θυηλάς

331 1812 450 1869 iam
495 1809 715 1867 dudum
763 1808 1065 1868 Wernick.
1122 1811 1195 1869 ad
1243 1811 1563 1888 Tryphiod.
1613 1832 1670 1888 p.
1701 1813 1823 1870 373
1883 1814 2133 1886 propter
2187 1829 2488 1869 caesuram
2545 1812 2662 1869 tro-

335 1895 595 1955 chaicam
643 1894 735 1953 his
780 1895 976 1968 poetis
1025 1895 1546 1956 familiarissimam
1596 1930 1669 1938 —-
1717 1917 1895 1972 quam
1943 1896 2160 1971 quibus
2207 1894 2491 1953 machinis
2536 1895 2665 1952 ubi-

330 1999 444 2055 que
489 1980 853 2055 quaesiverit
899 1978 1185 2055 Quintus,
1233 1981 1295 2039 in
1340 1982 1615 2056 prolcgg.
1662 2002 1718 2057 p.
1750 1980 1976 2039 XXXII
2001 1978 2106 2055 sq.'
2134 1979 2538 2040 demonstravi
2590 2015 2658 2022 —-

330 2085 403 2123 ex
445 2064 735 2124 Vossiano
779 2064 1026 2139 aliisque
1070 2067 1353 2140 quattuor
1396 2066 1697 2125 codicibus
1740 2060 2205 2123 ἀθανάτοισιν
2248 2061 2469 2141 ἄγειν
2495 2083 2661 2140 prae-

331 2150 569 2209 tulerat.
659 2150 898 2208 Partem
942 2149 1070 2208 veri
1114 2151 1276 2209 vitiis
1321 2150 1569 2234 mixtam
1615 2151 1786 2209 affert
1825 2145 1888 2209 P
1934 2149 2045 2209 hoc
2091 2151 2294 2209 modo:

583 2261 655 2325 ού
700 2263 880 2326 τόσον
920 2259 1289 2326 ἀθανάτων
1329 2263 1551 2344 ἄγειν
1592 2262 1958 2328 σπεύδουσιν
2002 2264 2269 2340 ἕορτὰσ
2315 2261 2478 2346 (sic).

505 2386 762 2446 Versum
809 2388 931 2445 174
977 2388 1423 2463 hypermetrum
1470 2387 1781 2446 inferendo
1826 2381 1969 2444 ποτέ
2009 2386 2249 2446 exhibet
2292 2379 2381 2444 P:

586 2506 769 2581 ξεῖνε,
815 2507 966 2576 τεοῖς
1012 2500 1240 2564 ἐπέεσσι
1286 2497 1414 2581 τάχ’
1461 2499 1545 2564 ἀν
1587 2524 1765 2563 ποτε
1810 2500 1910 2561 καὶ
1955 2499 2173 2581 πέτρον
2215 2497 2474 2580 ὀρίναις,

333 2625 490 2684 unde
547 2625 863 2701 suspiceris
918 2626 1228 2684 Musaeum
1287 2626 1540 2687 fortasse
1596 2626 1692 2686 hic
1739 2625 1978 2701 quidem
2024 2624 2329 2701 dactylum
2372 2618 2454 2682 ἄν
2499 2642 2666 2681 ποτε

338 2711 601 2786 spondeo
645 2732 728 2768 αν
769 2708 894 2767 καί
930 2710 1303 2786 praetulisse.
1393 2710 1510 2771 Sed
1570 2712 1642 2769 de
1698 2730 1765 2769 ea
1818 2729 1883 2769 re
1942 2710 2200 2785 amplius
2244 2710 2663 2785 quaerendum.

509 2794 585 2855 V.
619 2797 738 2855 257
785 2814 856 2853 ex
902 2795 1162 2854 Palatini
1205 2797 1548 2872 corruptela
1590 2796 2026 2856 restituendum
2070 2814 2198 2855 esse

594 2915 625 2969 λ
640 2933 667 2971 ε
679 2933 725 2971 π
737 2934 766 2969 τ
779 2934 817 2970 α
832 2916 863 2971 λ
878 2911 907 2971 ἑ
915 2936 953 2971 α
968 2934 989 2970 ι
1001 2937 1030 2984 ς
1072 2909 1330 2995 αυρῃσιν
1342 2956 1361 2992 ‚
1405 2910 1557 2975 ὅθεν
1601 2908 1917 2975 πνεύσειεν
1959 2905 2142 2991 ἀήτης
2156 2957 2175 2991 ,

582 2991 779 3077 Ὓφάρεὶ
815 2990 1062 3058 πολλάκι
1108 2996 1328 3075 λύχνον
1371 2994 1688 3059 ἐπέσκεπεν

341 3134 459 3192 iam
515 3152 695 3209 supra
750 3155 811 3210 p.
835 3136 961 3194 450
1017 3135 1296 3196 indicavi.
1399 3137 1529 3196 Hoc
1580 3136 1817 3212 vulgari
1873 3137 2201 3211 scripturae
2258 3132 2665 3216 λευγαλέῃς

336 3215 597 3298 αὕρῃσιν
625 3219 881 3278 multum
925 3223 1227 3296 praestare
1273 3222 1446 3280 facile
1492 3220 1884 3297 perspicitur·
1931 3239 2124 3296 neque
2167 3222 2325 3279 enim
2356 3221 2430 3279 de
2460 3223 2662 3280 morti-

331 3305 457 3362 fera
510 3304 797 3379 procella,
855 3305 956 3364 sed
1003 3304 1074 3363 de
1128 3308 1293 3365 tenui
1339 3308 1503 3366 venti
1560 3324 1705 3364 aura
1760 3324 1993 3380 semper
2049 3306 2232 3366 maris
2290 3305 2659 3381 superficiem

332 3389 543 3448 leviter
586 3389 851 3465 agitante
895 3408 1088 3449 sermo
1133 3393 1245 3449 est.

416 3531 419 3534 .
500 3472 573 3529 V.
609 3475 731 3531 272
779 3468 860 3543 ὥς
902 3463 941 3551 ἢ
982 3469 1095 3550 μὲν
1138 3468 1304 3534 ταῦτ’
1354 3465 1518 3534 εἶπεν
1546 3476 1758 3535 horum
1787 3478 2100 3551 poetarum
2130 3476 2266 3535 usui
2298 3474 2659 3535 contrarium

335 3558 827 3634 scribendumque
872 3577 1000 3619 esse
1045 3551 1176 3617 τάδ’
1226 3557 1471 3619 ἔειπεν
1527 3559 1828 3619 intellexit
1870 3560 2168 3619 Wernick.
2214 3560 2287 3618 ad
2335 3559 2662 3636 Tryphiod.

332 3663 390 3719 p.
425 3645 525 3701 39.
610 3641 794 3702 Codd.
841 3643 1168 3703 Vaticanus
1212 3648 1275 3704 et
1317 3644 1586 3705 Venetus
1641 3644 1860 3704 habere
1913 3645 2194 3704 dicuntur
2246 3642 2316 3702 τὰ
2363 3640 2430 3702 δέ
2473 3643 2662 3722 (sicl),

331 3722 391 3787 P
436 3730 596 3786 certe
640 3728 889 3787 alteram
934 3729 1058 3787 veri
1103 3731 1335 3805 partem
1378 3730 1557 3788 habet
1602 3725 1844 3789 ἔειπεν.

501 3813 628 3872 Nec
672 3814 1118 3874 vexatissimum
1162 3814 1360 3874 locum
1405 3833 1463 3873 v.
1500 3816 1622 3873 297
1669 3814 1847 3891 vulgo
1893 3814 1976 3873 sic
2020 3814 2306 3889 scriptum

582 3926 702 4008 ἤδη
746 3938 867 4006 νῆα
909 3927 1197 4008 μέλαιναν
1237 3927 1610 3991 ἀπέκλασε
1653 3925 1902 4008 διχθάδι
1945 3929 2127 4010 χέρσῳ

330 4085 576 4140 prorsus
621 4067 897 4127 destituit
937 4062 997 4127 P
1044 4087 1177 4127 cum
1223 4068 1409 4145 Regio
1438 4064 1506 4149 (i.
1539 4088 1592 4128 e.
1623 4087 1742 4128 uno
1772 4088 1841 4128 ex
1876 4066 2332 4143 parisiensibus)
2365 4069 2662 4143 praebens

332 4146 727 4228 ἐπέκλυσε,
774 4153 933 4212 unde
965 4148 1351 4228 ἐφέλκυσε
1335 4173 1453 4212 iam
1484 4154 1808 4229 Dorvillio,
1856 4154 1958 4228 qui
1988 4146 2306 4210 ἀνέλκυσε
2336 4153 2663 4229 proposuit,

332 4236 645 4295 inventum
687 4237 1062 4296 scribendum
1108 4249 1237 4298 esse
1279 4240 1414 4313 quis
1445 4255 1565 4297 non
1598 4238 1807 4298 videt?
1879 4238 2003 4296 Alii
2046 4228 2337 4318 ἀπῴκισε,
2382 4230 2665 4298 ἀπέκλεσε

335 4316 448 4397 (sic
468 4318 530 4396 l)
575 4313 840 4395 ἀπήλασε
885 4325 1197 4396 tentarunt
1239 4323 1402 4381 aliud
1448 4323 1564 4381 alio
1610 4323 1797 4399 peius.

504 4403 686 4464 Vides
731 4408 920 4484 igitur
963 4408 1184 4467 bonam
1224 4407 1439 4466 codicis
1483 4409 1676 4467 nostri
1723 4407 1985 4466 indolem
2029 4407 2206 4466 etiam
2261 4410 2326 4467 in
2370 4428 2439 4468 eo
2485 4410 2662 4482 corni,
2705 4419 2767 4467 16

333 4490 494 4566 quod
538 4489 682 4550 adeo
728 4492 1029 4554 erroribus
1073 4493 1197 4552 suis
1244 4493 1544 4552 interdum
1575 4493 1847 4554 veritatis
1886 4493 2044 4553 viam
2087 4497 2418 4557 monstrare
2463 4494 2663 4572 depre-
