3132 5129
334 3653 395 3700 16

1392 358 1808 420 „60-

603 518 725 576 446
758 543 838 565 =
878 517 1116 575 Ψ624.
1163 518 1303 588 797,
1362 515 1467 573 ubi
1532 515 1766 590 phrasis
1832 516 1945 574 iam
2010 528 2192 591 supra
2246 518 2455 573 notata
2510 515 2586 572 ad
2641 516 2764 571 441

432 604 640 662 itidem
684 604 755 661 ut
794 603 857 661 et
907 603 976 658 Ψ
1014 602 1137 660 565
1183 601 1254 659 de
1298 600 1473 659 rebus
1518 600 1861 660 inanimatis
1904 602 2165 677 ponitur.
2256 600 2486 673 Sensit,
2533 599 2766 675 opinor,

431 687 853 748 versificatoris
921 686 1202 762 ineptiae,
1277 686 1446 782 quasi
1515 684 1794 762 Chryseis
1865 686 2129 760 puellula
2201 684 2414 744 fuisset
2488 684 2767 743 manibus

433 772 795 844 sustinenda,
845 771 1207 841 ZenodotuS,
1253 771 1354 844 qui
1400 765 1884 846 συντετμημὲνως
1929 771 2197 846 scripsit.
2265 791 2350 839 ως
2396 760 2609 827 εἶπεν
2654 768 2769 844 (sic

430 862 590 918 recte
623 857 991 915 Duentzerus
1022 856 1095 914 de
1127 856 1346 914 Zenod.
1374 855 1574 914 studd.
1599 855 1834 914 Homm.
1863 875 1921 930 p.
1952 857 2070 914 152
2101 874 2209 931 pro
2240 855 2485 931 vulgato
2516 846 2759 932 εἰπών)’

432 938 520 1001 τοὶ
566 934 629 998 δ’
675 931 803 1002 ὦκα
846 943 975 1000 θεῶ
1007 932 1188 1041 ἱερὴν
1214 934 1551 1016 ἑκατόμβην
1588 974 1684 1017 -,
1732 959 2090 1015 quamquam
2137 959 2243 999 suo
2289 940 2415 998 iure
2459 939 2771 1015 respondit

431 1026 844 1087 Aristarchus:
892 999 1001 1102 την
1044 1019 1110 1084 δὲ
1151 1016 1632 1103 ἆναγκαιοτοὶτην
1678 1021 1988 1103 Χρυσηίδα
2032 1027 2341 1104 περιεῖλεν.

601 1129 743 1190 447.
791 1127 881 1188 Cf.
915 1131 998 1189 20
1040 1125 1230 1186 παῖδα
1265 1160 1338 1169 -
1372 1125 1556 1204 φίλην
1601 1131 1662 1187 et
1702 1118 1937 1202 κλειτὴν
1982 1119 2316 1203 ἑκατόμβην
2359 1126 2415 1182 Δ
2447 1126 2589 1185 102.
2628 1127 2766 1186 120.

600 1299 742 1359 448.
808 1298 920 1357 Ηίο
976 1299 1120 1358 satis
1179 1295 1503 1359 infeliciter
1559 1318 1731 1357 suum
1789 1292 1976 1372 ἑξείης
2034 1294 2293 1373 ἔστησαν
2347 1315 2414 1354 ex
2475 1295 2764 1354 eiusmodi

430 1383 577 1442 locis
633 1382 1036 1458 deprompsit,
1096 1386 1166 1440 ut
1217 1384 1453 1444 Ψ839.
1497 1405 1536 1440 α
1571 1385 1710 1442 145.
1757 1381 1797 1456 β
1829 1385 1946 1440 341
1983 1403 2072 1458 sq.
2118 1402 2147 1440 τ
2181 1382 2321 1442 574.
2366 1401 2412 1438 ω
2444 1381 2586 1439 385.
2620 1382 2763 1451 411,

432 1468 653 1527 oblitus
698 1471 894 1526 tamen
941 1487 1053 1539 ree,
1098 1487 1249 1543 quae
1294 1470 1557 1527 ordine
1603 1469 1922 1543 dispositae
1968 1468 2276 1539 dicuntur,
2325 1485 2433 1541 per
2475 1465 2766 1540 pluralem

431 1572 663 1627 semper
705 1553 919 1624 efferri,
965 1571 1086 1611 non
1131 1553 1443 1613 collectivo
1488 1553 1778 1629 singulari
1822 1553 2066 1626 includi,
2111 1552 2282 1627 quale
2327 1551 2387 1608 h.
2421 1552 2465 1610 l.
2495 1554 2587 1609 est
2630 1544 2766 1606 ἕκα-

431 1628 636 1711 τόμβη.
730 1637 846 1696 Sed
902 1637 1045 1711 quid
1101 1637 1214 1696 hoc
1270 1640 1345 1696 ad
1399 1641 1674 1698 nostrum
1734 1637 2064 1710 hominem,
2119 1637 2221 1712 qui
2277 1635 2537 1695 habebat
2589 1654 2765 1710 quem

432 1721 628 1779 locum
652 1741 758 1780 suo
782 1741 942 1780 more
969 1723 1028 1780 in
1052 1724 1472 1798 compendium
1492 1722 1791 1797 redigeret
1820 1724 1851 1779 λ
1872 1722 2308 1780 132—134—=
2334 1727 2382 1790 ψ
2399 1721 2603 1778 279-
2611 1720 2766 1778 281.

432 1801 629 1882 ἕρδειν
659 1800 732 1863 θ’
769 1798 976 1883 ἱερὰς
1003 1802 1438 1905 ἑκατόμβας
1479 1806 1490 1884 Ι
1526 1799 1886 1864 α’θανάτοισι
1919 1811 2134 1881 θεοῖσι,
2180 1802 2268 1863 τοὶ
2295 1796 2555 1880 οὖρανον
2584 1796 2769 1880 εὐρὺν

431 1887 659 1966 ἔχουσι,
699 1891 710 1962 Ι
747 1898 895 1948 πᾶσι
937 1883 1076 1964 μάλ’
1124 1887 1392 1966 ἓξείηςῐ
1444 1925 1518 1934 -
1566 1892 1722 1949 Τιιιιι
1773 1887 2067 1968 ἐύδμητον
2110 1910 2244 1968 περι
2291 1886 2500 1964 βωμόν
2542 1890 2761 1947 iterum

432 1995 501 2034 ex
546 1975 769 2051 hymno
815 1976 1017 2051 Apoll.
1051 1977 1224 2053 Pyth.
1262 1980 1341 2035 93
1388 1977 1742 2052 desumpsit.

604 2077 746 2135 449.
821 2076 1181 2154 χερνίψαντο
1211 2080 1367 2154 apud
1403 2079 1727 2137 Homerum
1760 2082 1851 2137 est
1894 2069 2053 2150 απαξ
2096 2072 2434 2155 λεγόμενον,
2479 2076 2579 2136 sed
2609 2077 2767 2135 unde

431 2161 770 2237 profecerit,
818 2182 938 2222 non
970 2164 1307 2222 obscurum.
1371 2163 1523 2222 Vide
1549 2163 1725 2222 modo
1756 2162 1821 2220 Ω
1854 2165 1976 2222 303
2009 2183 2139 2238 sqq.
2172 2196 2252 2205 ——
2284 2156 2322 2238 ἡ
2355 2158 2420 2219 δὲ
2464 2156 2728 2235 παρέστη
2755 2158 2762 2237 Ι

432 2242 789 2323 χέρνιβον
831 2241 1163 2321 ἀμφίπολος
1176 2244 1473 2353 πρόχοόν
1503 2243 1577 2305 θ’
1608 2238 1729 2324 ἅμα
1773 2244 1974 2324 χερσὶν
2020 2244 2252 2323 ἔχουσα.
2292 2245 2302 2325 Ι
2345 2242 2768 2321 νιψάμενος

432 2326 1116 2476 ξὲΐζιιὲπὲλλὲῗοέδέξατο
1159 2323 1231 2410 ἧς
1274 2325 1526 2411 αλόχοιο.
1615 2334 1768 2391 Τιιιιι
1823 2328 1924 2390 καὶ
1984 2326 2310 2409 οὐλοχύτας
2354 2324 2634 2390 ἀνέλοντο
2675 2349 2765 2389 re·

603 2519 1075 2579 450=P275
1122 2523 1360 2579 τοῖσιν
1415 2511 1472 2576 δ’
1517 2509 1818 2598 Ἀτρεΐδης
1873 2507 2124 2599 μεγάλ’
2176 2538 2458 2595 ευχετο,
2516 2520 2766 2595 χεῖρας

431 2596 795 2679 ανασχων.

601 2689 719 2746 451
767 2709 853 2764 sq.
883 2716 964 2738 ==
998 2693 1076 2748 37
1109 2709 1194 2765 sq.
1272 2691 1643 2766 Quamquam
1701 2691 1795 2750 hic
1849 2692 2118 2767 quidem,
2182 2688 2502 2749 dummodo
2568 2691 2767 2747 cetera

431 2774 581 2832 bene
626 2773 927 2848 haberent,
973 2776 1388 2850 repetitionem
1432 2794 1555 2834 non
1599 2777 2026 2852 vituperarem!

603 2859 745 2917 456.
812 2858 905 2917 Cf.
951 2880 1131 2935 supra
1175 2862 1273 2920 67.
1323 2863 1422 2919 97.
1471 2862 1614 2921 341.
1662 2863 1806 2920 398.

603 2944 724 3000 457
758 2969 838 2990 ===
869 2944 982 3015 43,
1044 2944 1116 3003 de
1173 2966 1289 3022 qua
1345 2946 1773 3022 angustissima
1827 2946 2053 3021 expiati
2101 2944 2404 3020 Apollinis
2461 2945 2763 3003 mentione

433 3029 669 3104 egregie
713 3027 828 3086 iam
874 3029 1184 3089 admonuit
1225 3030 1449 3105 Haupt.
1496 3051 1554 3106 p.
1606 3033 1706 3090 98.

602 3131 746 3188 472.
816 3129 907 3188 cf.
939 3152 976 3207 y
1007 3133 1148 3191 486.
1183 3150 1215 3186 ο
1250 3133 1369 3190 184
1416 3130 1479 3189 οἰ
1514 3129 1582 3189 δὲ
1627 3127 1998 3207 πανημέριοι,
2046 3132 2117 3191 de
2162 3151 2279 3207 quo
2328 3132 2444 3189 iam
2487 3132 2766 3206 antiquos

433 3214 799 3273 dubitavisse
819 3219 879 3272 et
902 3217 1264 3291 quaesivisse
1295 3221 1549 3288 constat,
1584 3221 1712 3276 tuin
1744 3218 1962 3275 Σ572.
1996 3238 2043 3291 φ
2070 3218 2198 3275 430
2217 3215 2435 3296 μολπῇ,
2464 3218 2765 3291 postremo

433 3300 483 3354 Z
513 3300 654 3358 380.
688 3300 811 3357 385
852 3295 1002 3359 θεὸν
1046 3296 1408 3360 ἵλασκονται.
1486 3302 1804 3360 Praeterea
1849 3304 2030 3360 etiam
2074 3303 2284 3361 seriem
2331 3320 2530 3360 rerum
2576 3301 2763 3359 altero

432 3384 691 3442 carmine
734 3385 891 3442 infra
936 3386 1050 3443 601
1086 3403 1217 3462 sqq.
1265 3390 1704 3457 enaiwratarum
1765 3387 1891 3445 ubi·
1909 3387 2117 3445 itidem
2164 3387 2261 3444 Dii
2306 3385 2539 3460 epulati
2584 3387 2764 3460 atque

432 3469 734 3527 Musarum
798 3471 973 3528 cantu
1043 3470 1323 3531 delectati
1388 3473 1657 3532 cubitum
1725 3475 1899 3543 eunt,
1969 3491 2075 3530 suo
2143 3490 2309 3530 more
2365 3474 2504 3529 ante
2565 3469 2766 3529 oculos

430 3554 701 3613 habuisse
746 3555 1154 3614 centonarium
1199 3560 1384 3632 patet.

604 3656 726 3714 473
758 3683 839 3704 =
874 3657 933 3712 X
960 3658 1107 3728 391,
1152 3658 1267 3716 nisi
1313 3659 1468 3733 quod
1513 3655 1701 3716 καλόν
1744 3659 1817 3716 de
1861 3678 1967 3718 suo
2013 3658 2200 3716 addit.
2278 3657 2421 3716 Rem
2465 3656 2665 3716 hausit
2693 3677 2768 3716 ex

432 3739 652 3815 hymno
698 3740 898 3814 Apoll.
945 3739 1121 3816 Pyth.
1171 3744 1313 3800 339.

601 3825 743 3882 474.
810 3820 1128 3899 μέλποντες
1173 3827 1388 3885 iterum
1430 3830 1523 3886 est
1551 3828 1710 3902 apud
1744 3828 2065 3886 Homerum
2112 3817 2270 3898 ἅπαξ,
2318 3818 2658 3904 λεγόμενον,
2702 3830 2769 3884 et

431 3910 584 3984 quod
656 3910 915 3968 activum
984 3911 1047 3968 et
1112 3910 1271 3984 quod
1336 3912 1833 3988 significationem
1902 3913 2159 3972 adtinet·
2244 3912 2316 3972 cs.
2384 3911 2764 3970 Friedlaend.

432 3993 700 4052 Ariston.
728 4016 785 4070 p.
815 3997 913 4057 53.
987 3995 1183 4065 Quare
1213 3995 1592 4056 Aristarchus
1623 3997 1795 4056 obelo
1825 3997 2090 4055 notavit.
2136 3988 2224 4054 ὁτι
2261 3994 2504 4070 νομίσας
2543 4015 2627 4064 τις
2661 3991 2766 4052 τὸν

427 4070 761 4136 Ἀπόλλωνα
809 4076 1085 4155 Παιηονα
1130 4076 1407 4180 εἰρῆσθαι
1450 4077 1827 4158 προσέθηκεν
1870 4075 2070 4138 αὐτόν.
2142 4081 2256 4139 Sed
2301 4100 2426 4139 rem
2472 4080 2770 4140 contraxit

432 4182 504 4221 ex
547 4166 595 4219 θ
624 4166 743 4222 367
778 4184 865 4239 sq.
915 4158 1083 4222 ταῦτ’
1130 4155 1232 4240 αρ’
1264 4156 1469 4235 ἀοιδὸς
1513 4162 1719 4224 ἄειδε
1751 4199 1830 4207 --
1862 4158 2050 4242 αὐτὰρ
2075 4158 2393 4236 Ὀδυσσεὺς
2433 4161 2443 4244 Ι
2484 4159 2762 4241 τέρπετ

433 4242 522 4305 ἔνι
567 4245 833 4322 φρεσὶν
876 4239 1020 4328 ᾗσιν
1060 4242 1389 4324 ακούων,
1433 4269 1647 4310 nomen
1693 4245 1976 4327 ἓκαεργον
2017 4271 2086 4309 ex
2143 4250 2254 4308 147
2302 4251 2569 4309 retinuit.

602 4333 741 4390 478.
795 4329 904 4393 Cf.
951 4354 1131 4409 supra
1154 4336 1309 4394 426
1370 4331 1469 4393 καὶ
1528 4328 1652 4393 τότ’
1702 4330 1936 4409 ἔπειτα,
1994 4356 2024 4392 τ
2054 4336 2177 4394 202
2222 4328 2545 4412 ἀνάγοντο,
2605 4335 2766 4409 quod

434 4436 659 4476 memor
701 4438 977 4479 versuum
1025 4421 1169 4479 229.
1222 4408 1363 4482 384.
1410 4421 1530 4479 423
1577 4420 1732 4478 male
1775 4419 2082 4479 coniunxit
2125 4440 2259 4480 cum
2317 4424 2599 4481 consueta
2643 4419 2765 4478 for-
