3132 5129
1255 383 1717 447 —339—

320 542 382 598 et
425 537 737 599 sentiendo
783 539 1107 615 concipere.
1187 539 1302 597 Sed
1350 540 1658 598 mittamus
1688 539 1957 599 homines
1985 540 2150 611 fumo
2191 540 2463 612 famoso&
2508 560 2649 616 quo·

319 644 452 682 rum
509 627 714 682 utrum
769 624 987 719 magis
1020 625 1211 684 rideas
1278 625 1681 700 ignorantiam
1734 644 1811 682 an
1870 624 2197 701 indigneris
2250 626 2651 699 arrogantiam

321 708 561 767 dubites
608 741 684 750 —
734 704 909 781 ξύνες
966 698 1037 765 όν
1081 729 1168 767 τοι
1224 704 1371 786 λέγω
1415 741 1494 750 -
1541 713 1604 768 et
1645 714 2015 768 transeamus
2060 710 2133 769 ab
2180 709 2468 786 ampullis
2513 728 2652 783 pro-

320 792 708 853 fundentibus
765 793 839 852 ad
888 794 1176 863 Quintum
1236 794 1552 854 verbosum
1616 794 1885 869 quidem,
1944 814 2152 853 verum
2209 795 2540 871 simplicem
2594 797 2655 852 et

321 883 583 937 tenuem.
659 878 748 936 Ex
793 897 861 938 eo
906 879 1095 953 igitur
1137 879 1370 953 aliquot
1414 879 1577 938 locos
1621 879 1730 937 hac
1773 880 2031 955 epistula
2076 882 2355 954 tractavi,
2405 880 2477 938 de
2523 880 2652 954 qui-

319 964 432 1022 bus
475 963 774 1039 plerisque
817 981 1009 1038 neque
1054 964 1130 1021 ab
1175 963 1310 1022 aliis
1365 982 1558 1039 neque
1608 982 1744 1022 vero
1792 983 1825 1021 a
1883 964 1966 1022 Te
2021 965 2082 1022 in
2140 964 2654 1024 observationibus

322 1047 546 1106 dictum
578 1054 736 1122 erat3
782 1055 1092 1123 praeterea
1121 1048 1306 1106 adieci
1336 1048 1657 1124 quaedam,
1708 1067 1860 1124 quae
1890 1049 2135 1123 insuper
2164 1068 2196 1108 e
2225 1048 2421 1108 codice
2454 1049 2653 1107 Mona-

324 1132 485 1191 censi
531 1132 889 1191 videbantur
933 1134 1127 1191 afferri
1185 1152 1379 1207 posse.
1453 1132 1679 1192 Contra
1721 1133 1825 1191 ubi
1871 1153 1907 1191 a
1949 1133 2032 1192 'I'e
2078 1133 2223 1192 mihi
2270 1135 2385 1192 fuit
2427 1134 2655 1193 dissen-

321 1217 622 1291 tiendum,
672 1216 742 1276 de
788 1218 861 1276 iis
905 1236 1016 1293 ego
1069 1217 1214 1277 locis
1258 1236 1444 1276 meam
1506 1218 1864 1278 sententiam
1913 1238 2045 1277 cum
2102 1219 2445 1277 Hermanno
2501 1236 2654 1277 com-

323 1302 652 1378 municavi,
702 1303 837 1377 qui,
901 1303 989 1361 uti
1035 1321 1148 1379 ego
1195 1306 1569 1379 optaveram,
1615 1322 1683 1361 ea
1726 1303 1787 1361 in
1834 1304 2173 1363 recensione
2220 1304 2291 1361 de
2336 1304 2507 1362 libris
2551 1322 2656 1361 no-

243 1397 266 1406 ·
323 1388 462 1446 stris
527 1386 620 1445 his
686 1387 834 1462 ipsis
898 1388 962 1446 in
1028 1388 1338 1447 annalibus
1407 1384 1553 1466 [VII
1622 1384 1844 1467 (1840)
1911 1408 1970 1463 p.
2039 1384 2419 1467 257—275]
2490 1388 2657 1446 edita

323 1471 544 1547 publici
590 1472 737 1531 iuris
783 1472 939 1534 fecit.

493 1556 693 1632 Atque
736 1576 807 1616 ex
849 1557 1003 1616 libro
1036 1558 1233 1630 primo
1277 1558 1518 1633 quidem
1564 1577 1619 1616 v.
1672 1558 1780 1633 18,
1830 1559 1931 1633 qui
1979 1558 2160 1635 vulgo
2207 1558 2292 1617 sic
2335 1557 2581 1634 legitur:

580 1671 686 1732 καὶ
723 1670 855 1733 τότε
906 1667 1322 1752 Θερμώδοντος
1364 1667 1473 1733 ἀπ’
1522 1668 1878 1753 εὐρυπόροιο
1921 1671 2198 1755 ῥοάων,

327 1812 359 1852 e
405 1794 535 1857 cod.
582 1795 813 1854 Monac.
861 1795 947 1854 sic
988 1795 1368 1855 emendatur:
1406 1828 1482 1836 —
1531 1787 1886 1872 εὐρυπόροιο
1932 1789 2292 1870 ῥεέθρων,
2335 1814 2517 1871 quam
2561 1814 2659 1854 vo·
2693 1803 2790 1852 702

326 1898 452 1937 cem
496 1898 531 1937 a
575 1879 796 1951 Quinto
839 1880 1090 1956 positam
1124 1900 1251 1939 esse
1296 1883 1543 1957 apparet
1588 1879 1750 1954 inde,
1800 1880 1958 1956 quod
2002 1880 2158 1939 idem
2199 1885 2484 1956 quattuor
2513 1881 2659 1940 locis

327 1962 435 2041 (ΙΙ,
484 1964 627 2024 241.
672 1963 747 2040 V,
793 1965 937 2027 433.
986 1964 1089 2040 VI,
1136 1965 1279 2023 465.
1326 1959 1480 2045 469)
1543 1966 1725 2023 etiam
1772 1966 1976 2025 dativo
2022 1961 2368 2041 ῥεέθροις
2413 1966 2475 2024 in
2523 1984 2657 2024 ver-

326 2068 500 2107 suum
546 2051 708 2108 exitu
755 2068 895 2110 usus
940 2053 1060 2124 est,
1118 2049 1444 2125 repudiatis
1490 2050 1818 2109 Homericis
1864 2051 2145 2109 clausulis
2191 2046 2428 2119 ῥοάων
2474 2046 2565 2127 (Γ
2600 2052 2659 2109 5.

330 2132 900 2214 A91.Z4.T1)
955 2138 1017 2193 et
1061 2131 1284 2214 ῥοῇσι
1357 2132 1622 2215 (11229.
1696 2136 1834 2193 669.
1909 2137 2050 2194 679.
2109 2134 2358 2210 ζ216).
2439 2133 2662 2193 Contra

325 2218 482 2294 apud
528 2219 854 2278 Homerum
901 2238 1074 2296 saepe
1119 2218 1360 2294 quidem
1405 2214 1715 2297 ῥέεθρα,
1762 2224 1830 2277 ut
1876 2221 2052 2278 etiam
2082 2220 2240 2295 apud
2273 2219 2341 2288 Q.
2376 2218 2481 2295 (ΙΙ,
2520 2221 2658 2277 116.

329 2303 439 2377 111,
490 2305 588 2362 23.
639 2306 780 2363 639.
828 2305 970 2362 656.
1046 2302 1149 2378 IV,
1200 2303 1341 2362 156.
1409 2302 1495 2379 V,
1545 2306 1688 2362 367.
1735 2305 1880 2362 453.
1948 2302 2067 2378 Vl,
2117 2305 2261 2365 266.
2331 2303 2466 2378 VII,
2520 2306 2659 2361 119.

328 2387 495 2463 VIII,
537 2389 673 2447 143.
724 2389 865 2447 344.
914 2388 1016 2463 ΙΧ,
1058 2389 1192 2446 178.
1238 2388 1339 2463 XI,
1375 2387 1476 2446 21.
1524 2388 1657 2463 XII,
1696 2389 1834 2446 165.
1872 2389 2012 2447 181.
2053 2348 2218 2463 XIV,
2276 2387 2444 2464 640),
2492 2407 2662 2446 num-

333 2492 512 2549 quam
556 2477 755 2532 autem
801 2469 1139 2549 ῥεέθρωμ
1184 2477 1288 2530 aut
1345 2468 1694 2550 ῥεέθροις
1746 2473 1809 2532 in
1853 2473 2129 2532 extremis
2174 2473 2443 2533 versibus
2499 2473 2662 2531 inve-

327 2559 515 2618 nitur.
589 2558 659 2618 In
704 2558 916 2619 mediis
961 2557 1260 2633 versibuS,
1309 2558 1508 2634 prouti
1555 2561 1813 2618 metrum
1871 2559 2164 2634 postulat,
2223 2562 2475 2634 utraque
2519 2577 2663 2617 voce

329 2645 521 2702 utitur
552 2644 839 2714 Quintus:
888 2645 1010 2705 vid.
1057 2640 1336 2722 ῥέεθρα
1380 2644 1426 2717 Ι,
1462 2643 1605 2702 284.
1650 2645 1722 2720 Χ,
1760 2645 1901 2702 190.
1947 2642 2052 2717 VI,
2088 2647 2241 2719 551,
2287 2644 2390 2703 ubi
2422 2647 2666 2719 propter

330 2747 634 2787 caesuram
664 2730 1021 2789 trochaicam
1052 2728 1309 2788 scribere
1340 2729 1591 2787 evitavit
1630 2723 1828 2800 Ἀξιοῦ
1870 2722 2026 2800 ἀμφὶ
2073 2723 2276 2805 ῥοάς·
2327 2724 2528 2786 ἔκιεν
2557 2748 2660 2791 -;

331 2810 506 2890 ῥοαί
542 2814 588 2888 I,
637 2816 779 2872 296.
828 2814 898 2888 V,
957 2817 1047 2888 15,
1096 2811 1307 2890 ῥοαῖς
1352 2813 1444 2888 ΙΙ,
1492 2816 1635 2876 488.
1681 2813 1784 2888 XI,
1837 2815 1953 2872 136
2012 2808 2147 2892 (ubi
2191 2832 2298 2889 pro
2345 2811 2481 2893 ῥοῇ
2537 2813 2664 2888 plu·

327 2899 512 2956 ralem
581 2899 924 2973 ponendum
975 2919 1102 2958 esse
1153 2899 1277 2974 ipse
1346 2899 1462 2957 iam
1517 2899 1742 2957 dudum
1795 2899 2046 2958 docuisti
2108 2901 2169 2957 in
2236 2900 2434 2957 Mani.
2485 2893 2661 2976 [quae

330 2983 483 3041 libro
530 2984 642 3058 „de
699 3003 875 3044 versu
918 2983 1144 3042 Graeco
1204 2982 1480 3042 heroico“
1535 2984 1767 3042 adiecta
1822 2982 1937 3061 est]
1997 3002 2057 3058 p.
2107 2985 2228 3043 258
2256 2983 2391 3059 sq.),
2452 2979 2666 3060 ῥοάς

331 3067 454 3142 ΙΙΙ,
504 3070 645 3132 748.

500 3153 652 3211 Tum
711 3153 770 3212 in
826 3152 1033 3213 eodem
1091 3153 1244 3212 libro
1300 3172 1358 3212 v.
1407 3153 1525 3212 331
1578 3173 1666 3229 sq.
1729 3153 2095 3230 Tychsenius
2149 3173 2182 3211 e
2241 3153 2413 3212 codd.
2476 3152 2660 3228 Neap.

330 3236 481 3296 Ven.
529 3242 590 3297 et
635 3237 770 3297 Vat.
817 3260 853 3316 y
897 3238 1044 3313 (vid.
1094 3237 1324 3297 Schow.
1371 3240 1532 3310 epist.
1581 3242 1705 3299 crit.
1750 3259 1811 3314 p.
1865 3238 1974 3314 65)
2023 3238 2222 3296 dedit:

583 3346 668 3420 πῇ
714 3338 831 3397 νῦν
879 3337 1173 3398 Τυδείὸαο
1217 3338 1356 3416 βίη,
1402 3338 1488 3419 πῇ
1532 3332 1594 3397 δ’
1643 3338 1971 3411 Αἰακίδαο,

583 3423 703 3482 ποῦ
749 3418 806 3480 δ’
860 3422 1192 3495 Αἴαντος
1238 3421 1384 3502 ἔβη.

331 3543 402 3602 In
449 3543 670 3602 Aldina
702 3547 933 3602 tantuin
978 3550 1123 3601 ποῦ
1169 3538 1229 3601 δ’
1278 3541 1602 3612 Αἴαντος
1647 3544 1990 3620 legebatur,
2042 3544 2253 3602 mutilo
2283 3562 2483 3603 versu.
2530 3542 2662 3599 Ele·

333 3630 668 3704 gantiorem
713 3629 787 3688 ob
835 3630 1083 3705 copulae
1140 3630 1437 3688 defectum
1484 3630 1798 3688 lectionem
1847 3629 2089 3687 exhibet
2143 3629 2273 3686 cod.
2321 3629 2477 3686 Mon.
2526 3634 2667 3684 ποῦ

335 3709 409 3770 ὁιὲ
440 3711 561 3772 καὶ
590 3711 945 3788 Αἴαντος,
992 3735 1169 3790 quam
1212 3714 1460 3772 eandem
1493 3712 1881 3773 coniectando
1912 3716 2215 3772 assecutus
2246 3716 2336 3771 est
2369 3713 2663 3771 Pauwius.

504 3799 655 3857 Tum
703 3818 760 3858 v.
809 3799 932 3858 502
965 3819 1093 3875 sqq.

592 3934 661 3942 —
712 3892 784 3957 οὐ
827 3894 939 3976 γὰρ
986 3920 1136 3959 εοικε
1184 3889 1328 3971 Διὸς
1372 3919 1519 3976 μεγα
1515 3894 1642 3956 ’λου
1686 3918 1988 3976 γεγαωτας

586 3981 892 4059 αἰσχύνειν
935 3983 1207 4076 πατέρων
1251 3981 1414 4062 ἱερὸν
1457 3981 1666 4061 γένος,
1712 3981 1780 4042 οἴ
1816 3982 1891 4061 ῥα
1936 3981 2037 4042 καὶ
2080 3978 2252 4041 αὐτοὶ

594 4067 858 4146 Τρώων
899 4060 1120 4148 ἀγλαὸν
1160 4066 1316 4129 ἄστυ
1360 4066 1694 4142 διέπραθον
1739 4064 1991 4149 ἐγχείῃσι

335 4190 396 4246 in
443 4190 567 4248 cod.
617 4189 843 4249 Monac.
889 4190 1114 4267 legitur
1175 4186 1444 4266 Τροίης
1496 4182 1626 4266 ἆγλ.
1684 4209 1742 4246 α.
1730 4228 1778 4262 .,
1838 4187 1995 4262 quod
2053 4207 2254 4246 verum
2317 4189 2483 4262 puto.
2560 4187 2672 4246 Est

337 4274 493 4332 enim
537 4274 778 4349 aliquod
825 4275 1173 4350 discrimen,
1222 4277 1423 4333 utrum
1474 4266 1747 4347 Τρωων
1792 4292 1864 4330 an
1919 4269 2189 4351 Τροίης
2232 4265 2388 4329 ἄστυ
2418 4272 2667 4331 dicatur.

335 4358 463 4417 Hoc
509 4359 666 4417 enim
715 4359 764 4418 si
810 4361 1086 4435 ponitur,
1146 4360 1495 4435 simpliciter
1537 4359 1681 4417 urbs
1728 4358 1940 4426 Troia,
1994 4359 2031 4415 i.
2078 4376 2129 4415 e.
2190 4358 2360 4426 urb3,
2420 4358 2512 4416 cui
2569 4376 2669 4416 no-

334 4463 468 4502 men
514 4449 605 4502 est
651 4444 890 4514 Troiae,
937 4447 1328 4520 memoratur,
1389 4445 1554 4502 nulla
1600 4443 1923 4502 incolarum
1969 4443 2174 4501 habita
2216 4443 2475 4518 ratione3
2523 4443 2672 4502 illud

2157 4538 2267 4593 22*
