3132 5129
1353 398 1812 459 -114-

418 556 624 631 Neque
669 556 845 615 aliter
889 556 1161 631 Heynius
1202 574 1408 614 versus
1438 556 1582 613 olim
1628 573 1689 612 se
1720 556 2012 629 excepisse
2045 552 2388 611 dubitanter
2432 552 2753 612 coniecisse

416 642 683 715 videtur,
729 660 1087 716 quamquam
1132 659 1290 699 nunc
1319 659 1633 715 operarum
1679 658 1874 698 errore
1904 657 2249 714 perversum
2278 637 2435 696 hunc
2480 637 2754 696 ordinem

419 727 743 785 indicatum
788 726 1074 801 legimus:
1125 745 1282 799 „vsa
1314 727 1457 784 200.
1507 726 1650 784 204.
1699 727 1754 780 5.
1805 727 1861 783 6.
1911 725 2054 783 201.
2105 725 2161 784 2.
2212 722 2396 782 207.“
2473 722 2589 780 Sed
2624 726 2752 780 tum

417 811 576 869 haud
620 814 759 886 apte
805 810 1014 869 Glauci
1060 812 1247 885 ipsius
1293 812 1587 886 originem
1636 802 1978 883 Ἱππόλοχος
2024 801 2084 863 δ’
2133 801 2228 882 ἔμ’
2277 802 2490 879 ἔτικτε,
2535 804 2637 865 καὶ
2683 802 2749 864 ἐκ

419 902 524 953 τοῦ
567 892 720 971 φημὶ
764 891 1052 972 γενέσθαι
1093 898 1192 955 avi
1239 896 1536 953 erroribus
1581 896 1819 952 adnecti
1877 911 2048 951 nemo
2105 912 2228 951 non
2284 894 2497 967 sentit,
2557 911 2754 967 neque

418 982 659 1039 omnino
706 1000 1061 1055 quemquam
1108 981 1180 1038 de
1227 981 1581 1055 suspicionis
1626 983 1864 1037 nostrae
1911 979 2161 1036 veritate
2202 977 2613 1035 dubitaturum
2657 998 2751 1036 ar-

418 1066 639 1139 bitror,
686 1066 788 1123 ubi
834 1066 1012 1123 semel
1059 1065 1257 1123 locum
1301 1086 1338 1123 a
1382 1064 1614 1123 duabus
1661 1063 2224 1139 interpolationibus
2255 1067 2576 1138 purgatum
2620 1081 2753 1136 per·

417 1151 657 1226 legerit:
2078 1195 2083 1200 .

529 1261 623 1307 196
709 1246 752 1327 ἢ
795 1243 855 1308 δ’
903 1249 1058 1310 ἔτεκε
1102 1249 1231 1342 τρία
1273 1247 1453 1310 τέκνα
1499 1250 1787 1326 δαΐφρονι
1832 1247 2305 1329 Βελλεροφόντῃ,

704 1329 1030 1409 Ἴσανδρόν
1073 1357 1132 1394 τε
1176 1357 1278 1393 και
1314 1330 1665 1414 Ἱππόλοχον
1707 1333 1807 1394 καὶ
1852 1330 2271 1409 Λαοδάμειαν·

718 1420 1068 1523 Λαοδαμείῃ
1111 1417 1222 1496 μὲν
1264 1418 1619 1497 παρελέξατο
1661 1420 1902 1497 μητίετα
1947 1417 2134 1494 Ζεύς,

717 1501 761 1581 ἢ
804 1500 861 1562 δ’
912 1500 1064 1563 ἔτεκ’
1110 1499 1399 1564 ἀντίθεον
1443 1503 1811 1612 Σαρπηδόνα
1856 1497 2362 1582 χαλκοκορυστήν·

527 1599 627 1646 203
703 1587 1029 1667 Ἴσανδρον
1071 1587 1138 1647 δέ
1179 1589 1243 1648 οἱ
1278 1588 1416 1649 υιὸν
1446 1589 1630 1668 ’Άρης
1674 1582 1814 1661 ἆτος
1858 1586 2131 1666 πολέμοιο

714 1673 1094 1752 μαρνάμενον
1136 1674 1463 1779 Σολύμοισι
1507 1672 1826 1734 κατέκτανε
1872 1673 2319 1751 κυδαλίμοισιν·

524 1769 623 1816 206
703 1755 1044 1837 Ἱππόλοχος
1090 1755 1150 1818 δ’
1200 1752 1292 1836 ἔμ’
1342 1758 1590 1834 ἔτικτε,
1586 1757 1701 1819 καὶ
1751 1757 1815 1819 ἐκ
1861 1768 1965 1819 τοῦ
2011 1779 2164 1836 φημι
2209 1755 2511 1836 γενέσθαι.

417 1881 533 1938 Ubi
580 1883 746 1954 patet
789 1878 1023 1937 Isandri
1069 1884 1323 1937 mortem
1370 1884 1431 1938 et
1457 1885 1769 1956 propterea
1808 1882 2041 1938 tantum
2086 1881 2562 1954 commemorari,
2596 1882 2761 1956 quod

307 2025 313 2030 ,
416 1965 643 2022 nullam
689 1966 1035 2039 progeniem
1081 1965 1356 2038 reliquit,
1413 1970 1472 2023 et
1529 1969 2051 2024 commemoratam
2109 1966 2173 2024 in
2228 1982 2401 2024 causa
2457 1967 2639 2024 fuisse
2682 1969 2761 2041 ei,

419 2050 520 2123 qui
567 2069 632 2108 ex
680 2049 798 2107 alia
844 2050 915 2106 de
975 2049 1433 2123 Bellerophonte
1489 2051 1834 2108 narratione
1894 2054 2013 2109 tres
2070 2050 2204 2109 illos
2261 2051 2334 2109 de
2393 2054 2518 2110 eius
2575 2052 2760 2110 infor·

418 2135 587 2196 tunio
645 2154 848 2193 versus
904 2133 1165 2207 addidit,
1222 2137 1290 2191 ut
1357 2136 1538 2192 etiam
1596 2135 1983 2193 Laodamiam
2037 2155 2074 2192 a
2130 2135 2323 2194 Diana
2377 2137 2761 2195 interfectam

416 2218 668 2293 fingeret
709 2238 886 2279 versu
930 2239 965 2277 a
1025 2218 1199 2276 solita
1255 2219 1359 2276 illa
1416 2220 1859 2278 contaminandi
1916 2223 2046 2278 arte
2098 2238 2219 2278 non
2276 2222 2454 2279 nimis
2508 2225 2759 2280 remoto.

420 2303 573 2361 Nam
621 2301 729 2379 τὴν
774 2300 841 2360 δὲ
886 2297 1263 2378 χολωσαμένη
1308 2302 1489 2363 habes
1536 2305 1593 2359 Γ
1630 2306 1786 2378 413;
1846 2308 1976 2362 tum
2020 2298 2372 2380 χρυσήνιος,
2431 2305 2588 2381 quod
2633 2308 2763 2380 epi-

420 2387 629 2446 theton
674 2388 820 2446 alihi
862 2406 985 2445 non
1030 2389 1334 2446 invenitur
1364 2390 1520 2462 apud
1566 2389 1921 2462 Homerum,
1971 2390 2167 2446 Mars
2209 2390 2381 2448 audit
2425 2394 2474 2445 θ
2506 2392 2629 2448 285
2659 2391 2761 2447 hic

422 2473 661 2547 quidem
708 2473 935 2530 Dianae
981 2473 1290 2529 saevitatis
1335 2473 1616 2550 signifer-3
1664 2476 1724 2532 et
1768 2474 2093 2532 clausulam
2140 2474 2307 2532 illam
2352 2470 2575 2552 πατέρα
2620 2477 2761 2531 κλυ-

423 2553 532 2613 τὸν
577 2553 747 2614 ἕκτα
791 2558 924 2633 quis
967 2555 1203 2615 nescit?

589 2642 658 2699 In
724 2640 1028 2700 Diomedis
1093 2643 1475 2715 responsione
1541 2644 1721 2701 nimis
1786 2644 2085 2719 patienter
2148 2662 2352 2703 versus
2420 2646 2760 2703 221—223

421 2727 860 2785 toleraverunt.

671 2826 777 2884 καί
813 2849 917 2902 μιν
962 2823 1096 2921 ἐγώ
1120 2824 1464 2902 κατέλειπον
1508 2825 1619 2888 ἰων
1664 2826 1732 2887 ἕν
1775 2824 2006 2905 δώμασ’
2057 2825 2271 2905 ἐμοῖσι·

680 2907 875 2969 Τυδέα
922 2906 976 2966 δ’
1025 2933 1098 2970 ου
1143 2894 1477 2989 μέμνημαι,
1525 2910 1658 2972 ἐπεί
1695 2910 1761 2988 μ’
1811 2911 1893 2972 ἔτι
1939 2911 2166 2972 τυτθὸν
2211 2908 2381 2972 ε’όντα

677 2991 957 3071 κάλλιφ’,
1004 2990 1099 3054 οτ’
1150 2994 1218 3054 έν
1266 2993 1534 3078 Θήβῃσιν
1578 2991 1844 3057 ἀπώλετο
1888 2989 2026 3068 λαός
2064 2991 2339 3075 Ἀχαιῶν.

421 3098 538 3156 Cur
593 3098 873 3172 poculum
927 3099 1072 3157 illud
1132 3099 1354 3158 diserte
1400 3103 1603 3159 narret
1646 3101 1965 3160 Diomedes
2027 3120 2063 3159 a
2121 3120 2181 3159 se
2239 3101 2401 3160 domi
2456 3103 2754 3176 relictum,

420 3202 538 3241 non
585 3183 755 3241 facile
800 3185 932 3258 quis
975 3184 1210 3243 dixerit.
1300 3185 1460 3243 Num
1518 3203 1870 3244 occursurus
1929 3190 2020 3245 est
2077 3186 2286 3245 Glauci
2341 3186 2755 3261 postulationi,

421 3271 487 3325 ut
531 3267 680 3324 illud
727 3270 1084 3327 narrationis
1143 3288 1282 3328 suae
1340 3269 1764 3329 documentum
1821 3271 1934 3328 sibi
1989 3272 2049 3328 in
2108 3275 2489 3345 conspectum
2547 3271 2763 3329 afferat

426 3351 559 3409 fidei
608 3353 907 3412 faciendae
965 3372 1173 3427 causa,
1207 3362 1308 3412 ‘an
1365 3349 1498 3410 κατ’
1561 3349 1924 3429 ἅντίφρασιν
1973 3354 2130 3413 ludit
2186 3374 2317 3414 cum
2372 3357 2583 3430 poculo
2644 3357 2758 3414 sibi

425 3437 704 3495 relicto
755 3434 1149 3519 (κατέλειπον)
1197 3457 1557 3513 componens
1614 3458 1673 3496 se
1717 3440 1912 3515 ipsum
1968 3440 2321 3498 relictum
2375 3433 2677 3520 (κάλλιφ’)
2724 3462 2763 3498 a

421 3521 645 3595 patre?
690 3523 771 3580 Et
813 3523 956 3597 quid
1003 3528 1118 3596 est,
1165 3542 1415 3597 quaeso,
1463 3525 1621 3599 quod
1667 3524 1790 3597 hic,
1852 3525 1950 3582 ubi
2000 3525 2414 3582 tantummodo
2469 3526 2541 3583 de
2588 3524 2761 3584 donis

422 3606 808 3680 hospitalitiis
861 3607 936 3666 ab
984 3606 1182 3666 Oeneo
1228 3610 1290 3664 et
1333 3608 1794 3683 Bellerophonte
1840 3613 2046 3667 mutuo
2093 3609 2248 3669 datis
2294 3628 2484 3668 sermo
2532 3613 2637 3685 est,
2686 3610 2762 3667 de

422 3696 655 3748 matura
687 3691 899 3766 srydei
953 3695 1147 3751 morte
1205 3710 1425 3767 suaque
1485 3693 1741 3751 orbitate
1797 3693 2084 3769 quaedam
2143 3694 2325 3753 infert
2380 3713 2619 3769 prorsus
2673 3697 2762 3752 in-

422 3775 636 3833 utilia?
714 3776 898 3851 Atqui
956 3796 1073 3851 quo
1131 3778 1507 3852 cognationis
1566 3778 1800 3836 vinculo
1859 3781 1984 3853 ipse
2040 3784 2110 3836 ut
2163 3778 2350 3854 Tydei
2407 3778 2563 3837 filius
2624 3798 2762 3837 cum

424 3857 624 3919 Oeneo
669 3862 1023 3919 coniunctus
1070 3861 1278 3935 suerit,
1337 3881 1667 3921 memorare
1724 3862 1995 3922 debebat.
2071 3862 2295 3921 Verum
2341 3864 2451 3922 hoc
2497 3865 2545 3922 si
2592 3866 2760 3940 igno-

422 3944 596 4002 rabat
641 3944 896 4005 Glaucus
942 3978 1020 3987 —-
1069 3946 1161 4004 cui
1207 3949 1406 4005 tamen
1453 3947 1772 4006 Diomedes
1819 3947 2081 4023 Tydides
2124 3948 2464 4022 appellatur
2514 3950 2631 4006 145
2653 3980 2759 4023 —-,

421 4046 495 4086 ne
550 4030 670 4088 illis
728 4030 968 4105 quidem
1017 4031 1282 4089 versibus
1335 4032 1551 4092 certior
1605 4033 1702 4106 fit,
1760 4033 1977 4107 quihus
2035 4033 2225 4108 Tydei
2284 4034 2452 4108 origo
2505 4036 2759 4091 tacetur.

421 4112 588 4171 Nihil
642 4115 939 4173 lucramur
993 4116 1343 4175 scholiastae
1399 4118 1739 4190 cuiusdam,
1809 4118 1912 4191 qui
1968 4116 2124 4175 haud
2187 4119 2307 4176 scio
2365 4137 2443 4175 an
2495 4138 2625 4193 μιν
2677 4117 2758 4176 ad

424 4196 687 4256 Oeneum
743 4219 861 4258 non
919 4201 996 4258 ad
1050 4200 1329 4275 poculum
1384 4201 1714 4275 rettulerit,
1784 4202 2031 4260 obscura
2084 4202 2456 4277 abruptaque
2514 4202 2762 4261 adnota-

422 4283 618 4340 tione:
680 4282 806 4341 καί
842 4305 974 4360 μιν
1028 4281 1192 4362 sym:
1255 4282 1515 4357 απαιδος
1570 4307 1681 4363 γαρ
1726 4288 2108 4356 τελευτῶντος
2168 4281 2394 4356 Οἰνέως
2454 4282 2761 4363 Διομήδης

421 4360 608 4425 αὐτὸν
651 4371 1015 4445 κληρονομεῖ.
1108 4370 1203 4429 Ab
1248 4371 1383 4429 aliis
1429 4375 1591 4430 certe
1636 4371 1707 4428 de
1739 4371 1969 4429 duobus
2013 4371 2444 4446 posterioribus
2488 4371 2763 4432 versibus

422 4451 538 4509 iam
584 4454 728 4511 olim
776 4455 1121 4513 dubitatum
1164 4474 1291 4513 esse
1335 4460 1591 4515 testatur
1636 4456 1985 4514 brevissima
2029 4459 2203 4515 nota.
2268 4452 2481 4514 ἄτοποι
2537 4456 2599 4515 οἰ
2647 4453 2763 4515 δύο

385 4804 420 4813 ,
501 4794 688 4925 ,N
