3132 5129
1286 435 1360 445 -
1459 399 1565 461 141
1673 413 1753 443 -·

639 548 940 634 Ἀργείους
983 553 1147 632 παρὰ
1192 553 1443 631 νηυσίν,
1489 548 1882 631 ἀτυζομένους
1926 544 2046 612 ὑπὸ
2095 552 2328 612 καπνοῦ

329 678 711 735 contractum
754 695 825 734 ex
869 673 1112 751 egregio
1169 673 1298 733 loco
1345 675 1377 731 1
1411 675 1527 731 241
1549 692 1680 750 sqq.

647 799 886 852 στεῦται
921 788 1040 896 γὰρ
1087 799 1255 867 νηῶν
1296 785 1684 868 ἆποκοψέμεν
1724 787 1882 869 όῖκρα
1926 789 2197 894 κόρυμβα
2519 865 2531 886 ⁸

650 869 837 948 αὐτάς
884 899 915 936 τ
988 873 1406 956 ἐμπρήσειν
1447 878 1704 954 μαλεροῦ
1746 874 1965 954 πυρός,
2011 874 2202 955 αυτὰρ
2243 869 2581 954 Ἀχαιους

649 958 906 1044 δῃώσειν
946 957 1141 1040 παρὰ
1189 961 1362 1043 τῇσιν
1401 956 1907 1038 ἀτυζομένους
1953 955 2104 1022 ὑπὸ
2153 969 2475 1031 καπνοῦ,

348 1081 456 1140 ubi
502 1084 643 1140 ante
687 1081 1028 1140 Bekkerum
1072 1082 1196 1141 fere
1238 1101 1550 1158 perperam
1597 1081 1889 1141 edebatur
1935 1073 2448 1159 ὀρινομένους.

514 1166 750 1226 Tertiae
805 1167 1123 1241 orationis,
1181 1185 1299 1242 qua
1351 1168 1471 1225 ism
1515 1186 1699 1243 equos
1739 1171 1810 1225 ut
1854 1168 2047 1227 socios
2091 1187 2369 1227 servosve
2416 1159 2520 1243 (cf.
2556 1166 2685 1236 ζ71

336 1239 426 1320 ὂς
483 1247 673 1309 εἰπὼν
717 1246 1024 1328 δμώεσσιν
1075 1245 1358 1325 ἐκέκλετο)
1405 1251 1634 1312 Hector
1676 1252 2026 1328 compellat,
2083 1253 2344 1329 ineptiae
2387 1270 2495 1310 nec
2539 1252 2689 1309 anti-

339 1354 494 1410 quos
557 1355 666 1395 nec
709 1337 1073 1395 recentiores
1118 1336 1480 1396 fefellerunt.
1572 1337 1652 1395 Et
1695 1337 1782 1396 illi
1831 1338 2073 1412 quidem
2118 1338 2267 1396 duos
2316 1355 2520 1418 versus
2565 1354 2690 1395 sus-

342 1420 652 1497 tulerunt,
698 1422 960 1496 primum
1009 1421 1130 1480 185

675 1534 886 1602 Ξάνθε
930 1560 989 1599 τε
1034 1535 1135 1598 καὶ
1177 1537 1291 1616 σύ,
1341 1533 1658 1619 Πόδαργε,
1705 1536 1808 1599 καὶ
1854 1538 2080 1599 Αἴθων
2124 1531 2342 1617 Λάμπε
2387 1560 2445 1598 τε
2491 1536 2609 1610 δῖε,

349 1654 489 1737 ,,ὃ’τι
534 1652 804 1735 οὐδαμοῦ
833 1652 1096 1735 ’Όμηρος
1142 1656 1478 1737 τεθρίππου
1535 1667 1747 1738 χρῆσιν
1788 1657 2149 1738 παρεισάγει.
2204 1657 2449 1737 μάχεται
2486 1655 2551 1717 δὲ
2593 1654 2694 1717 καὶ

340 1740 414 1801 τὰ
460 1738 809 1820 ἐπαγόμενοι
855 1740 1066 1815 δυϊκά,
1125 1741 1227 1803 καὶ
1268 1739 1307 1821 ἡ
1350 1739 1776 1822 προσφώνησις
1822 1735 2116 1822 εὖήθηςίί,
2173 1765 2280 1806 nec
2324 1746 2696 1805 doctissimos

355 1830 549 1904 viros,
619 1830 777 1889 unde
819 1848 1003 1906 equos
1047 1829 1290 1889 Hectori
1334 1848 1442 1889 suo
1489 1832 1660 1905 quasi
1704 1834 2012 1891 mutuatus
2059 1831 2138 1890 sit
2180 1831 2559 1907 compilator,
2615 1831 2695 1889 fe-

344 1914 533 1974 follit:
594 1907 899 1973 ἆθετεῖται
952 1909 983 1971 ὁ
1035 1913 1259 1991 στίχος,
1321 1913 1561 1992 πρῶτόν
1613 1936 1679 1991 γε
1733 1913 1834 1974 καὶ
1880 1912 1973 1973 διὰ
2021 1913 2085 1974 τὸ
2131 1909 2254 1984 σύ,
2310 1907 2435 1974 εἶτα
2478 1910 2581 1973 διὰ
2626 1910 2696 1973 τὰ

346 1992 648 2075 ὀνόματα·
721 1994 976 2075 Λάμπος
1042 1994 1155 2076 γὰρ
1210 2006 1316 2076 τῆς
1367 1994 1547 2071 Ἠοῦς
1607 1996 1768 2059 ἐστιν
1821 1997 2004 2071 ἵππος
2062 1996 2142 2079 (ψ
2201 1999 2385 2080 246),
2452 1993 2695 2070 Ξάνθος

349 2077 655 2160 Ἀχιλλέως
690 2085 776 2160 (Τ
799 2083 971 2161 400),
1005 2077 1316 2162 Πόδαργος
1351 2080 1692 2161 Μενελάου,
1725 2082 1902 2160 Αἴθη
1927 2080 2358 2163 Ἀγαμέμνονος
2393 2084 2496 2163 (Ψ
2519 2082 2695 2162 295),

343 2163 428 2239 ἢν
471 2166 736 2227 Αἴθωνα
781 2167 897 2226 νῦν
939 2160 1066 2227 εἶπε
1110 2166 1464 2246 μετατιθεὶς
1511 2166 1574 2228 τὸ
1619 2166 1821 2248 γένος;
1870 2172 1944 2229 cf.
1994 2170 2197 2231 Lehrs.
2247 2170 2319 2230 de
2364 2169 2695 2229 Aristarchi

354 2253 554 2314 studd.
601 2253 875 2313 Homerr.
920 2273 982 2329 p.
1035 2256 1152 2313 196
1198 2273 1291 2330 sq.
1338 2254 1491 2313 Tum
1542 2257 1660 2315 189

651 2363 824 2430 οἶνόν
866 2365 925 2429 τ’
974 2368 1335 2451 ἐγκεράσασα
1377 2377 1571 2445 πιεῖν,
1619 2368 1717 2434 ὅτε
1761 2369 1962 2450 θυμὸς
2006 2363 2256 2452 ἀνώγοι,

348 2504 758 2587 ᾕγελοιότατος
804 2504 901 2568 ἐπὶ
943 2505 1146 2568 ἵππων
1189 2502 1221 2567 ὁ
1266 2507 1459 2585 στίχος
1476 2550 1492 2581 ,
1552 2505 1644 2570 ’ὅτι
1696 2500 1865 2569 οἶνον
1920 2508 2092 2569 ἰ”πποι
2146 2503 2218 2567 οὐ
2261 2507 2535 2568 πίνουσι·
2593 2505 2693 2567 καὶ

345 2586 463 2652 ὅτε
506 2585 752 2669 θυμὸς
796 2584 1073 2672 ἀνώγοι
1117 2584 1248 2651 οἷον
1291 2591 1375 2665 είς
1417 2590 1659 2671 μέθην“
1705 2592 1821 2675 (ita
1865 2595 2074 2655 LehrS.
2118 2596 2281 2669 apud
2312 2594 2694 2654 Friedlaend.

345 2700 405 2754 p.
447 2678 566 2736 142
613 2696 722 2754 pro
768 2697 838 2737 eo
882 2679 1040 2754 quod
1083 2680 1145 2737 in
1190 2680 1344 2738 libro
1389 2680 1614 2757 legitur
1656 2678 1741 2750 εἰς
1784 2676 1985 2757 με’θην
2025 2675 2376 2760 γελοῖον).
2444 2679 2526 2737 Et
2569 2680 2695 2739 fere

347 2763 538 2822 secuti
585 2766 728 2822 sunt
771 2766 1144 2838 recentiores,
1191 2766 1260 2822 ut
1304 2762 1607 2841 Heynius,
1655 2767 1775 2841 qui,
1824 2770 2110 2840 „venerat
2153 2765 2381 2824 homini
2426 2766 2488 2823 in
2532 2784 2692 2823 men-

349 2846 533 2921 tem“,
590 2847 819 2922 inquit,
888 2848 1171 2923 „Hecuba
1228 2848 1475 2909 Hectori
1532 2851 1738 2908 vinum
1796 2853 2124 2925 apportans
2179 2851 2228 2906 Z
2285 2850 2426 2909 264.
2487 2849 2692 2908 eadem
2721 2863 2788 2911 26

346 2931 655 2990 libandum
704 2933 908 2991 vinum
953 2933 1206 2992 afferens
1261 2931 1325 2989 Ω
1372 2933 1564 3009 284;“
1623 2934 1998 3010 Spitznerus,
2054 2935 2330 3010 Faesius,
2393 2934 2693 3011 Kayserus

346 3017 450 3091 qui
505 3016 545 3072 1.
606 3034 652 3072 c.
706 3035 767 3091 p.
826 3017 866 3073 4
922 3035 1074 3092 quae
1128 3019 1178 3073 θ
1224 3020 1306 3076 70
1361 3018 1434 3077 de
1491 3019 1833 3079 Demodoco
1900 3020 2180 3077 dicuntur
2240 3019 2445 3078 eadem
2514 3016 2694 3088 δέπας

356 3097 580 3170 οἴνοιο,
622 3103 786 3158 πιεῖν
827 3096 923 3159 ὅτε
965 3093 1168 3177 θυμὸς
1212 3096 1439 3181 ἀνώγοι
1480 3104 1761 3179 adduxit,
1811 3103 2136 3163 BekkeruS.

521 3184 639 3244 Sed
682 3185 972 3245 accedunt
1012 3187 1152 3246 alia.
1243 3186 1517 3248 Profecto
1563 3188 1706 3264 quid
1750 3189 1944 3265 magis
1985 3188 2303 3247 ridiculum
2362 3189 2470 3263 sit,
2530 3188 2690 3247 dictu

351 3268 595 3329 difficile
641 3273 763 3328 est:
810 3275 1012 3330 utrum
1057 3271 1216 3347 quod
1263 3272 1678 3332 Andromacha
1723 3274 1947 3332 scilicet
1977 3273 2215 3350 egregia
2243 3273 2693 3332 materfamilias

351 3372 534 3429 equos
565 3353 885 3413 bellatores
915 3356 1081 3431 prius
1125 3374 1301 3431 quam
1346 3356 1541 3431 ipsum
1588 3358 1865 3416 maritum
1911 3358 2117 3433 pascit,
2163 3377 2238 3416 an
2283 3358 2442 3434 quod
2474 3357 2696 3417 Hector

349 3440 441 3497 bis
485 3439 629 3514 ipsis
674 3442 841 3514 equis
872 3440 1142 3499 Nestoris
1186 3440 1460 3517 clipeum,
1508 3443 1715 3517 „cuius
1758 3445 2035 3517 penetret
2061 3461 2219 3501 nunc
2249 3443 2443 3518 gloria
2472 3440 2692 3516 caela“‚

352 3529 413 3582 et
454 3523 840 3583 artificiosam
872 3525 1177 3585 Diomedis
1221 3525 1465 3585 loricam
1514 3532 1817 3602 tamquam
1863 3546 2096 3586 summa
2141 3527 2401 3587 ostendit
2429 3530 2691 3602 tropaea,

350 3609 566 3685 quibus
621 3610 942 3685 reportatis
995 3610 1104 3669 hac
1164 3611 1296 3683 ipsa
1348 3614 1523 3671 nocte
1566 3612 1830 3670 Achivos
1874 3630 2055 3672 naves
2099 3630 2523 3671 conscensuros
2568 3630 2693 3670 esse

350 3694 634 3753 iumentis
679 3695 801 3753 suis
843 3694 994 3755 bene
1039 3695 1263 3754 scilicet
1305 3696 1564 3755 cordatis
1621 3695 1910 3756 affirmat!
2000 3696 2370 3771 Ineptiarum
2421 3698 2692 3771 profecto

351 3778 445 3837 hic
487 3778 697 3837 nidum
745 3797 870 3838 esse
913 3780 1111 3855 quivis
1156 3779 1441 3841 concedat
1481 3799 1720 3840 necesse
1765 3785 1872 3856 est,
1920 3800 2095 3856 quem
2141 3781 2347 3839 nidum
2390 3781 2591 3840 eiiam
2622 3801 2691 3840 ex

352 3863 550 3921 aliena
592 3865 844 3923 materia
887 3865 1367 3941 conglutinatum
1411 3865 1710 3940 videmus,
1757 3866 1901 3941 quid
1945 3866 2219 3940 impedit,
2265 3867 2584 3941 quominus
2628 3868 2691 3925 in

353 3948 642 4023 pessimae
695 3949 1052 4008 imitationis
1106 3950 1375 4024 exemplo
1418 3968 1527 4009 nos
1575 3952 1797 4010 versari
1840 3949 2194 4011 videamus?
2281 3949 2367 4008 Ut
2408 3952 2691 4012 orationis

352 4033 518 4107 equis
562 4033 802 4092 habitae
844 4038 1144 4093 auctorem
1189 4034 1575 4093 Antilochum
1622 4035 1832 4094 habuit
1882 4035 1951 4091 Ψ
1985 4035 2321 4094 403-416
2381 4034 2443 4092 in
2501 4036 2691 4095 curuli

354 4118 679 4177 certamine
735 4136 874 4177 suae
929 4119 1102 4195 bigae
1156 4119 1427 4179 Nestoris
1482 4114 1735 4196 κομιδήν
1787 4117 1935 4198 (411
1985 4119 2116 4179 coll.
2176 4117 2234 4177 Θ
2284 4113 2434 4201 186)
2486 4139 2689 4197 expro-

361 4201 650 4276 brantem,
697 4203 784 4261 ita
828 4222 899 4261 ex
944 4204 1152 4263 eodem
1197 4204 1330 4263 loco
1375 4206 1497 4262 414
1546 4204 1918 4281 deprompsit
1959 4194 2079 4261 ἀλλ’
2129 4199 2547 4282 ἐφομαρτεῖτον
2590 4202 2689 4264 καὶ

354 4280 694 4346 σπεύδετον.
782 4287 879 4346 Ad
933 4279 1158 4346 ἀσπίδα
1205 4284 1636 4366 Νεστορέην
1689 4308 1829 4349 sane
1883 4307 2005 4348 non
2055 4289 2418 4348 adscendere
2469 4284 2691 4348 ἀσπίδα

356 4369 712 4515 ταυρείὲἶ
767 4372 834 4428 Ν
880 4373 1003 4433 160
1056 4373 1341 4447 concedo,
1398 4375 1517 4435 vile
1575 4374 1914 4448 inventum,
1972 4373 2075 4432 sed
2132 4376 2258 4433 tum
2316 4378 2518 4451 aperte
2577 4394 2691 4434 me-

357 4459 537 4515 moria
580 4476 619 4516 a
687 4460 778 4516 uit
