3132 5129
1433 368 1883 429 -414-

434 535 465 581 4
582 533 673 580 131
747 527 898 581 τοῖσι
942 518 1009 580 δὲ
1051 519 1521 598 μαρναμένοισιν
1566 520 1673 596 ἐήν
1718 519 1960 594 κλόνος·
2005 514 2160 599 ωρτο
2203 519 2262 579 ὃ
2311 519 2421 600 ἰωὴ

745 603 1150 683 κεκλομένων·
1197 604 1296 665 καὶ
1343 605 1481 680 λαὸς
1525 603 1782 684 ἕθήμονι
1825 601 2090 685 μάρνατο
2134 604 2308 703 τέχνῃ

747 690 1057 761 κυκλώσας
1098 681 1474 768 στεφανηὸὸν
1518 688 1662 751 ὅλον
1705 688 1982 771 στρατόν·
2032 689 2096 751 ἐν
2141 685 2194 749 ὅ
2243 714 2362 770 αρα
2405 691 2600 774 μέσσῳ

752 773 972 853 νηυσὶν
1016 771 1436 855 ὁμοζυγέεσσιν
1481 770 1782 855 ἕμιτρωθη
1825 774 2025 849 στόλος
2067 772 2275 836 Ἰνδῶν

583 870 678 918 135
750 862 833 932 εἰς
877 861 1045 921 λίνον
1090 859 1422 941 ἕργομένων
1467 858 1741 922 νεπόὸων
1785 862 1986 922 τόπον.

672 949 826 1019 Quid
869 949 1027 1006 enim
1059 948 1198 1006 hoc:
1247 953 1395 1025 τοῖσι
1440 944 1506 1005 δὲ
1549 946 2142 1026 μαρναμένοισιν
2185 944 2293 1024 ἔην
2336 941 2590 1018 κλόνοςὶ)
2636 949 2827 1024 Atqui

494 1034 758 1093 nondum
802 1033 1218 1091 conflixerant!
1290 1034 1439 1091 Tum
1488 1035 1622 1109 quis
1679 1036 1922 1093 tandem
1966 1033 2221 1109 populus
2274 1034 2366 1093 his
2420 1034 2620 1092 verbis
2676 1035 2829 1092 indi-

495 1124 690 1178 catur:
737 1114 836 1175 καὶ
882 1113 1055 1186 λαὸς
1100 1113 1354 1193 ἐθήμονι
1383 1115 1649 1195 μάρνατο
1691 1115 1907 1199 τέχνῃῗ
1979 1120 2065 1176 At
2106 1120 2264 1177 enim
2310 1118 2596 1193 proximis
2626 1119 2831 1176 statim

494 1205 817 1277 indicatur,
886 1221 1043 1271 cum·
1077 1203 1307 1262 Aeacus
1365 1205 1654 1280 primum,
1722 1208 1849 1263 tum
1908 1203 2270 1262 Erechtheus
2331 1203 2468 1262 Iove
2535 1203 2666 1277 ille,
2735 1204 2829 1261 hic

493 1290 682 1347 Borea
723 1289 998 1347 invocato
1057 1308 1319 1364 pugnam
1363 1289 1515 1347 ciere
1562 1290 1843 1346 dicuntur
1899 1284 1983 1366 (v.
2035 1288 2412 1364 135—217).
2488 1288 2645 1346 Sunt
2687 1307 2828 1363 ergo

495 1373 900 1449 Myrmidones
946 1373 1177 1449 Aegina
1223 1374 1489 1447 oriundi,
1549 1374 1767 1449 quibus
1812 1375 2044 1433 Aeacus
2089 1373 2280 1448 (XIII,
2332 1374 2679 1447 201—21),
2741 1378 2826 1430 at-

495 1477 609 1534 que
656 1457 1077 1532 AthenienseS,
1125 1458 1340 1532 quibus
1386 1458 1752 1516 Erechtheus
1796 1461 2028 1534 praeest
2073 1453 2245 1535 (ibid.
2298 1457 2678 1534 171—200).
2746 1457 2826 1514 Hi

493 1545 682 1619 igitur
726 1544 1007 1600 consueta
1050 1546 1175 1599 arte
1206 1544 1298 1601 usi
1344 1546 1554 1618 utpote
1589 1543 2231 1601 Salaminomachorum
2265 1542 2519 1600 maiores
2551 1537 2635 1618 (v.
2676 1540 2828 1619 136)

494 1628 744 1686 navibus
791 1627 913 1685 suis
956 1627 1217 1701 undique
1275 1628 1655 1686 circumdatis
1703 1628 1987 1686 Indorum
2046 1628 2289 1686 classem
2346 1627 2597 1725 cingunt
2649 1631 2830 1701 atque

495 1714 730 1787 urgent.
804 1710 982 1769 Haud
1026 1711 1245 1768 malum
1301 1713 1487 1770 totius
1544 1732 1780 1809 pugnae
1836 1713 2102 1785 initium,
2162 1713 2321 1771 dicat
2375 1712 2700 1814 quispiam,
2760 1716 2831 1769 ut

496 1798 742 1855 sortasse
772 1796 924 1854 nihil
966 1795 1302 1854 faciendum
1344 1798 1454 1871 sit,
1499 1798 1615 1855 nisi
1658 1800 1725 1855 ut
1768 1818 1824 1856 v.
1877 1800 1993 1855 131
2041 1800 2191 1861 τοῖσι
2243 1790 2305 1852 δ’
2364 1790 2475 1873 ἄρ’
2533 1788 2826 1869 ὁρνυμέ·

496 1897 685 1938 νοισιν
714 1881 840 1939 sive
871 1880 1063 1940 simile
1094 1881 1236 1955 quid
1258 1882 1564 1957 scribatur,
1602 1901 1720 1957 qua
1745 1883 2067 1940 mutatione
2092 1882 2291 1940 omnia
2312 1881 2461 1939 bene
2487 1882 2827 1955 procedant.

663 1965 892 2039 Audio,
950 1965 1052 2024 sed
1109 1966 1412 2025 videamus
1473 1986 1623 2040 quae
1681 1968 1980 2042 singulare
2039 1968 2216 2024 Aeaci
2276 1970 2452 2041 atque
2510 1966 2826 2024 Erechthei

501 2051 728 2109 facinus
771 2050 1090 2124 excipiunt.
1163 2051 1252 2108 Ac
1296 2051 1557 2124 primum
1604 2052 1841 2125 quidem
1888 2051 2244 2127 Cyclopes
2292 2052 2632 2109 inferuntur
2675 2052 2828 2109 saxis

493 2140 555 2194 et
598 2135 951 2194 clamoribus
996 2135 1198 2192 infesti
1244 2130 1330 2213 (v.
1381 2132 1780 2212 218—221);
1842 2140 1972 2195 tum
2030 2137 2090 2193 in
2137 2137 2482 2195 universum
2537 2137 2826 2193 utrius-

494 2240 629 2295 que
674 2220 879 2279 classis
924 2237 1245 2278 concursus
1291 2222 1466 2295 atque
1511 2221 1715 2279 caedes
1763 2222 2140 2295 utrimque
2185 2221 2344 2279 facta
2372 2221 2577 2295 paucis
2620 2221 2827 2278 adum-

494 2306 701 2363 bratur
745 2304 827 2381 (v.
875 2303 1266 2379 222—227);
1332 2323 1510 2379 porro
1555 2305 1828 2379 pluribus
1875 2306 2247 2381 depingitur,
2295 2305 2587 2381 quomodo
2633 2324 2824 2364 mor-

497 2391 605 2449 tui
652 2388 1108 2464 moribundique
1151 2389 1380 2465 gurgiti
1419 2393 1590 2449 vasto
1634 2390 2040 2450 innataverint
2071 2394 2174 2448 aut
2203 2411 2238 2447 a
2267 2393 2549 2449 monstris
2581 2391 2829 2448 marinis

496 2475 764 2533 devorati
812 2474 1037 2532 suerint
1079 2474 1257 2532 armis
1305 2474 1451 2533 varii
1497 2476 1733 2550 generis
1790 2476 1972 2534 mari
2018 2479 2415 2534 cruentato
2462 2476 2689 2533 haustis
2738 2476 2824 2550 (v.

662 2645 823 2703 Haec
870 2644 1137 2718 quidem,
1187 2664 1543 2720 quamquam
1603 2646 1699 2704 vix
1746 2646 1892 2704 scite
1938 2646 2326 2721 ordinateque
2372 2650 2646 2704 enarrata
2689 2665 2826 2705 cen·

495 2729 613 2788 seri
642 2731 895 2804 queunt,
929 2733 1178 2802 possunt
1210 2735 1406 2788 tamen
1435 2731 1871 2804 quodammodo
1903 2730 2172 2790 defendi:
2223 2733 2282 2788 in
2315 2730 2529 2790 bellico
2563 2731 2827 2789 tumultu

495 2813 878 2872 describendo
923 2813 1175 2871 nimium
1220 2817 1509 2888 quantum
1555 2834 1688 2873 cum
1734 2818 2066 2874 ceterorum
2110 2820 2417 2891 poetarum
2462 2819 2588 2874 tum
2621 2815 2826 2873 Nonni

496 2900 799 2974 ingenium
842 2898 1143 2957 luxuriare
1190 2898 1449 2957 videtur.
1530 2900 1649 2958 Sed
1707 2900 1850 2974 quid
1908 2900 2086 2975 dicis,
2150 2901 2338 2979 quod,
2400 2900 2542 2958 dum
2595 2901 2823 2958 incerto

496 2984 688 3041 Marte
731 2984 793 3040 in
837 2983 1035 3041 modio
1080 2984 1401 3042 certamine
1446 2986 1672 3043 versari
1716 2984 1891 3044 nobis
1921 2986 2224 3060 videmur,
2274 2985 2473 3045 subito
2519 2985 2827 3045 Melicerta

495 3067 733 3142 quidem
776 3068 1065 3144 sanguine
1109 3069 1352 3142 rubere,
1399 3068 1740 3128 Leucothea
1781 3088 1923 3128 vero
1970 3070 2042 3127 de
2088 3071 2288 3129 Indica
2333 3070 2547 3128 Bacchi
2591 3072 2823 3129 victo-

495 3153 608 3210 ria
651 3152 946 3211 exsultare
991 3152 1240 3226 dicitur,
1297 3171 1406 3211 nec
1450 3173 1570 3212 non
1616 3154 1851 3228 Thetis,
1908 3155 1956 3212 si
2004 3155 2241 3231 quidem
2287 3154 2444 3213 laeto
2491 3154 2825 3230 Dionysum

495 3237 748 3312 adspicit
802 3238 969 3296 oculo
1026 3232 1111 3314 (v.
1161 3236 1565 3314 250—256)?
1641 3239 1764 3296 Iam
1820 3257 1978 3297 nunc
2031 3239 2218 3315 igitur
2272 3238 2438 3297 Indis
2492 3239 2826 3315 profligatis

496 3322 747 3381 victoria
792 3325 1201 3380 consummata
1244 3321 1379 3381 est?
1438 3322 1532 3380 Ita
1576 3323 1816 3397 quidem
1862 3323 2127 3398 videtur3
2190 3323 2292 3382 sed
2349 3342 2592 3399 prorsus
2648 3323 2825 3381 aliter

496 3408 762 3466 sentiunt
806 3406 921 3465 duo
967 3406 1083 3463 alia
1125 3407 1301 3464 maris
1348 3408 1620 3483 numina,
1669 3407 1915 3467 Galatea
1959 3412 2140 3484 atque
2185 3405 2556 3483 Neptunus'
2594 3408 2676 3466 Et
2718 3408 2825 3466 illa

494 3492 731 3565 quidem
791 3490 1065 3565 Cyclopis
1125 3490 1322 3548 nescio
1390 3493 1556 3550 cuius
1617 3493 1899 3550 virtutem
1956 3494 2292 3568 conspicata
2360 3493 2432 3550 de
2493 3511 2589 3568 eo,
2646 3512 2822 3568 quem

496 3575 925 3652 Polyphemum
983 3594 1109 3634 esse
1165 3575 1313 3633 falso
1372 3579 1574 3651 putat,
1638 3577 2157 3637 vehementissimo
2215 3577 2429 3637 timore
2486 3579 2822 3652 corripitur,

495 3664 563 3718 ut
618 3661 764 3719 adeo
820 3659 1069 3718 Veneris
1127 3663 1306 3734 atque
1364 3659 1628 3734 Neptuni
1699 3681 1870 3737 opem
1931 3663 2228 3736 imploret.
2316 3662 2632 3737 Neptunus
2684 3680 2824 3721 vero

499 3745 624 3820 ipse
655 3745 867 3803 ceteris
890 3744 1245 3802 Nereidibus
1279 3745 1530 3820 stipatus
1554 3745 1660 3803 ubi
1691 3765 2010 3822 pugnam
2045 3744 2308 3823 (γείτονα
2331 3744 2562 3824 χάρμην
2594 3767 2649 3806 v.
2675 3741 2826 3825 269)

440 3830 679 3892 occulis
724 3830 972 3904 lustrat,
1029 3829 1234 3887 statim
1279 3848 1398 3888 non
1443 3829 1876 3906 Polyphemum
1920 3850 2074 3906 esse,
2131 3832 2236 3907 qui
2296 3834 2662 3907 propugnet,
2721 3830 2824 3890 sed

496 3915 679 3972 alium
710 3913 1027 3989 Cyclopem
1073 3932 1432 3990 cognoscens
1462 3914 1756 3974 Bacchum
1802 3935 1921 3975 non
1965 3917 2094 3974 sine
2125 3916 2351 3975 invidia
2378 3916 2642 3992 graviter
2670 3916 2821 3974 vitu-

497 4003 691 4074 perat,
739 3998 897 4076 quod
943 3998 1152 4056 ceteris
1198 3997 1558 4074 Cyclopibus
1604 4000 1676 4058 ad
1709 4000 1927 4059 bellum
1961 4003 2186 4060 vocatis
2229 4020 2412 4059 unum
2444 4001 2618 4059 modo
2650 3999 2822 4075 Poly-

493 4084 771 4159 phemum
817 4083 1155 4158 reliquerit,
1215 4084 1314 4159 qui
1361 4084 1600 4158 quidem
1652 4085 1770 4143 iam
1825 4085 2047 4143 dudum
2093 4086 2408 4145 Deriadem
2466 4085 2826 4144 trucidasset

493 4167 795 4242 Indosque
827 4167 1218 4242 debellasset,
1265 4187 1385 4227 non
1432 4188 1599 4227 secus
1631 4174 1808 4245 atque
1853 4171 2004 4230 alius
2035 4171 2302 4246 Neptuni
2332 4170 2493 4228 filius
2522 4170 2820 4244 BriareuS,

494 4254 597 4327 qui
642 4252 736 4311 vel
782 4253 973 4329 ipsum
1004 4253 1207 4312 Iovem
1252 4257 1455 4312 contra
1486 4251 1731 4313 Titanes
1775 4255 2005 4315 salvum
2049 4256 2464 4329 praestitisset.
2536 4254 2662 4315 Nec
2705 4254 2822 4312 dis·

495 4337 682 4395 sentit
727 4357 762 4395 a
806 4337 1048 4397 Galatea
1105 4342 1165 4396 et
1208 4338 1491 4414 Neptuno
1551 4337 1812 4415 Thoosa,
1874 4341 2270 4415 quaerfflquod
2314 4339 2743 4414 Polyphemum
2789 4358 2825 4396 a

496 4421 782 4495 proelio
828 4422 1135 4482 absentem
1183 4422 1509 4495 desiderat,
1556 4424 1782 4496 pudore
1827 4424 2191 4482 suffunditur
2238 4421 2325 4500 (v.
2373 4420 2757 4500 257-294).
