3132 5129
1367 404 1446 413 —
1541 367 1827 430 142-

732 521 937 600 οῖ’μης,
984 531 1103 600 τῆς
1151 514 1270 581 τότ’
1316 515 1433 601 ἄρα
1476 520 1693 595 κλέος
1736 518 2059 602 οὐρανὸν
2104 517 2289 603 εὐρὺν
2333 522 2544 582 ἵκανε

427 644 596 718 θ74,
644 647 705 701 et
749 644 934 719 ipsius
966 643 1177 717 Ulixis,
1222 644 1323 718 qui
1370 644 1441 702 de
1473 661 1533 700 se
1580 644 1707 718 ipso
1753 644 2050 720 gloriatur
2087 663 2108 700 ι
2140 646 2221 704 20
2264 643 2371 702 καί
2408 662 2521 718 μευ
2564 638 2777 712 κλέος

426 721 755 805 οὐρανὸν
813 726 981 786 ἵκει.
1083 728 1206 786 Nec
1261 747 1474 786 aurum
1532 729 1689 787 unde
1755 729 2107 805 surriperet,
2178 729 2371 788 defuit
2428 722 2643 805 χρυσὸς
2690 760 2776 769 -

426 811 593 889 δῶρα
652 815 817 870 θεοῖο
875 813 933 869 Υ
972 813 1094 871 268
1141 840 1222 860 =
1269 810 1321 869 Θ
1370 814 1520 890 165;
1592 818 1721 871 tum
1788 808 1893 871 τὸν
1936 809 2276 888 ’ἸΙφαιστος
2343 809 2490 888 κάμε
2546 810 2777 889 τεύχων

429 898 477 953 Β
523 898 638 955 101
700 897 773 956 de
828 897 1207 956 celeberrimo
1252 898 1719 974 Agamemnonis
1775 901 2036 974 sceptro,
2097 892 2172 956 τό
2228 897 2290 957 οἷ
2332 895 2542 974 Τυχίος
2587 892 2775 972 κάμε

426 979 704 1057 τεύχων
749 982 820 1038 Η
860 983 984 1041 220
1029 982 1099 1040 de
1145 983 1518 1057 septemplici
1563 983 1762 1042 Aiacis
1809 983 1998 1058 clipeo
2057 985 2314 1060 legerat,
2373 984 2635 1058 etiamsi,
2702 983 2776 1040 de

427 1087 544 1143 qua
586 1087 650 1125 re
695 1068 843 1126 certi
885 1067 1028 1142 quid
1072 1069 1255 1126 statui
1300 1068 1526 1143 nequit,
1569 1071 1707 1143 post
1749 1073 2023 1127 nostrum
2069 1069 2307 1127 demum
2363 1070 2415 1125 T
2456 1069 2580 1127 368
2635 1068 2773 1125 illa-

425 1157 524 1211 tus
573 1153 653 1211 sit

729 1250 949 1312 ὃύσατο
993 1251 1158 1332 δῶρα
1200 1251 1384 1328 θεοῦ,
1432 1247 1500 1310 τά
1545 1250 2039 1328 οῖ”Ηφαιστος
2084 1249 2265 1331 κάμε
2312 1252 2611 1330 τεύχων.

425 1373 613 1432 Porro
659 1373 846 1432 facete
890 1373 1176 1448 profecte,
1224 1392 1374 1447 quae
1420 1371 1735 1431 Diomedes
1786 1373 1837 1428 E
1880 1375 2002 1432 273
2049 1375 2133 1433 de
2181 1375 2350 1449 equis
2395 1374 2548 1432 dixit
2592 1406 2673 1414 —
2722 1369 2782 1431 εἰ

426 1449 609 1516 τούτω
666 1478 730 1516 κε
786 1454 1070 1533 λάβοιμεν
1124 1489 1240 1531 —,
1299 1458 1392 1515 hic
1447 1456 1670 1516 Hector
1724 1458 1809 1516 ad
1855 1477 2040 1534 equos
2097 1459 2269 1534 dicit3
2330 1462 2632 1533 postremo
2681 1464 2773 1537 τῷ

425 1563 555 1601 κεν
609 1538 1014 1618 ἐελποίμην
1068 1537 1442 1618 αἱρησέμεν
1500 1541 1552 1597 Ρ
1588 1543 1711 1601 488
1778 1546 1841 1600 et
1897 1544 2091 1619 ipsum
2146 1545 2222 1601 ad
2282 1561 2462 1618 equos
2516 1542 2773 1601 relatum

424 1630 800 1687 coniunctum
834 1646 990 1685 ·cum
1048 1648 1068 1683 ι
1118 1629 1233 1685 101
1293 1632 1497 1701 νηῶν
1553 1621 2010 1702 ἐπιβαινέμεν
2064 1620 2403 1686 ὠκειάων
2469 1632 2774 1686 extremae

423 1712 825 1772 adhortationi
870 1712 1117 1787 profuit,
1163 1711 1226 1770 in
1271 1731 1390 1786 qua
1435 1731 1621 1769 unum
1665 1731 1806 1771 sane
1849 1706 2009 1783 ἅπαξ
2053 1705 2369 1789 λεγόμενον
2406 1711 2776 1788 splendescit

425 1791 799 1872 αὐτονυχί
810 1798 824 1854 l

595 1883 756 1940 Haec
795 1882 983 1957 igitur
1026 1882 1075 1940 si
1120 1881 1580 1955 consideramus,
1627 1900 1748 1940 non
1793 1883 2048 1941 multum
2079 1883 2348 1958 profecto
2382 1883 2606 1941 malum
2636 1883 2769 1940 imi·

424 1971 680 2026 tatorem
726 1966 1002 2025 sordibus
1056 1968 1180 2025 suis
1236 1966 1554 2025 liberatum
1613 1968 1687 2024 iri
1744 1968 2161 2042 concedemus,
2221 1967 2269 2025 si
2326 1985 2459 2026 cum
2504 1966 2772 2026 Fried-

424 2052 780 2110 laendero
811 2052 870 2107 in
905 2045 1300 2109 Analectis
1336 2050 1785 2125 Homericis,
1832 2071 1984 2127 quae
2015 2071 2204 2128 nuper
2232 2052 2425 2110 Iahnii
2454 2051 2772 2110 annalibus

423 2136 739 2196 inserenda
795 2136 1026 2194 curavit
1079 2129 1313 2215 [Suppl.
1363 2134 1502 2194 Vol.
1549 2134 1640 2193 III
1698 2130 1920 2215 (1859)
1973 2157 2031 2212 p.
2080 2135 2230 2212 460]
2302 2136 2542 2194 initium
2609 2139 2772 2194 certe

424 2222 682 2281 insulsae
714 2220 999 2279 orationis
1028 2221 1478 2295 v.186—190,
1523 2240 1599 2278 ne
1644 2220 1870 2279 scilicet
1901 2221 2322 2280 Andromacha
2359 2222 2516 2280 idem
2547 2221 2767 2279 marito

421 2312 600 2382 atque
631 2307 798 2381 equis
829 2305 1093 2363 triticum
1127 2305 1472 2380 adposuisse
1516 2305 1808 2381 videatur,
1858 2306 2092 2381 plenius
2137 2307 2278 2365 olim
2324 2310 2501 2382 atque
2543 2324 2771 2365 accom-

429 2390 727 2450 modatius
774 2391 1056 2465 scriptum
1101 2389 1283 2448 fuisse
1328 2389 1664 2464 credamuS,
1713 2393 1784 2448 ut
1827 2396 1888 2449 et
1938 2392 2087 2471 186,
2134 2391 2249 2450 nisi
2295 2392 2492 2450 subsit
2533 2391 2767 2463 lacuna,

323 2482 386 2529 27
420 2466 498 2551 ἣν
555 2472 784 2551 πόρεν
841 2467 1022 2549 ὑμῖν
1085 2492 1194 2549 pro
1259 2463 1337 2548 ἢν
1400 2467 1586 2547 μάλα
1648 2470 1926 2550 πολλὴν
1986 2494 2095 2551 pro
2149 2476 2409 2551 genuina
2474 2477 2775 2549 scriptura

424 2560 744 2620 habeamus
775 2562 836 2619 et
868 2562 1006 2634 post
1032 2562 1152 2619 190
1185 2559 1589 2619 huiuscemodi
1614 2578 1855 2619 versum
1885 2559 2158 2620 additum
2191 2561 2373 2621 fuisse
2405 2560 2772 2621 coniciamus

728 2682 894 2736 σῖτον
935 2674 1036 2734 καὶ
1078 2673 1218 2754 κρέα
1263 2674 1446 2735 πολλὰ
1491 2671 1743 2754 ποροῦσ’
1792 2672 2126 2752 ὡπλίσσατο
2171 2678 2441 2738 δεῖπνον.

421 2798 736 2874 Ingeniose
779 2797 1079 2872 profect0,
1126 2797 1241 2856 nisi
1287 2815 1421 2856 cum
1467 2800 1590 2855 tam
1639 2797 1741 2856 vili
1786 2798 1980 2872 capite
2027 2816 2124 2857 res
2169 2799 2341 2857 nobis
2387 2801 2565 2858 esset.

590 2882 717 2940 Nec
762 2882 1002 2940 maioris
1046 2882 1225 2957 pretii
1267 2882 1595 2958 abruptum
1637 2901 1767 2941 esse
1810 2882 2056 2942 Iunonis
2097 2886 2278 2958 atque
2322 2883 2589 2959 Neptuni
2636 2883 2764 2942 col-

424 2968 692 3043 loquium
732 2986 789 3025 ν.
840 2967 1172 3024 198-212
1217 2987 1394 3026 nemo
1438 2985 1559 3026 non
1603 2966 1787 3027 videt.
1877 2967 2088 3042 Itaque
2133 2968 2276 3027 satis
2332 2968 2522 3027 habeo
2569 2969 2787 3042 ipsum-

421 3053 740 3111 transitum
786 3054 1027 3110 notasse
1071 3053 1230 3111 notis
1277 3052 1549 3110 formulis
1594 3052 1870 3127 imperite
1914 3054 2220 3127 expletum

727 3158 807 3239 ὥς
853 3160 1028 3243 ἔφατ’
1077 3163 1423 3245 εὐχόμενος,
1471 3165 1751 3246 νεμέσησε
1796 3164 1863 3227 δὲ
1906 3165 2117 3228 πότνια
2149 3165 2345 3248 ”Ἠρη,

424 3309 540 3365 quo
569 3288 893 3364 praemisso
941 3320 1019 3329 --
1067 3293 1134 3347 ut
1175 3290 1293 3347 alia
1338 3291 1538 3348 omnia
1584 3291 1810 3347 taceam
1841 3321 1924 3330 —
1955 3292 2115 3347 certe
2144 3288 2431 3347 Iunonem
2465 3293 2768 3364 exspecta·

423 3394 554 3455 mus
619 3372 1016 3450 gloriabundo
1088 3374 1466 3448 potissimum
1534 3373 1776 3432 Hectori
1845 3374 2229 3449 irascentem,
2299 3377 2359 3431 et
2418 3378 2768 3449 sequentem

423 3477 656 3517 versum

727 3541 962 3602 σείσατο
1006 3535 1062 3597 δ’
1111 3539 1224 3601 εἰνὶ
1269 3537 1503 3623 θρόνῳ,
1551 3538 1763 3615 ἐλέλιξε
1808 3538 1873 3600 δὲ
1914 3539 2148 3621 μακρὸν
2180 3540 2511 3619 Ὄλυμπον,

419 3682 536 3738 quo
574 3660 927 3737 perridicule
958 3661 1225 3721 Phidiaci
1256 3662 1370 3721 loci
1417 3662 1789 3720 maiestatem
1832 3657 2020 3738 μέγαν
2065 3655 2124 3716 δ’
2174 3656 2422 3733 ἐλέλιξεν
2452 3658 2768 3735 Ὄλυμπον

421 3748 651 3805 traduci
696 3748 828 3822 quis
880 3745 1236 3823 negaverit?
1321 3746 1411 3804 De
1466 3747 1678 3805 ceteris
1737 3749 1930 3820 taceo,
1992 3765 2068 3804 ne
2121 3751 2260 3821 post
2313 3765 2625 3821 operosam
2670 3752 2769 3807 tot

420 3836 842 3907 tantorumque
898 3833 1180 3890 vitiorum
1251 3831 1725 3889 criminationem
1788 3830 1937 3889 nihil
2006 3830 2390 3906 cogitandum
2453 3831 2766 3907 reliquisse

420 3918 625 3977 videar
667 3917 996 3993 legentium
1041 3917 1319 3975 acumini.
1396 3916 1578 3989 Quid,
1625 3915 1785 3991 quod
1829 3917 1947 3974 iam
1993 3915 2296 3992 Heynius,
2344 3916 2486 3991 quid
2531 3917 2617 3975 rei
2663 3917 2763 3992 sit,

420 4006 481 4060 et
525 4002 680 4060 clare
726 4004 914 4061 sensit
959 4006 1018 4059 et
1061 4006 1263 4077 aperte
1307 4001 1754 4076 pronuntiavit,
1813 4005 2130 4075 postquam
2174 4002 2555 4074 antiquorum
2603 4001 2764 4059 criti·

421 4105 625 4146 corum
673 4087 745 4146 de
777 4106 832 4147 v.
882 4088 1001 4145 185
1047 4086 1359 4145 ratiocinia
1402 4085 1713 4161 probavit:
1763 4087 1888 4161 „At
1932 4085 2088 4144 enim
2133 4086 2252 4143 alia
2295 4104 2476 4159 eaque
2520 4085 2766 4162 grauior

422 4171 721 4230 dubitatio
765 4172 964 4230 animo
1009 4191 1140 4230 meo
1186 4171 1439 4246 insidet,
1484 4190 1561 4229 an
1606 4172 1769 4230 totus
1815 4170 1908 4229 hic
1952 4171 2117 4230 locus
2161 4173 2224 4228 et
2272 4169 2607 4244 episodium
2659 4189 2761 4228 au-

420 4259 647 4314 ctorem
690 4257 1085 4331 antiquiorem
1132 4255 1381 4330 habeat;
1456 4255 1705 4313 nimium
1750 4255 1982 4314 redolet
2024 4255 2476 4330 interpolatoris
2521 4274 2762 4330 operam

419 4341 573 4399 male
619 4342 915 4415 sedulam3
974 4342 1198 4399 nullam
1247 4342 1367 4401 vim
1410 4341 1485 4399 ad
1533 4341 1934 4399 narrationem
1980 4340 2186 4413 habet,
2243 4343 2306 4397 et
2349 4340 2478 4399 loco
2522 4340 2761 4399 sublato

418 4447 454 4484 a
507 4445 594 4487 vs.
652 4427 765 4485 184
818 4425 892 4484 ad
952 4445 1035 4485 vs.
1086 4428 1228 4483 212.
1296 4418 1377 4495 ὥς
1434 4421 1621 4483 εἰπὼν
1673 4425 1750 4484 ad
1808 4418 1890 4494 ὥς
1946 4418 2193 4500 οἱμὲν,
2251 4425 2515 4483 narratio
2572 4425 2764 4484 multo
