3132 5129
1455 326 1905 388 -426—

512 485 920 559 percontando
954 485 1143 543 malis.
1220 484 1429 559 Itaque
1460 501 1593 542 cum
1640 483 1821 542 etiam
1862 482 2221 543 nostratium
2269 484 2683 560 theologorum
2718 483 2844 543 doc·

514 568 730 627 tissimi
775 569 951 627 illud·
971 564 1119 646 μέγα
1164 565 1398 645 βιβλίον
1440 563 1589 645 μέγα
1633 564 1825 626 κακόν
1866 587 2110 645 prorsus
2153 569 2470 645 neglegere
2513 569 2842 644 videantur,

512 655 748 712 veniam
794 658 1065 728 paratam
1111 654 1255 712 mihi
1301 653 1429 712 fore
1473 672 1666 729 spero,
1714 654 1763 712 si
1807 672 1919 730 ego
1965 654 2141 713 homo
2183 653 2397 712 Laicus
2443 656 2673 712 sanctas
2716 654 2846 712 illas

514 757 654 814 opes
700 740 956 798 intactas
999 740 1295 815 reliquero
1339 738 1486 797 meis
1530 737 1719 813 ipsius
1764 739 1990 797 viribus
2036 741 2370 800 contentus,

681 823 824 882 Post
854 824 1164 883 Heinsium
1195 841 1368 882 nemo
1397 823 1472 882 ad
1504 822 1707 882 Nonni
1751 823 2136 899 paraphrasin
2182 823 2550 882 tractandam
2585 826 2843 899 accessit,

509 909 556 966 si
606 907 957 968 Ottonem
1002 908 1907 984 Baumgarten·Crusium
1953 908 2238 983 excipias,
2285 910 2388 984 qui
2434 909 2844 985 „spicilegium

509 993 992 1052 observationum
1050 994 1112 1052 in
1157 993 1478 1052 Ioanneum
1523 993 1901 1067 evangelium
1944 1013 1976 1052 e
2024 994 2225 1052 Nonni
2270 994 2627 1068 metaphrasi
2672 995 2846 1053 Ionae

508 1096 562 1135 a.
594 1075 1070 1137 MDCCCXIV.“
1102 1078 1310 1150 edidit,
1360 1096 1535 1153 quem
1580 1077 1850 1135 libellum
1896 1098 2004 1139 nec
2046 1078 2309 1139 nancisci
2354 1079 2524 1153 potui
2569 1097 2678 1137 nec
2721 1099 2843 1137 um-

508 1181 684 1237 quam
731 1163 872 1237 vidi,
919 1167 981 1222 et
1021 1162 1497 1221 Franciscum
1532 1162 1998 1238 Passovium,
2047 1163 2212 1223 cuius
2258 1182 2328 1221 ex
2374 1163 2602 1222 schedis
2631 1163 2845 1223 Nico-

506 1247 669 1305 laus
714 1246 1033 1306 Bachius
1090 1249 1307 1322 solam,
1366 1266 1516 1321 quae
1576 1248 1799 1305 nostris
1845 1248 2048 1307 usibus
2093 1247 2418 1307 commoda·
2444 1251 2559 1323 est,
2608 1248 2847 1324 Lipsiae

511 1332 672 1389 1834
721 1332 1055 1406 publicavit
1097 1331 1442 1391 editionem.
1531 1332 1848 1391 Passovius
1892 1335 1960 1390 ut
2005 1333 2258 1391 Aldinae
2303 1335 2362 1390 et
2417 1333 2633 1392 codicis
2677 1333 2846 1391 Pala-

512 1417 620 1474 tini
667 1416 1025 1475 lectionibus
1072 1419 1158 1475 ita
1201 1417 1570 1492 superiorum
1615 1417 1955 1475 criticorum
1989 1419 2341 1478 coniecturis
2372 1418 2446 1476 ad
2481 1418 2848 1477 emendanda

509 1500 711 1559 Nonni
756 1502 937 1560 verba
979 1502 1135 1560 haud
1182 1501 1569 1577 indiligenter
1612 1520 1752 1559 usus
1797 1521 1906 1561 nec
1952 1503 2150 1561 omnia
2193 1506 2394 1561 tamen
2440 1502 2514 1559 ab
2559 1503 2702 1561 aliis·
2724 1523 2845 1562 ma—

509 1587 780 1660 ximeque
811 1606 846 1643 a
877 1586 1302 1645 Wernickio
1347 1585 1555 1644 horum
1603 1591 1910 1661 poetarum
1941 1588 2295 1663 gnarissimo
2328 1587 2572 1647 inventa
2602 1589 2842 1665 recepit,

509 1674 570 1727 et
613 1670 736 1745 ipse
780 1689 965 1746 pauca
1013 1674 1244 1730 tantum
1289 1689 1360 1728 ex
1406 1671 1840 1747 multissquae
1885 1675 2142 1748 restant,
2190 1672 2532 1731 emendavit
2579 1704 2653 1714 —-
2701 1692 2846 1749 quo·

508 1774 638 1811 rum
688 1755 901 1813 bonam
949 1760 1179 1831 partem
1236 1755 1468 1813 notavit
1512 1755 1683 1817 God.
1732 1756 2212 1817 Hermannus
2255 1758 2318 1815 in
2361 1757 2603 1834 egregia
2645 1776 2845 1817 recen-

509 1839 690 1915 sione,
741 1859 918 1914 quam
967 1841 1039 1899 de
1085 1860 1153 1899 eo
1198 1840 1350 1898 libro
1394 1840 1710 1899 annalibus
1755 1843 1944 1917 antiq.
1990 1842 2020 1900 I
2063 1837 2287 1921 (1834)
2334 1862 2390 1918 p.
2429 1844 2547 1901 987
2582 1861 2712 1918 sqq.
2760 1844 2846 1901 in·

509 1924 813 1982 serendam
858 1926 1092 1986 curavit
1124 1960 1219 1999 —-,
1265 1944 1372 1984 nec
1414 1925 1732 2000 quicquam
1776 1925 1849 1983 ad
1894 1928 2354 2002 comparandum
2387 1928 2669 1986 Nonnum
2712 1947 2845 1986 cum

506 2009 815 2084 evangelio
872 2010 1145 2069 contulit.
1237 2008 1593 2069 Adhibuisse
1649 2011 1710 2069 id
1769 2029 1830 2068 se
1876 2009 2426 2071 Constantinus
2482 2012 2846 2072 Tischen·

507 2093 806 2152 dorfius
863 2095 925 2152 in
980 2096 1333 2154 novissimae
1391 2094 1670 2154 editionis
1726 2095 2207 2172 praefationep.
2255 2097 2458 2155 XXIII
2514 2097 2845 2173 „singulari

506 2178 755 2238 studio“
814 2182 1068 2238 testatur
1124 2180 1401 2255 quidem,
1456 2180 1860 2255 praetermisit
1904 2200 2042 2239 vero
2100 2183 2280 2258 longe
2334 2182 2623 2257 plurima,
2685 2184 2846 2258 quod

505 2268 702 2321 tamen
735 2265 1147 2339 operosissimo
1178 2264 1334 2323 Novi
1369 2264 1742 2323 Testamenti
1786 2266 2337 2342 gloriosissimoque
2382 2267 2572 2342 equiti
2602 2268 2846 2327 minime

506 2348 650 2407 vitio
697 2350 993 2407 verterim.

675 2432 899 2492 Contra
942 2435 1004 2493 in
1047 2433 1404 2493 recensenda
1447 2434 1792 2509 paraphrasi
1837 2436 1922 2494 ita
1965 2435 2402 2511 procedendum
2449 2439 2566 2511 est,
2613 2441 2681 2495 ut
2726 2439 2837 2497 cri-

503 2518 685 2592 ticus,
744 2518 845 2577 ubi
899 2538 1077 2594 quam
1132 2519 1320 2595 possit
1365 2537 1655 2578 summam
1700 2538 1831 2579 cum
1877 2524 2055 2596 poeta
2099 2521 2227 2597 ipso
2272 2523 2632 2582 contraxerit
2677 2522 2844 2582 fami·

503 2604 843 2678 liaritatem,
889 2605 1329 2663 accuratissime
1374 2605 1501 2663 eius
1546 2605 1724 2664 verba
1767 2624 1899 2664 cum
1945 2607 2240 2682 evangelii
2274 2607 2472 2666 verbis
2501 2613 2842 2683 componat,

504 2692 572 2746 ut
626 2688 922 2762 quomodo
980 2690 1084 2747 ille
1137 2690 1198 2748 in
1255 2690 1791 2749 circumscribendo
1843 2709 1913 2749 eo
1974 2695 2242 2751 versatus
2316 2693 2396 2751 sit
2468 2693 2840 2768 penitissime

505 2772 837 2848 perspiciat.
926 2773 1063 2832 Feci
1121 2793 1230 2851 ego
1288 2774 1350 2832 id
1406 2792 1536 2832 cum
1593 2778 1771 2833 antea
1828 2779 1954 2833 tum
2002 2796 2190 2852 nuper
2231 2796 2439 2835 recens
2482 2797 2517 2835 a
2562 2776 2752 2837 Dion
2763 2800 2843 2855 y·

506 2858 874 2916 siacorum
920 2858 1179 2918 editione
1223 2861 1401 2934 atque
1446 2859 1646 2918 No'nni
1694 2859 1984 2919 rationem
2034 2863 2118 2921 ita
2163 2863 2308 2921 mihi
2355 2863 2559 2921 videor
2602 2882 2840 2939 perspe-

505 2943 684 3016 xisse,
742 2945 811 3001 ut
866 2942 938 3001 de
994 2943 1305 3021 perpaucis
1349 2944 1697 3019 pusillisque
1743 2944 1917 3003 rebus
1961 2966 2177 3026 anceps
2222 2967 2419 3006 meum
2466 2947 2709 3006 haereat
2753 2950 2843 3006 iu·

505 3026 747 3084 dicium.
838 3028 1017 3087 Recte
1062 3028 1134 3088 de
1177 3029 1282 3087 illa
1326 3029 1552 3088 ratione
1598 3030 1661 3086 in
1706 3029 2049 3089 universum
2097 3032 2386 3091 iudicavit
2417 3032 2840 3092 Melanchthon

504 3117 744 3187 poetam
789 3114 1123 3187 proxime
1180 3117 1516 3172 secutum
1574 3133 1731 3172 esse
1791 3116 2308 3192 archetypum,
2365 3116 2526 3192 quod
2586 3118 2730 3176 fecit
2773 3137 2844 3176 ea

506 3196 621 3254 fide
680 3199 741 3254 et
797 3197 1110 3274 religione,
1178 3201 1246 3256 ut
1303 3198 1573 3274 singulos
1629 3217 1830 3258 versus
1886 3200 1956 3258 ad
2014 3220 2195 3259 unum
2253 3220 2485 3276 omneS,
2558 3221 2840 3261 versuum

505 3284 702 3357 partes
747 3284 1292 3358 sententiarumque
1352 3285 1619 3342 membra
1670 3287 1904 3344 tantum
1949 3304 2068 3344 non
2115 3285 2337 3362 ubique
2381 3288 2583 3345 eodem
2631 3287 2844 3346 ordine

505 3366 799 3425 redderet.
891 3367 1006 3426 Sed
1061 3387 1168 3428 suo
1223 3387 1387 3427 more
1441 3372 1502 3427 et
1557 3369 2013 3444 repetitionibus
2056 3372 2298 3446 gavisus
2342 3374 2434 3430 est
2476 3375 2538 3431 et
2581 3391 2842 3450 synony-

506 3469 738 3509 morum
773 3451 1289 3530 epithetorumque
1335 3453 1836 3529 sesquipedalium
1882 3456 2284 3515 cumulatione
2330 3460 2391 3514 et
2437 3456 2842 3533 circumscrip-

504 3535 770 3594 tionibus
818 3537 1261 3613 verborumque‘
1296 3539 1579 3596 similium
1625 3539 2006 3615 ambagibuS,
2063 3541 2228 3600 cuius
2273 3543 2457 3600 moris
2502 3542 2838 3618 exemplum

501 3620 839 3680 adscribere
885 3622 1103 3682 sufficit
1146 3625 1381 3697 praeter
1410 3623 1725 3699 garrulum
1755 3625 1907 3683 illud
1937 3624 2319 3685 celeberrimo
2353 3623 2479 3685 Ἴδε
2524 3619 2558 3686 ὁ
2603 3618 2843 3704 ἄνθρω·

503 3723 613 3776 στος
661 3706 1055 3765 substitutum
1100 3707 1257 3782 XIX,
1307 3708 1385 3766 25

755 3809 925 3891 ἠνίδε
968 3809 1378 3887 ποικιλόνωτος
1421 3809 1690 3889 ἀναίτιος
1734 3815 1963 3878 ἵσταται
2004 3812 2160 3898 ἀνήρ

502 3927 698 3999 ipsum
757 3926 1027 4000 initium,
1096 3927 1159 3986 in
1219 3928 1384 3987 cuius
1440 3929 1594 3987 freto
1653 3929 1817 3989 vides
1874 3932 2004 4007 ipsa
2058 3932 2355 4009 evangelii
2420 3932 2605 3991 verba
2670 3935 2855 4009 quasi

505 4011 793 4088 naufraga
835 4014 1074 4070 natare:

745 4125 1027 4206 ’Ἀχρονος
1069 4119 1189 4206 ἦν,
1234 4125 1529 4228 ἀκίχητος,
1576 4127 1653 4189 ἐν
1693 4127 1949 4234 ἀρρήτῳ
1972 4133 2190 4213 λόγος
2233 4126 2448 4217 ἀρχῇ,

757 4209 1015 4289 ἰσοφυὴς
1060 4214 1367 4292 γενετῆρος
1411 4204 1694 4292 ομήλικος
1739 4215 1870 4289 υἱὸς
1913 4213 2186 4299 αμήτωρ,

758 4297 879 4358 καὶ
920 4296 1138 4376 λόγος
1182 4295 1543 4375 αὐτοφῦτοιο
1587 4305 1738 4362 θεοῦ
1781 4301 1992 4383 γόνος,
2039 4301 2105 4364 ἐκ
2149 4302 2334 4381 φάεος
2378 4303 2539 4382 φῶς,

756 4380 976 4461 πατρὸς
1021 4379 1127 4457 ἔην
1170 4378 1510 4463 ἀμέριστος,
1553 4380 1832 4465 ἀτέρμονι
1874 4387 2214 4467 σύνθρονος
2259 4386 2431 4472 edon,

284 4719 659 4852 ,Χ
1510 4825 1549 4852 ι,
