3132 5129
1239 399 1696 463 -539-

480 555 767 614 Consulto
823 554 966 614 haec
1024 557 1224 614 omnia
1268 557 1642 632 transcripsi,
1702 560 1977 632 quoniam
2034 560 2358 634 plurimum
2416 559 2642 617 faciunt

311 641 385 698 ad
429 660 565 698 eum
588 639 936 717 Iphigeniae
981 641 1196 715 locum,
1241 662 1276 699 a
1319 660 1436 716 quo
1482 644 1784 718 progressi
1830 663 2050 717 sumus,
2099 647 2259 704 recte
2305 651 2363 701 et
2411 643 2638 702 intelle·

310 725 571 801 gendum
625 726 687 783 et
745 726 1244 784 constituendum.
1333 726 1462 785 Hoc
1507 727 1692 803 igitur
1737 729 1852 785 iam
1898 748 2159 804 agamus.
2251 730 2339 788 Ac
2381 730 2640 803 primum

308 811 544 884 quidem
602 812 769 884 patet
825 807 1324 881 δινευούσαις
1381 808 1590 881 ἵπποις
1645 817 1896 881 πταναῖς
1950 832 2129 889 equos
2175 814 2475 889 designari
2518 833 2640 872 non

312 894 615 969 Pelopis
660 894 786 954 sive
832 893 1132 955 Oenomao
1177 897 1302 956 sive
1347 896 1592 972 Myrtilo
1636 898 1876 972 fatales,
1927 918 2077 973 quae
2122 898 2268 957 adeo
2316 898 2638 957 Hermanni

313 983 491 1054 atque
539 978 813 1038 Schoenii
874 981 990 1038 fuit
1044 981 1366 1055 sententia,
1424 983 1527 1040 sed
1586 982 1771 1057 ipsius
1832 983 2064 1056 Solis,
2124 985 2226 1058 qui
2273 983 2334 1040 in
2380 982 2641 1057 Orphico

313 1066 570 1140 hymno,
617 1084 793 1140 quem
837 1069 996 1125 recte
1040 1065 1103 1123 in
1150 1085 1279 1125 eam
1323 1086 1449 1124 rem
1492 1068 1612 1124 iam
1658 1068 2036 1144 Musgravius
2082 1068 2315 1143 attulit,
2362 1068 2531 1128 audit

617 1195 892 1277 ῥόμβου
936 1194 1274 1279 ἆπειρεσίου
1319 1194 1772 1277 δινεύμασιν
1815 1192 1986 1278 οἷμον
2030 1196 2316 1261 ἐλαύνων.

318 1336 390 1393 Id
435 1335 742 1411 epitheton
787 1336 1086 1410 quomodo
1130 1338 1191 1396 in
1236 1337 1476 1413 Pelopis
1521 1357 1724 1414 equ08,
1775 1339 1990 1414 quibus
2025 1339 2338 1416 Myrtilum
2382 1340 2443 1397 in
2490 1359 2649 1396 mare

315 1420 820 1495 praecipitaverit,
878 1422 1154 1495 quadrari
1212 1423 1434 1498 possit,
1495 1442 1669 1482 nemo
1716 1424 2117 1483 demonstrare
2162 1424 2406 1497 poterit.
2496 1424 2645 1495 Una,

317 1526 433 1580 qua
477 1506 550 1563 de
596 1505 714 1563 illis
760 1505 927 1579 equis
973 1506 1375 1583 intellegatur,
1424 1510 1615 1566 restat
1658 1508 1809 1568 ratio
1855 1529 1940 1583 ea,
1991 1528 2168 1585 quam
2215 1508 2502 1568 indicavit
2545 1508 2645 1565 sed

318 1591 444 1664 ipse
487 1590 694 1649 reiecit
736 1588 1131 1666 Hermannus,
1181 1597 1247 1651 ut
1292 1613 1424 1651 cum
1471 1593 1764 1652 Pausania
1811 1593 1911 1668 VI,
1946 1595 2028 1653 20
2072 1594 2144 1651 de
2190 1593 2511 1652 certamine
2556 1611 2647 1651 co-

314 1678 572 1749 gitemus
629 1676 786 1733 inter
830 1675 1109 1751 Pelopem
1166 1684 1341 1752 atque
1386 1678 1753 1738 Oenomaum
1799 1680 1862 1737 in
1906 1679 2036 1753 ipso
2083 1676 2395 1754 Olympiae
2439 1677 2645 1752 hippo-

315 1760 519 1817 dromo
579 1760 874 1820 instituto.
969 1762 1086 1819 Sed
1141 1763 1407 1838 profecto
1466 1784 1646 1838 quam
1699 1764 1976 1822 vitiosam
2034 1763 2235 1822 multis
2309 1762 2649 1821 nominibus

316 1849 443 1902 tum
488 1845 900 1903 nanciscamur
943 1847 1302 1922 orationem,
1350 1849 1515 1908 vide:
1564 1843 1790 1924 μόχθος
1836 1839 1895 1906 δ’
1944 1844 2009 1905 ἐκ
2052 1843 2305 1923 μόχθων
2348 1844 2517 1927 ᾄσσει
2561 1845 2650 1903 δι-

316 1922 627 1999 νευούσαις
672 1926 879 2000 ἵπποις
922 1936 1207 2002 πταναῖς·
1268 1926 1518 2006 ἀλλάξας
1563 1927 1623 1990 δ’
1673 1928 1732 2005 ἐξ
1778 1929 1956 2010 ἕδρας
2000 1936 2061 1992 et
2104 1952 2255 2007 quae
2302 1934 2645 2007 sequuntur.

317 2014 580 2072 Primum
629 2017 805 2091 equi
852 2022 1390 2077 commemorantur
1433 2022 1737 2094 tamquam
1771 2021 2032 2077 omnium
2064 2018 2471 2076 calamitatum
2497 2018 2649 2090 fons,

316 2100 608 2157 nescimus
672 2101 773 2175 qui
829 2104 889 2159 et
944 2121 1060 2178 qua
1115 2102 1377 2177 ratione,
1436 2105 1597 2179 quod
1642 2105 1821 2179 longe
1866 2103 2043 2161 aliter
2086 2106 2177 2161 est
2220 2104 2283 2160 in
2329 2102 2432 2160 illo
2478 2120 2651 2175 quem

319 2202 529 2328 supbrg.4
561 2185 845 2260 adscripsi
905 2186 1134 2246 Orestis
1203 2188 1330 2246 loco
1399 2192 1460 2246 et
1522 2188 1588 2246 in
1653 2188 1947 2247 consimili
2011 2187 2333 2262 Sophocleo
2378 2185 2650 2245 Electrae

320 2288 373 2327 v.
556 2288 687 2346 sqq.

1018 2380 1067 2448 οἷ
1113 2386 1444 2460 Πέλοπος
1490 2378 1528 2446 ἆ
1575 2381 1843 2467 πρόσθεν

889 2483 988 2531 505
1018 2472 1359 2545 πολύπονος
1406 2474 1705 2550 ἱππεία,

1025 2551 1104 2631 ὧς
1152 2557 1355 2636 ἔμολες
1404 2558 1584 2638 alam}

1024 2645 1165 2726 τᾷδε
1209 2646 1314 2727 γᾷ·

1117 2721 1250 2790 εὖτε
1293 2725 1406 2810 γὰρ
1450 2724 1482 2789 ὁ
1531 2726 1879 2802 ποντισθεὶς

1029 2814 1334 2894 Μυρτίλος
1379 2809 1679 2892 ἐκοιμάθη

899 2912 1000 2958 510
1029 2900 1420 2979 παγχρυσέων
1463 2899 1697 2978 δίφρων

1022 2981 1334 3060 δυστάνοις
1379 2986 1602 3056 αἰκίαις

1024 3067 1331 3150 πρόρριζος
1376 3065 1720 3150 ἐκριφθείς,

1113 3149 1190 3216 οὕ
1231 3157 1292 3215 τί
1329 3177 1423 3215 πω

1029 3239 1234 3300 ἔλιπεν
1279 3241 1344 3302 ἑκ
1388 3233 1554 3299 τοῦδ’
1602 3239 1805 3309 οἴκους

899 3337 997 3382 515
1112 3322 1536 3403 πολυπάμονας
1581 3324 1765 3383 αἰκία.

327 3445 556 3504 Deinde
588 3450 731 3504 nota
761 3447 866 3504 illa
908 3448 1051 3505 solis
1084 3449 1392 3507 conversio
1424 3446 1780 3519 adnectitur,
1827 3444 2137 3517 nescimuS,
2187 3459 2304 3516 quo
2336 3441 2481 3514 iure,
2529 3458 2660 3496 cum

328 3551 453 3590 eam
514 3549 620 3588 nec
674 3531 747 3589 ad
795 3533 1076 3590 Oenomai
1131 3551 1239 3591 nec
1280 3534 1356 3591 ad
1403 3530 1633 3606 Myrtili
1679 3530 1886 3588 caedes
1929 3549 1965 3587 a
2010 3528 2226 3602 Pelope
2271 3526 2660 3600 perpetrataS,

331 3616 433 3675 sed
490 3614 693 3689 potius
747 3616 818 3675 ad
881 3618 1085 3675 arietis
1129 3617 1291 3675 aurei
1338 3618 1521 3675 Atreo
1568 3620 1631 3672 et
1676 3614 1922 3689 Thyesti
1970 3612 2168 3671 fatalis
2212 3614 2486 3684 tempora
2529 3628 2662 3682 per-

333 3700 587 3759 tinuisse
633 3703 694 3758 et
736 3702 919 3760 ceteri
965 3702 1078 3760 loci
1124 3701 1374 3760 doceant
1418 3705 1479 3759 et
1520 3699 1617 3757 hic
1657 3699 1783 3774 ipse
1813 3696 2199 3772 sequentibus
2229 3695 2427 3755 verbis
2460 3713 2663 3769 quam-

271 3825 286 3840 .
335 3786 426 3843 vis
475 3784 769 3844 mutilatis
828 3786 986 3845 haud
1040 3786 1286 3845 obscure
1331 3786 1566 3844 indicet.
1658 3782 1857 3843 Solem
1902 3801 2041 3842 vero
2086 3800 2205 3840 non
2251 3782 2485 3837 tantum
2531 3797 2662 3836 ocu-

331 3870 523 3929 lorum
570 3872 754 3929 aciem
799 3866 1134 3947 πανδερκέα
1181 3872 1278 3927 sed
1321 3872 1515 3946 ipsum
1545 3861 1877 3928 radiantem
1912 3885 2205 3926 currum
2236 3864 2460 3922 scilicet
2488 3863 2662 3921 alatis

331 3956 503 4031 equis
547 3958 816 4015 iunctum
862 3951 932 4028 ἐξ
978 3952 1010 4013 ἕ
1020 3953 1052 4011 δ
1068 3975 1197 4032 ρας
1243 3956 1299 4014 h.
1333 3976 1383 4014 e.
1415 3974 1446 4013 e
1493 3957 1778 4014 consueto
1823 3970 1996 4011 cursu
2040 3950 2328 4010 avertisse
2359 3947 2667 4010 cum-haec

335 4042 468 4115 ipsa
513 4040 730 4102 locutio
777 4043 948 4100 docet
991 4061 1060 4099 ex
1105 4040 1378 4099 Electrae
1423 4060 1479 4098 v.
1515 4042 1656 4112 740,
1705 4039 1798 4096 cui
1843 4036 2101 4096 concinit
2145 4033 2365 4130 Herod:
2410 4033 2544 4107 vn,
2584 4034 2662 4090 37

333 4126 407 4183 ab
452 4123 768 4204 Hartungo
815 4126 1055 4185 allatus:
1120 4119 1442 4205 ὡρμημένῳ
1486 4120 1554 4182 δέ
1599 4122 1660 4180 οἱ
1697 4117 1735 4179 ὅ
1776 4115 1946 4196 ἥλιος
1992 4114 2255 4178 ἐκλιπών
2298 4138 2407 4193 την
2452 4114 2515 4174 ἐκ
2562 4115 2665 4173 τοῦ

335 4199 595 4285 οὐρανοῦ
648 4208 829 4291 ἕδρην
882 4204 1125 4286 ἀφανὴς
1170 4202 1282 4287 ἦν,
1339 4229 1448 4286 pro
1493 4209 1748 4267 Aldinae
1795 4199 2048 4284 ἐξέδρασ’
2097 4237 2183 4248 -
2224 4223 2362 4263 nam
2407 4203 2478 4261 de
2522 4202 2667 4277 ipsis

338 4294 507 4354 libris
552 4316 670 4355 non
717 4298 983 4357 constat!
1018 4328 1099 4337 —-
1132 4297 1458 4356 certissime
1505 4293 1783 4368 reposita,
1833 4296 1960 4350 tum
2006 4290 2090 4349 illi
2125 4291 2303 4348 iidem
2346 4288 2459 4346 loci
2491 4287 2666 4345 modo

339 4378 645 4456 adscripti.
735 4382 906 4442 Unde
967 4401 1140 4440 nemo
1185 4400 1305 4441 non
1348 4381 1514 4439 videt
1561 4396 1743 4454 equos
1787 4396 1966 4452 supra
2009 4375 2367 4450 dominoque
2411 4374 2667 4450 iugoque

343 4469 613 4525 carentes
649 4467 772 4526 Soli
815 4467 1058 4543 aurigae
1103 4467 1346 4543 eiusque
1385 4484 1504 4524 non
1552 4464 1767 4522 oculo
1814 4461 1915 4522 sed
1960 4461 2216 4520 currui
2261 4457 2666 4535 adiungendos

2696 2908 2758 2954 16
