3132 5129
1252 414 1705 476 —377—

303 569 462 645 gitat
483 615 497 644 ,
543 572 650 627 aut
665 571 957 629 ‘constans
987 569 1061 631 N.
1092 588 1235 629 usus
1265 570 1453 646 aliud,
1501 589 1679 645 quam
1724 571 1883 646 quod
1913 572 1976 630 in
2009 570 2372 631 editionibus
2400 571 2640 648 legitur,

304 654 379 712 ab
424 672 496 713 eo
541 654 832 729 scriptum
877 673 1005 713 esse
1036 654 1323 731 coarguit.
1400 653 1659 714 Omnino
1688 659 1891 715 autem
1924 657 2315 733 monendum,
2363 657 2642 733 frequen-

305 739 530 798 tissime
574 739 730 814 apud
776 739 851 798 N.
899 742 960 797 et
1003 739 1065 797 in
1108 739 1535 799 adiectivorum
1568 742 2091 800 terminationibus
2138 744 2198 800 et
2241 742 2303 801 in
2347 743 2493 807 totis
2537 760 2641 802 vo-

304 823 531 882 cabulis
576 825 802 882 exitum
845 842 1052 883 versus
1109 824 1548 899 complentibus
1605 845 1640 883 a
1682 825 1941 885 librariis
1999 829 2307 900 peccatum
2362 846 2521 902 esse,
2582 830 2646 885 et

307 908 547 985 quidem
591 928 765 986 saepe
809 910 926 984 ita,
973 911 1044 966 ut
1085 909 1443 969 coniecturis
1488 909 1574 968 ibi
1609 910 1905 969 utendum
1951 911 2061 985 sit,
2110 912 2253 971 satis
2297 912 2642 987 audacibus,

305 994 356 1052 si
400 993 736 1054 litterarum
781 995 1034 1053 formam
1079 997 1344 1070 spectaS,
1403 995 1498 1054 sin
1540 995 1659 1053 alia
1704 996 1930 1072 omnia,
1978 995 2121 1055 satis
2165 996 2595 1071 probabilibus.

477 1079 553 1155 11,
590 1080 710 1138 637
745 1098 831 1149 sq.
878 1079 951 1138 de
982 1082 1159 1156 terra,
1194 1078 1541 1156 Typbaonis
1572 1081 1802 1139 cladem
1831 1081 2107 1158 lugente,
2148 1081 2294 1141 baec
2324 1083 2640 1159 leguntur:

561 1198 715 1256 Γαῖα
759 1193 827 1256 δὲ
870 1193 1200 1277 πετρήεσσα
1244 1190 1609 1277 διαρρήξασα
1654 1206 1871 1275 χιτῶνα
1886 1241 1904 1275 ,

557 1278 648 1361 ἄγ
662 1303 698 1341 ν
711 1304 749 1363 ν
762 1303 793 1341 τ
806 1301 858 1340 o·
882 1277 1219 1360 κεκλιμένη.

304 1401 373 1460 In
420 1401 510 1460 his
556 1402 812 1476 primum
860 1421 1057 1461 errore
1112 1405 1322 1462 natum
1366 1406 1458 1462 est
1511 1398 1770 1478 οἵγνυτος
1828 1405 1985 1462 recte
2041 1403 2200 1461 enim
2256 1404 2321 1461 in
2378 1402 2643 1478 antiquis
2839 1469 2844 1474 ‚

306 1486 672 1545 editionibus
716 1482 943 1562 ἄχνυτο
988 1488 1225 1563 legitur.
1304 1487 1455 1545 Tum
1510 1506 1654 1549 vero
1699 1506 1818 1547 non
1878 1487 2274 1565 intellegitur,
2335 1506 2439 1547 our
2481 1490 2642 1545 terra
2672 1497 2772 1545 642

305 1572 365 1629 h.
411 1571 451 1628 l.
498 1571 726 1631 dicetur
769 1568 1121 1648 πετρήεσσα.
1196 1572 1353 1631 Nam
1409 1591 1527 1632 non
1585 1578 1744 1633 terra
1784 1591 1995 1632 saxosa
2039 1576 2307 1648 tantum,
2367 1572 2426 1630 h.
2474 1591 2524 1630 e.
2572 1592 2641 1630 ea

305 1660 499 1715 terrae
543 1675 709 1733 pars,
768 1676 918 1734 quae
975 1657 1132 1717 saxis
1187 1657 1421 1732 horret3
1480 1659 1584 1717 sed
1642 1659 1831 1718 Τεννα
1882 1661 2044 1732 ipsa,
2104 1657 2373 1733 Typhoei
2429 1661 2637 1732 mater,

308 1760 457 1817 quae
489 1743 791 1817 tamquam
819 1761 1074 1817 persona
1102 1742 1430 1817 inducitur,
1478 1743 1589 1801 filii
1639 1743 1947 1802 interitum
1997 1743 2182 1819 luget.
2258 1741 2451 1800 Nimis
2482 1741 2641 1799 nude

305 1826 488 1885 etiam
534 1826 680 1885 illud
726 1834 947 1903 χιτῶνα
991 1828 1254 1902 positum
1300 1831 1418 1903 est,
1466 1828 1626 1903 quod
1658 1847 1789 1887 cum
1835 1828 1907 1886 de
1941 1831 2133 1886 terrae
2165 1826 2478 1902 superficie
2507 1826 2566 1884 h.
2599 1826 2639 1883 l.

306 1911 567 1987 dicatur,
617 1911 874 1971 debebat
917 1912 1067 1971 illud
1110 1932 1179 1971 ex
1212 1912 1288 1970 N.
1323 1913 1751 1972 consuetudine
1780 1912 1982 1988 aliquo
2013 1913 2310 1972 adiectivo
2342 1911 2639 1986 insigniri,

307 2014 453 2072 quo,
512 1997 655 2072 quid
701 1999 763 2055 in
818 2001 976 2057 terra
1033 1993 1214 2072 χιτών
1266 1998 1698 2074 appellaretur,
1758 1998 1974 2058 clarius
2030 1999 2359 2073 appareret.
2434 1996 2641 2071 Itaque

303 2100 426 2140 non
471 2082 711 2157 dubito,
760 2083 901 2158 quin
947 2083 1024 2141 N.
1070 2083 1401 2158 scripserit:

567 2202 716 2257 Γαῖα
760 2195 827 2259 δὲ
870 2197 1242 2277 πετρήεντα
1286 2196 1655 2279 διαρρήξασα
1699 2208 1919 2278 χιτῶνα

562 2282 785 2360 ἄχνυτο
829 2281 1159 2361 κεκλιμένη.

305 2404 531 2463 Eodem
576 2404 753 2463 modo
799 2423 975 2480 supra
1018 2425 1073 2464 v.
1120 2405 1243 2463 554
1289 2402 1514 2463 dictum
1561 2409 1718 2464 erat:

557 2541 705 2599 χειρι
749 2516 826 2580 δὲ
858 2520 894 2579 ὃ
908 2541 934 2582 ε
955 2519 1034 2581 νδ
1048 2514 1131 2601 ρή
1144 2542 1170 2581 ε
1188 2537 1222 2580 σ
1237 2538 1272 2580 σ
1286 2542 1324 2578 α
1341 2544 1375 2581 ν
1417 2515 1804 2602 ἀπορρίψασα
1848 2516 2194 2601 καλύπτρην

557 2600 746 2684 μήτηρ
791 2627 1013 2684 αχνυτο
1060 2609 1232 2667 Γαῖα.

307 2728 387 2785 Et
430 2728 514 2787 sic
558 2717 735 2787 etsam
782 2727 844 2785 in
890 2746 1023 2804 sqq
1071 2729 1230 2789 terra
1285 2746 1419 2787 cum
1463 2729 1710 2787 muliere
1765 2729 1828 2786 in
1889 2727 2143 2803 singulis
2198 2728 2397 2786 luctus
2454 2725 2636 2801 parti·

306 2814 415 2872 bus
460 2814 869 2888 comparatur:

797 2962 882 2973 --
927 2929 1029 2990 καὶ
1069 2924 1378 2999 πενθάδος
1421 2919 1552 2989 ἀντὶ
1596 2928 1888 3007 μαχαίρης

559 3010 930 3094 κοπτομένην
972 3010 1214 3093 ἀνέμοις
1260 3009 1610 3090 ἀπεκείρατο
1653 3013 1691 3074 δ
1704 3036 1731 3074 ε
1744 3035 1779 3070 ν
1792 3014 1829 3073 δ
1842 3036 1875 3092 ρ
1890 3011 1930 3072 ά
1946 3013 2030 3074 δα
2076 3037 2110 3092 χ
2124 3037 2163 3071 α
2180 3013 2206 3072 ί
2221 3036 2249 3073 τ
2264 3036 2303 3090 η
2323 3037 2387 3089 v,

561 3099 890 3178 βόστρυχον
932 3095 970 3159 ὖ
988 3099 1068 3178 λή
1081 3121 1108 3160 ε
1123 3121 1203 3159 ντ
1217 3121 1248 3158 o
1262 3121 1292 3169 ς
1335 3095 1722 3178 ἆποτμήξασα
1768 3120 1804 3157 κ
1818 3121 1857 3156 α
1870 3122 1903 3178 ρ
1916 3096 1955 3177 ἦ
1972 3122 2006 3157 ν
2018 3120 2050 3158 ο
2061 3122 2099 3157 ν

560 3183 868 3265 φυλλοχόῳ
911 3206 1015 3245 ατε
1057 3183 1226 3262 μηνί
1272 3205 1400 3263 χαρ
1421 3183 1737 3263 αδραίας
1783 3182 1848 3244 δὲ
1892 3181 2155 3262 παρειὰ
2175 3207 2205 3257 ς

561 3268 865 3346 δρύψατο,
910 3265 1011 3328 καὶ
1056 3266 1364 3329 κελαδεινα
1410 3265 1495 3328 δι’
1544 3265 1823 3348 εὖύδρων
1866 3268 2177 3328 κενεώνων

562 3352 717 3434 ἔρρεε
761 3352 1098 3434 μυρομένης
1142 3352 1429 3432 ποταμή
1444 3377 1516 3413 ια
1563 3352 1655 3414 δ’
1616 3375 1856 3428 ακρυα
1903 3353 2108 3429 Γαίης.

309 3475 545 3534 Similes
590 3476 1009 3534 translationes
1054 3475 1178 3534 vid.
1224 3474 1328 3551 VI,
1377 3476 1519 3533 224.
1566 3474 1700 3550 XII,
1749 3477 1850 3534 80.
1896 3473 2163 3549 XXXIV,
2217 3475 2354 3535 190.

477 3559 755 3635 m,115
788 3578 877 3635 sq.
936 3561 1141 3619 cornix
1185 3558 1408 3619 Cadmo
1454 3560 1842 3619 Harmoniam
1899 3558 1971 3617 ab
2018 3559 2258 3619 Electra
2319 3559 2383 3616 in
2439 3557 2638 3615 matri-

311 3644 573 3702 monium
615 3644 880 3719 petituro
926 3645 1068 3704 haec
1112 3644 1283 3703 dicit·

559 3761 810 3837 σπεῦδε,
856 3783 954 3820 και
992 3751 1278 3838 Ἠλέκτρη
1323 3776 1385 3820 σε
1433 3758 1756 3839 dedignat,
1801 3752 1875 3838 ἧς
1918 3755 2036 3819 απὸ
2083 3768 2298 3838 χειρῶν

566 3842 683 3903 ναὶ
730 3844 818 3922 δὴ
863 3867 988 3906 και
1029 3844 1261 3924 γαμίων
1303 3843 1586 3924 ἐμβάλλεο
1629 3840 1858 3922 φόρτον
1903 3838 2190 3924 Ἐρώτων.

306 3967 573 4025 Alterius
618 3985 823 4026 versus
868 3968 1060 4042 prima
1089 3967 1271 4026 verba
1297 3967 1512 4026 mendo
1555 3966 1851 4041 laborare,
1898 3966 2094 4042 quivis
2123 3964 2321 4024 videt.
2373 3961 2641 4021 Graefius

305 4053 368 4109 in
412 4050 662 4127 praefat.
709 4073 768 4127 p.
816 4053 870 4110 X
914 4055 1230 4112 certissima
1259 4054 1579 4111 mutatione
1610 4051 1987 4109 scribendum
2033 4054 2260 4108 censet:
2310 4043 2433 4123 νηὶ
2476 4049 2635 4125 γλυ-

306 4133 446 4193 κὺν
489 4134 720 4212 γαμίων
763 4141 904 4212 etc,
953 4137 1009 4195 id
1055 4137 1214 4213 quod
1261 4138 1442 4195 etiam
1485 4138 1547 4194 in
1593 4140 1735 4194 nota.
1778 4135 1851 4193 ad
1882 4134 2149 4208 XXXIX,
2184 4134 2305 4192 393
2352 4151 2642 4190 commen·

307 4221 427 4279 dat.
502 4220 622 4279 Sed
670 4220 779 4280 hoc
822 4226 1102 4297 propter·
1091 4222 1363 4280 Atticam
1395 4222 1829 4296 correptionem
1874 4221 1936 4277 in
1968 4179 2185 4277 Nomio
2231 4217 2378 4276 ferri
2408 4218 2637 4293 nequit,

305 4304 436 4380 qui,
483 4305 686 4402 paucis
718 4305 914 4365 verbis
945 4307 1205 4383 exceptis
1245 4302 1625 4385 (πλανήτων,
1660 4301 2002 4377 Πλαταίας,
2035 4299 2423 4377 Κλεωναίοιο,
2459 4294 2637 4377 Ἡρα-

305 4383 542 4468 κλὲης),
589 4409 912 4466 numquam
943 4391 1006 4450 in
1033 4391 1238 4451 littora
1267 4392 1300 4448 λ
1331 4391 1495 4450 illam
1521 4389 1784 4449 admisit.
1845 4388 1981 4447 Vid.
2016 4388 2219 4447 Lebrs.
2254 4388 2293 4446 l.
2327 4407 2377 4449 ο.
2409 4407 2468 4462 p.
2501 4386 2641 4450 223.

304 4473 520 4550 Itaque
567 4479 673 4533 aut
717 4471 817 4549 νηὶ
858 4478 981 4557 θοῇ
1024 4480 1129 4536 aut
1176 4473 1273 4552 νηὶ
1330 4474 1431 4557 τεῇ
1475 4461 1910 4551 recipiendum,
1970 4473 2130 4550 quod
2176 4472 2477 4549 posterius
2521 4471 2640 4530 iam
