3132 5129
1377 424 1443 433 -
1544 385 1836 447 354-

441 544 523 602 ris
567 545 629 601 in
674 542 881 600 urbem
927 542 1250 615 compulsis
1297 541 1456 599 solus
1500 541 1797 599 Achillem
1851 541 2311 615 exspectaverat.
2400 541 2524 599 Iam
2584 543 2779 601 alios

442 631 732 686 memorat
775 628 1011 703 praeter
1056 625 1374 700 Troianos,
1420 626 1556 684 illos
1602 625 1819 701 viginti
1864 626 2049 683 trium
2094 624 2332 683 urbium
2380 627 2571 701 cives,
2630 645 2778 701 quos

442 713 704 770 Achilles
749 713 969 771 eversis
1012 711 1263 770 urbibus
1307 711 1709 770 interfecerat.
1783 710 1928 769 Post
1959 730 2013 771 v.
2053 711 2128 768 16
2175 709 2374 785 plures
2406 711 2621 769 desunt
2649 730 2777 769 ver-

443 816 542 856 sus
573 797 789 872 quibus
821 795 909 854 illi
942 796 1273 855 accuratius
1303 795 1575 855 distincti
1619 797 1815 854 erant:
1860 795 2172 853 duodecim
2215 796 2376 853 enim
2409 796 2584 854 urbes
2614 796 2778 855 navi-

440 882 553 940 bus
595 875 699 961 (δι’
746 874 1072 957 ἀκαμάτοιο
1116 877 1456 957 θαλάσσης)
1512 880 1788 939 undecim
1845 880 2107 955 pedestri
2166 881 2424 938 exercitu
2480 899 2778 957 expugna-

442 969 628 1026 verat.
721 966 1001 1025 Fortasse
1046 966 1120 1024 ad
1164 966 1273 1025 hos
1317 965 1659 1040 deperditos
1705 984 1910 1025 versus
1967 965 2256 1039 quaedam
2312 967 2617 1040 pertinent
2668 966 2778 1024 lec-

440 1052 622 1110 tionis
654 1051 1058 1126 diversitateS,
1105 1053 1174 1109 ut
1202 1046 1427 1125 θέων,
1474 1051 1632 1126 quod
1662 1050 1892 1108 adiecta
1919 1050 2120 1126 glossa
2148 1045 2426 1125 τρέχων
2453 1052 2517 1108 in
2547 1050 2777 1110 Monac.

441 1137 666 1211 legitur
692 1155 751 1195 v.
780 1138 856 1194 12
888 1154 996 1212 pro
1024 1132 1186 1192 θύω
1201 1157 1263 1195 νε
1314 1135 1432 1193 fuit
1461 1136 1714 1194 fortasse
1744 1131 1965 1208 νηυσὶ
1991 1131 2189 1192 θέων
2218 1154 2273 1196 v.
2303 1137 2378 1193 16
2411 1136 2483 1195 de
2510 1135 2775 1209 Achille;

439 1224 569 1278 tum
599 1221 663 1279 in
694 1220 866 1280 codd.
899 1221 1236 1295 corruptela
1263 1240 1322 1281 v.
1359 1221 1438 1277 14
1467 1216 1590 1277 καὶ
1635 1210 1826 1296 ἦμαρ
1858 1215 2068 1277 ἔλυσε
2099 1239 2156 1278 v.
2188 1214 2447 1295 ἔρυσσε
2477 1217 2777 1293 πόληων

438 1306 588 1364 latet
644 1306 898 1365 fortasse
958 1302 1360 1383 κρήδεμνα
1391 1307 1490 1365 vel
1532 1307 1731 1381 potius
1775 1300 2053 1382 κάρηνα
2097 1298 2176 1362 δὲ
2218 1307 2395 1363 λῦσε
2448 1301 2776 1380 πόληωνς

438 1394 738 1465 postremo
791 1391 949 1465 quod
1004 1411 1060 1454 v.
1098 1393 1177 1451 10
1232 1387 1363 1469 (qui
1417 1408 1576 1450 nunc
1642 1387 1759 1469 est)
1815 1409 1923 1465 pro
1987 1385 2371 1465 Τρώεσσιν
2425 1391 2488 1449 in
2545 1391 2775 1449 Monac.

437 1475 660 1551 legitur
714 1471 1098 1534 τεκέεσσιν
1153 1474 1384 1534 adiecta
1438 1476 1640 1551 glossa
1695 1477 1850 1544 τοῖς
1905 1473 2134 1551 υἱοῖς,
2202 1478 2294 1533 est
2360 1475 2471 1533 hoc
2524 1476 2775 1534 fortasse

437 1560 589 1619 alius
626 1579 834 1619 versus
878 1561 1125 1634 lacinia,
1186 1579 1303 1635 quo
1351 1560 1608 1630 Quintus
1653 1560 1725 1619 de
1769 1559 2052 1619 uxoribus
2097 1563 2160 1618 et
2200 1559 2405 1618 liberis
2449 1561 2775 1619 occisorum

437 1648 789 1720 exposuerat
811 1646 918 1703 tali
941 1646 1063 1703 fere
1093 1645 1298 1703 modo:
1334 1637 1720 1721 (ὀλλυμένων
1749 1640 1816 1701 δὲ
1845 1647 2136 1721 γυναῖκας
2165 1636 2367 1723 ὁμῶς)
2394 1640 2721 1703 τεκέεσσι
2740 1666 2776 1702 ν

436 1725 772 1808 ἕρνσσεν.
865 1729 982 1788 Sed
1025 1731 1252 1788 incerta
1295 1731 1437 1789 haec
1479 1730 1725 1806 quidem
1769 1732 1926 1789 sunt.

604 1813 869 1873 Certiora
922 1818 1063 1874 sunt
1116 1834 1266 1889 quae
1324 1815 1553 1873 adicere
1612 1816 1806 1890 placet
1862 1815 1935 1873 de
1990 1814 2094 1872 illa
2146 1814 2446 1874 locutione
2511 1804 2775 1873 ὁπόσων

434 1892 729 1975 ἀπέταμνε
772 1896 1035 1976 κάρηνα,
1080 1918 1229 1975 quae
1277 1918 1417 1958 sane
1447 1900 1664 1958 habere
1692 1900 1930 1959 videtur
1961 1899 2186 1974 aliquid
2218 1900 2536 1976 singulare.
2615 1900 2769 1970 Quid

438 1984 630 2060 enim,
688 2002 830 2041 num
884 1983 1148 2043 Achilles
1191 2002 1574 2060 quoscunque
1616 1986 1679 2043 in
1727 1985 2089 2043 Scamandro
2135 1986 2376 2045 necavit
2419 2004 2521 2045 eos
2567 2003 2773 2044 omnes

433 2068 759 2128 abscisis
805 2068 1188 2145 capitibus
1232 2070 1507 2128 necavit?
1593 2070 1864 2129 Pertinet
1906 2088 1974 2128 ea
2016 2070 2236 2129 locutio
2279 2071 2357 2128 ad
2401 2090 2531 2129 eam
2564 2089 2772 2129 recen-

434 2154 651 2213 tiorum
687 2153 989 2229 epicorum
1020 2155 1540 2230 consuetudinem,
1589 2174 1705 2230 qua
1734 2154 1825 2213 illi
1858 2154 2002 2213 duce
2039 2155 2475 2230 quodammodo
2505 2155 2771 2214 Homero

434 2237 526 2319 (Λ
564 2241 688 2300 309
740 2236 939 2296 πυκνὰ
996 2232 1261 2315 καρήαθ’
1325 2230 1440 2311 ὑφ’
1482 2235 1747 2317 ’Ἕκτορι
1785 2236 2051 2314 δάμνατο
2105 2241 2296 2304 λαῶνς
2353 2242 2478 2300 500
2533 2232 2774 2316 ἀνδρῶν

431 2327 610 2381 πῖπτε
655 2319 918 2400 κάρηνα)
965 2343 1137 2400 saepe
1183 2324 1256 2382 de
1301 2324 1550 2400 capite
1595 2325 2051 2401 amputando
2093 2325 2450 2401 loquuntur,
2512 2325 2617 2383 ubi
2663 2344 2772 2384 nos

433 2408 760 2484 simplicem
806 2408 1197 2468 interficiendi
1241 2410 1546 2468 notionem
1594 2413 2027 2485 exspectamus
2120 2408 2212 2469 Cf.
2262 2410 2464 2481 Quint.
2509 2410 2599 2485 II,
2649 2411 2768 2468 229

317 2534 340 2554 .
430 2486 573 2570 βάλε
619 2486 681 2552 δ’
730 2489 929 2551 ἄλλων
971 2488 1157 2552 πολλὰ
1202 2490 1468 2573 κάρηνα;
1514 2498 1577 2552 et
1604 2495 1739 2553 vide
1770 2494 1971 2554 Nonn.
2004 2493 2164 2571 XIV,
2213 2497 2355 2554 396.
2400 2494 2590 2571 XVII,
2632 2497 2768 2553 158.

436 2581 557 2639 174
580 2599 673 2654 sq.
719 2579 846 2655 XX,
879 2582 1024 2639 224.
1069 2579 1255 2656 XXII,
1295 2583 1436 2641 170.
1484 2580 1760 2654 XXVIII,
1795 2582 1936 2638 241.
1967 2581 2108 2640 298.
2155 2580 2366 2655 XXIX,
2402 2582 2545 2640 227.
2589 2581 2766 2654 XXX,

434 2666 573 2723 183.
617 2664 830 2739 XXXI,
882 2666 1020 2723 122.
1067 2665 1337 2741 XXXVI,
1389 2666 1531 2724 435.
1577 2666 1844 2740 XXXIX,
1885 2666 2025 2739 147,
2072 2664 2174 2723 ubi
2219 2665 2596 2725 scribendum
2642 2685 2769 2725 esse

430 2744 715 2825 τέμνων
761 2741 947 2825 ἐχθροὶ
990 2743 1219 2826 κάρηνα
1265 2751 1380 2808 iam
1427 2750 1570 2809 olim
1615 2770 1651 2808 a
1694 2770 1787 2809 me
1832 2755 1922 2809 est
1964 2751 2276 2810 monitum.

598 2834 911 2894 Praeterea
957 2834 1187 2893 duobus
1231 2834 1411 2893 libri
1455 2835 1678 2910 primi
1735 2836 1878 2894 locis
1934 2833 2157 2909 aliquid
2216 2835 2418 2895 deesse
2475 2837 2761 2910 suspicor.

431 2918 585 2977 Nam
632 2919 694 2977 in
741 2919 844 2995 iis,
893 2938 1043 2995 quae
1088 2920 1376 2996 leguntur
1419 2939 1475 2979 v.
1508 2921 1588 2978 56
1614 2939 1741 2996 sqq.
1791 2920 1862 2977 de
1906 2918 2308 2979 Penthesilea:

686 3069 760 3078 —
855 3070 928 3079 —
1023 3070 1098 3079 —
1189 3033 1319 3096 ἐπεί
1357 3030 1434 3115 ῥά
1477 3036 1543 3095 οἱ
1579 3030 1732 3114 ἀμφὶ
1777 3033 2069 3116 προσώπῳ

646 3118 866 3206 ςόῖμφω
907 3118 1264 3198 σμερδαλέον
1308 3143 1366 3181 τε
1411 3119 1513 3179 καὶ
1557 3118 1785 3222 ‹ist-adv
1827 3113 1982 3190 εἶδος
2027 3114 2271 3201 ὀρώρει,

684 3225 799 3281 μει
819 3203 932 3264 διό
948 3199 1067 3265 ωσ’
1116 3203 1451 3285 ἕρατεινόν,
1497 3203 1585 3267 ὖπ
1655 3195 1876 3285 ὀφρύσι
1921 3195 1976 3264 δ’
2027 3204 2356 3287 ἱμερόεντες

682 3285 987 3367 ὀφθαλμοὶ
1027 3289 1368 3394 μάρμαιρον
1407 3285 1677 3372 ἀλίγκιον
1719 3287 2090 3369 ἀκτίνεσσιν,

680 3367 861 3447 αἰδώς
909 3368 960 3432 δ’
1009 3374 1405 3455 αμφερύθηνε
1448 3377 1710 3456 παρήια,
1755 3386 1874 3437 τῶν
1919 3371 1978 3436 δ’
2028 3373 2337 3457 ἐφύπερθε

678 3459 973 3537 θεσπεσίη
1017 3458 1278 3522 ἐπέκειτο
1322 3461 1491 3542 χάρις
1537 3461 1893 3541 καταειμένη
1936 3454 2161 3540 άζκήν,

428 3599 668 3657 minime
713 3598 994 3657 convenit
1036 3600 1416 3675 participium
1470 3596 1888 3675 μειδιόωσα
1943 3619 2076 3660 cum
2121 3600 2607 3660 antecedentibus
2653 3621 2759 3660 nec

428 3683 656 3759 poterit
711 3683 851 3742 ullis
903 3684 1192 3744 machinis
1238 3684 1496 3744 defendi.
1588 3686 1660 3745 In
1703 3685 1954 3762 Aldina,
2014 3704 2266 3761 quacum
2323 3686 2464 3744 facit
2508 3686 2755 3761 Monac.,

426 3769 650 3844 legitur
692 3764 1080 3844 μειδιόων,
1125 3770 1287 3844 quod
1332 3771 1495 3829 omni
1540 3789 1717 3830 sensu
1762 3789 1960 3829 casum
2006 3770 2284 3829 Pauvvius
2328 3774 2558 3830 mutare
2597 3773 2755 3831 vole·

423 3853 532 3911 bat
584 3853 647 3911 in
705 3852 870 3927 μειδ
887 3850 961 3910 ιό
976 3871 1090 3926 ον,
1147 3854 1206 3913 id
1262 3857 1332 3913 ut
1383 3856 1702 3915 referretur
1754 3856 1827 3914 ad
1876 3846 2051 3925 εἶδος.
2140 3855 2288 3913 Mihi
2333 3855 2574 3932 quidem
2618 3859 2757 3915 ante

427 3938 488 3996 id
543 3938 924 4014 participium
968 3939 1210 3999 videtur
1252 3959 1456 4000 versus
1511 3941 1826 4015 excidisse,
1888 3959 2005 4015 quo
2064 3940 2208 4015 quid
2264 3940 2448 3999 fuerit
2503 3960 2755 4000 comme-

423 4026 725 4081 moratum
782 4042 903 4082 non
958 4027 1050 4083 est
1104 4024 1344 4086 difficile
1396 4027 1663 4085 inventu.
1772 4026 1925 4084 Nam
1981 4024 2085 4084 ubi
2134 4027 2505 4100 reputaveris
2564 4027 2624 4084 in
2683 4027 2757 4085 iis

425 4126 575 4182 quae
632 4109 837 4166 statim
891 4109 1192 4167 adduntur
1244 4111 1503 4186 primum
1571 4111 1987 4186 oculorum,
2054 4112 2183 4168 tum
2239 4129 2632 4187 genarum,
2690 4112 2753 4170 in

424 4192 641 4266 quibus
701 4194 900 4268 gratia
954 4198 1018 4252 et
1069 4194 1254 4253 robur
1297 4195 1585 4255 excubare
1643 4197 1947 4269 dicuntur,
2016 4194 2144 4253 fieri
2198 4195 2588 4273 mentionem,
2658 4197 2755 4255 vix

422 4276 696 4335 dubitare
739 4279 994 4353 poteris,
1042 4281 1186 4354 quin
1215 4299 1388 4340 versu
1429 4282 1530 4356 qui
1563 4282 1782 4340 excidit
1824 4281 1895 4340 de
1941 4280 2395 4354 superciliO,
2445 4282 2603 4356 quod
2646 4283 2752 4339 im·

420 4362 628 4437 primis
670 4361 1003 4422 habebatur
1046 4369 1322 4423 constans
1364 4367 1611 4424 terroris
1656 4365 1820 4425 sedes
1863 4363 2004 4441 (scis
2048 4365 2157 4439 111,
2207 4367 2326 4424 537
2350 4360 2526 4444 sqq.),
2573 4367 2756 4425 fuerit

422 4442 770 4521 expositu‘m.
860 4448 954 4507 Ita
999 4449 1047 4505 si
1093 4455 1371 4523 putamus
1416 4450 1597 4508 talem
1642 4450 1926 4509 excidisse
1969 4467 2241 4509 versum:
