3132 5129
370 527 656 600 sequente
700 518 978 595 θιάσους.
1065 524 1189 584 Nec
1233 544 1374 585 vero
1419 526 1777 600 verendum,
1836 545 1909 584 ne
1969 528 2102 601 quis
2157 528 2374 586 abusus
2419 529 2703 587 eiusmodi

368 612 658 685 temporis
688 611 1016 687 genetiviS,
1065 610 1271 686 quales
1314 610 1390 669 ad
1434 609 1794 669 firmandum
1839 611 1986 668 illud
2031 608 2228 687 δεινῆς
2257 605 2501 682 ἀπλοίας
2533 613 2704 671 allati

367 698 512 754 sunt
555 727 639 738 —
684 695 758 754 de
803 695 1018 771 quibus
1065 696 1197 755 vide
1255 695 1465 754 harum
1512 696 1995 756 emendationum
2040 699 2192 798 part.
2239 696 2269 754 Ι
2320 718 2379 772 p.
2417 701 2452 756 6
2500 693 2706 776 [supra

367 800 426 877 p.
446 776 598 860 503]
624 814 724 857 ——,
757 780 1027 840 absolute
1052 780 1211 839 dicta
1232 784 1406 855 putet
1428 782 1609 839 verba
1628 770 1962 857 εὐδοκίμων
1985 777 2193 857 γάμων
2216 781 2327 842 hoc
2351 782 2473 841 fere
2497 803 2701 843 sensu.

265 902 272 909 -
370 866 443 923 in
487 866 959 926 celebrandis
1002 864 1394 925 nobilibus
1437 866 1755 942 nuptiis.
1848 866 2017 925 Nihil
2070 868 2280 927 iuvant
2335 868 2705 928 coniecturae

370 950 566 1010 adhuc
609 953 871 1010 tentatae
919 953 1023 1010 aut
1065 952 1361 1027 priorum,
1407 954 1477 1009 ut
1515 951 1843 1027 Musgravii
1888 947 2193 1027 παρθένος
2237 946 2374 1027 ηὐὸ
2388 972 2468 1009 οκ
2486 950 2513 1010 ί
2518 973 2707 1028 μουν

367 1027 444 1111 yoe'
459 1056 593 1115 μω,
639 1036 749 1095 hoc
794 1036 867 1094 ad
899 1036 1209 1113 sequentia
1236 1035 1493 1094 relatum
1524 1038 1593 1094 ut
1638 1038 1795 1095 esset
1839 1037 1914 1094 in
1959 1036 2157 1095 festo
2205 1037 2562 1112 nuptiali,
2611 1039 2705 1097 vel

369 1120 709 1180 Marklandi
738 1116 1047 1196 παρθένος
1079 1114 1483 1197 εὐδόκιμος
1513 1114 1750 1197 γάμων,
1793 1124 1900 1179 aut
1929 1122 2358 1198 recentiorum,
2408 1126 2473 1180 ut
2501 1122 2706 1181 Kirch-

370 1204 558 1281 hoffii,
605 1208 710 1281 qui
756 1207 817 1265 in
850 1207 968 1265 alia
998 1207 1198 1266 omnia
1228 1206 1433 1265 abiens
1477 1199 1793 1281 παροιθ’
1843 1196 2318 1281 ευδοκιμοῦσ’
2370 1202 2542 1280 εμᾶς
2570 1226 2705 1282 pro-

370 1291 569 1365 posuit
611 1292 843 1351 scilicet
886 1292 958 1349 de
1003 1291 1388 1367 sequentibus
1432 1291 1603 1349 unice
1651 1310 1909 1350 securus.
2001 1290 2168 1361 Quod
2215 1310 2355 1351 vero
2400 1292 2705 1352 Nauckius

374 1394 563 1451 nuper
607 1376 752 1435 adeo
800 1377 987 1435 textui
1034 1376 1240 1435 intulit
1281 1395 1375 1433 πα
1392 1394 1606 1453 ροχος
1651 1367 1985 1451 εὐδοκίμων
2026 1397 2268 1454 γαμων,
2316 1396 2544 1436 memor
2589 1378 2704 1437 for-

371 1464 528 1519 tasse
572 1458 994 1537 Aristophanei
1039 1462 1200 1522 illius
1245 1462 1307 1519 in
1351 1462 1505 1520 Avv.
1543 1462 1700 1519 1741
1730 1480 1846 1537 sq.,
1893 1461 1997 1520 ubi
2042 1462 2168 1520 Am
2191 1481 2224 1521 o
2241 1483 2271 1520 r

1079 1572 1273 1655 Ζηνὸς
1316 1569 1573 1657 πάροχος
1617 1572 1824 1656 γάμων

1076 1671 1180 1741 τῆς
1224 1659 1280 1722 τ’
1329 1659 1681 1741 εὐδαίμονος
1708 1661 1905 1741 ’Ἡρας

376 1801 627 1874 dicitur,
673 1800 734 1859 id
779 1820 1139 1877 magnopere
1184 1820 1391 1859 vereor
1435 1803 1504 1859 ut
1548 1821 1682 1860 cum
1729 1799 2085 1860 Graecarum
2129 1803 2473 1877 nuptiarum
2530 1806 2708 1863 caeri-

375 1887 590 1944 moniis
633 1886 758 1943 ulla
800 1887 1030 1946 ratione
1074 1886 1376 1945 conciliari
1423 1888 1636 1961 possit.
1728 1887 1871 1944 Mihi
1919 1887 2186 1961 quidem,
2235 1907 2367 1946 cum
2415 1907 2522 1947 nec
2564 1909 2709 1966 παρ-

369 1965 552 2038 θένος
594 1975 736 2046 apto
781 1989 978 2029 carere
1024 1971 1318 2029 attributo
1362 1990 1472 2029 nec
1526 1972 1845 2047 quicquam
1904 1973 2101 2047 aptius
2161 1974 2490 2049 excogitari
2534 1993 2707 2048 posse

370 2055 645 2115 videatur
691 2075 869 2130 quam
912 2055 1131 2115 nobilis
1189 2057 1423 2130 generis
1481 2057 1738 2132 menti0,
1800 2057 2300 2115 verisimillimum
2346 2063 2439 2116 est
2481 2058 2710 2116 dedisse

370 2140 719 2215 Euripidem
763 2135 1069 2216 παρθένος
1115 2133 1447 2212 εὐδοκίμων
1490 2137 1767 2217 δόμων,
1832 2142 1993 2216 quod
2050 2143 2193 2199 satis
2252 2142 2524 2200 firmatur
2580 2144 2709 2201 loco

369 2225 659 2283 Androm.
715 2244 773 2284 v.
817 2228 937 2284 766
962 2244 1098 2301 sqq.
1153 2218 1195 2301 ἢ
1249 2215 1332 2299 μὴ
1383 2222 1667 2301 γενοίμαν
1717 2229 1726 2299 Ι
1776 2219 1818 2301 ἦ
1871 2220 2145 2301 πατέρων
2207 2218 2467 2301 αγαθῶν
2516 2227 2526 2301 1
2576 2224 2711 2302 εἴην

372 2306 757 2386 πολυκτήτων
801 2329 861 2367 τε
905 2306 1106 2386 δόμων
1147 2304 1400 2385 μέτοχος.

539 2395 611 2454 Ιιι
671 2395 1060 2488 sequentibus
1114 2395 1354 2471 egregie
1416 2414 1543 2453 rem
1601 2394 1789 2470 gessit
1826 2392 2237 2470 Hermannus,
2299 2395 2400 2469 qui
2447 2399 2507 2455 et
2549 2395 2707 2454 locu-

375 2480 600 2539 tionem
633 2499 827 2556 παρα
857 2471 1057 2537 πόδα
1084 2473 1335 2556 ματρός,
1367 2479 1528 2554 quod
1560 2479 1770 2537 mutilo
1795 2476 2003 2547 Quinti
2027 2478 2342 2555 Smyrnaei
2372 2480 2503 2539 loco
2530 2479 2601 2555 V,
2628 2483 2704 2539 61

711 2595 785 2656 ’ἓν
831 2595 896 2658 δὲ
940 2593 1099 2677 χοροὶ
1146 2596 1384 2656 ἵσταντο
1428 2593 1582 2656 νέων
1625 2616 1784 2674 παρα
1829 2593 2002 2656 ποσσὶ
2044 2605 2353 2674 γυναικῶν

373 2735 540 2794 abusi
586 2737 741 2794 male
789 2735 1216 2812 defenderunt,
1262 2735 1437 2794 nihili
1483 2754 1608 2794 esse
1656 2735 2089 2794 demonstravit
2132 2738 2194 2794 et
2236 2736 2434 2811 ipsum
2486 2732 2707 2811 ματρός

287 2879 300 2888 ,
371 2840 442 2879 ex
490 2840 685 2880 errore
730 2821 953 2880 scribae
997 2812 1187 2892 πρὸς
1233 2839 1342 2895 pro
1386 2815 1532 2897 μρὸς
1576 2821 1832 2896 legentis
1861 2820 2101 2879 fluxisse
2130 2820 2372 2895 pulchre
2412 2821 2710 2881 intellexit

373 2909 435 2964 et
478 2900 647 2982 πέρι
706 2902 820 2981 (sic
874 2905 977 2964 ille
1031 2905 1268 2981 quidem
1313 2924 1383 2963 ex
1429 2925 1534 2965 suo
1581 2904 1811 2980 morel)
1857 2897 1993 2962 πόδ’
2044 2901 2381 2963 εἱλίσσουσα
2427 2911 2707 2966 consueto

373 2990 445 3048 de
490 2990 806 3048 saltatione
861 3009 1041 3049 sensu
1097 2991 1382 3066 scriptum
1439 2991 1623 3050 fuisse
1668 2989 1837 3048 vidit.
1927 2989 2125 3048 Unum
2182 2993 2418 3049 tantum
2464 2992 2709 3067 reliquit

370 3075 586 3133 vitium
616 3072 793 3148 φίλας
824 3094 894 3132 ex
924 3075 1262 3150 corruptela
1303 3071 1523 3152 ματρός
1566 3077 1804 3148 natum,
1855 3075 2016 3149 quod
2061 3093 2193 3132 cum
2237 3075 2340 3133 ille
2383 3072 2462 3133 ad
2500 3069 2707 3150 ἁμίλ-

373 3160 456 3214 λα
477 3181 506 3229 ς
553 3157 807 3236 χαρίτων
848 3160 1223 3218 referendum
1268 3160 1532 3235 putavit,
1579 3160 1847 3235 neglexit
1877 3159 2341 3218 intolerabiliter
2368 3179 2404 3217 a
2434 3178 2540 3218 suo
2570 3161 2706 3219 sub-

373 3245 637 3303 stantivo
684 3245 947 3319 separari
991 3245 1318 3304 interiectis
1362 3241 1509 3320 πρὸς
1551 3238 1780 3317 ἡλίκων
1808 3239 2070 3312 θιάσους
2101 3244 2407 3319 epitheton
2434 3245 2528 3303 his
2559 3245 2705 3320 ipsis

374 3329 568 3387 verbis
611 3329 1204 3405 accommodandum,
1265 3330 1424 3405 quod
1470 3329 1641 3387 facile
1685 3328 1813 3385 fieri
1856 3330 2059 3402 potest
2102 3330 2225 3387 sive
2270 3328 2537 3403 φίλους
2582 3331 2705 3387 sive

372 3416 604 3487 φιλᾶν
647 3413 986 3489 scribendo,
1034 3433 1288 3488 quorum
1334 3417 1532 3472 tamen
1576 3413 1727 3471 illud
1772 3415 1842 3470 ut
1886 3412 2122 3472 facilius
2164 3414 2441 3488 praetuli.

316 3505 320 3509 ’
543 3499 621 3556 Et
664 3499 964 3574 hucusque
1008 3499 1274 3574 quidem,
1320 3500 1372 3557 si
1415 3498 1596 3557 etiam
1625 3517 1683 3556 v.
1712 3497 1873 3554 1143
1920 3515 2051 3555 cum
2083 3496 2384 3556 Badhamo
2415 3497 2699 3556 sollemne
2740 3514 2806 3560 22

372 3583 520 3641 illud
566 3581 835 3659 χοροὺς
882 3576 939 3638 δ’
988 3580 1283 3656 ἱσταίην
1326 3601 1433 3658 pro
1477 3582 1724 3658 vulgato
1780 3585 1977 3656 χοροῖς
2032 3575 2099 3638 δὲ
2144 3579 2354 3657 σταίην
2409 3584 2695 3656 receperi-

374 3687 534 3741 muS,
581 3688 677 3727 res
722 3669 838 3726 iam
882 3671 1118 3742 peracta
1165 3667 1403 3726 videtur
1447 3667 1556 3737 ita,
1603 3670 1674 3725 ut
1715 3665 1873 3723 haud
1918 3685 2133 3740 magna
2177 3666 2488 3724 dubitandi
2530 3667 2704 3725 relin-

372 3755 589 3827 quatur
632 3752 902 3811 materia.
976 3752 1266 3810 Incertior
1310 3754 1403 3810 est
1447 3754 1842 3809 extremorum
1889 3750 2119 3808 medela
2162 3751 2507 3825 verborum,
2555 3770 2704 3825 quae

373 3855 482 3895 nec
504 3838 741 3914 singula
765 3836 966 3896 omnia
986 3836 1209 3896 bonum
1232 3854 1469 3895 sensum
1499 3835 1790 3911 praebent
1818 3853 1928 3892 nec
1958 3836 2093 3908 apte
2124 3835 2281 3893 inter
2311 3854 2372 3892 se
2396 3834 2707 3894 cohaerent

372 3940 482 3981 nec
523 3941 657 3980 cum
701 3920 1264 3996 antistrophicorum
1312 3924 1500 3979 metro
1557 3921 1918 3995 congruunt.
2010 3918 2097 3978 Ac
2152 3920 2411 3993 primum
2463 3919 2704 3993 quidem

372 4008 512 4065 ferri
557 4025 678 4066 non
721 4026 893 4081 posse
936 4002 1142 4081 χαίτας
1185 3997 1614 4082 ἆβροπλούτοιο
1659 4004 1774 4061 iam
1820 4004 1963 4062 olim
1993 4004 2274 4061 viderunt
2326 4004 2701 4080 interpreteS,

373 4112 441 4149 cx
475 4092 692 4167 quibus
723 4091 1105 4149 Marklandus
1137 4109 1246 4165 pro
1276 4091 1471 4166 priore
1503 4089 1790 4149 vocabulo
1837 4088 2091 4146 feliciter
2134 4089 2366 4146 invenit
2409 4039 2862 4196 zkcdntg„‘
3102 4079 3107 4108 ¹

371 4177 527 4250 quod
575 4178 719 4251 quin
764 4195 969 4235 verum
1014 4176 1094 4232 sit
1137 4193 1312 4233 nemo
1371 4173 1698 4246 dubitabit,
1756 4172 1858 4248 qui
1915 4173 2279 4247 reputaverit
2322 4172 2538 4248 duplex
2583 4181 2697 4234 om'·

372 4261 515 4318 nino
562 4260 898 4337 virginibus
940 4259 1045 4318 has
1092 4260 1333 4319 choreas
1378 4257 1733 4316 ducentibus
1778 4257 1959 4314 fuisse
2014 4260 2309 4315 certamen
2364 4261 2424 4314 et
2480 4258 2679 4316 form

374 4345 503 4418 ipsa
531 4348 742 4403 natura
785 4345 957 4403 datae
1002 4363 1083 4418 χα
1103 4342 1178 4422 ρί
1187 4365 1327 4401 των
1376 4376 1444 4384 -
1496 4347 1557 4402 et
1588 4345 1830 4400 ornatus
1861 4345 2176 4416 parentum
2207 4342 2513 4417 opulentia
2540 4353 2670 4426 pra«

377 4429 500 4486 stiti
552 4464 623 4473 ——
676 4425 958 4504 χλιδᾶς.
1046 4429 1266 4487 Verum
1313 4429 1423 4487 hoo
1466 4427 1846 4502 quantumvis
1892 4425 2047 4484 felici
2094 4427 2331 4485 invento
2377 4427 2487 4485 loci
2534 4433 2670 4494 vexa

2202 4523 2298 4575 36*

2150 4687 2333 4804 s
2396 4683 2435 4692 -
