3132 5129
1386 320 1844 383 -472—

452 480 680 540 vinciae
725 498 967 555 operam
1013 480 1344 555 praestitit,
1392 497 1524 537 cum
1548 468 1750 537 ¹ceteri
1795 497 1869 536 ne
1914 478 2208 537 Meinekio
2253 477 2493 553 quidem
2534 480 2785 552 excepto

451 568 572 624 fere
615 566 908 623 intactum
964 564 1316 640 reliquerint
1370 564 1780 638 „periculosae
1835 564 2080 637 plenum
2135 582 2282 637 opus
2338 561 2557 621 aleae“.
2631 562 2785 620 Nam

456 649 751 709 Ahrensio
798 668 937 708 sanc
985 648 1047 711 in
1095 648 1455 707 carminibus
1485 647 1964 723 impeditioribus
1995 650 2176 722 atque
2222 645 2660 708 difficilioribus
2690 666 2788 707 res

453 753 576 793 non
633 734 823 792 solum
881 753 1095 808 parum
1154 751 1434 809 prospere
1500 733 1708 806 cessit,
1771 735 1837 791 ut
1906 731 2234 808 separanda
2300 734 2634 792 conecteret
2691 750 2782 791 co-

454 818 745 878 nectenda
788 821 1119 892 separaret,
1166 818 1268 877 sed
1313 819 1489 876 etiam
1540 817 1735 876 fraudi
1778 817 2080 875 interdum
2129 817 2274 891 fuit,
2320 820 2389 875 ut
2427 817 2684 886 genuina
2725 822 2788 875 et

453 904 785 963 necessaria
828 922 861 961 e
906 921 1180 961 versuum
1226 902 1622 961 continuitate
1667 902 1914 976 eiceret,
1961 903 2130 961 cuius
2170 902 2408 977 generis
2453 902 2788 961 infelicissi-

457 1008 620 1046 mum
666 990 730 1047 in
780 988 989 1064 idyllio
1033 987 1079 1045 Ι.
1124 987 1408 1047 habemus
1452 990 1748 1045 conatum.
1828 986 2226 1046 Transversus
2256 989 2455 1044 autem
2500 992 2668 1046 actus
2693 990 2790 1045 est

456 1092 553 1147 ec,
600 1073 761 1147 quod
802 1073 968 1131 nulla
1009 1073 1134 1130 fere
1188 1091 1395 1131 sensus
1455 1073 2000 1146 sententiarumque
2053 1089 2238 1130 nexus
2294 1071 2498 1129 habita
2556 1072 2790 1130 ratione

411 1220 415 1225 ,
454 1158 516 1215 id
541 1160 775 1216 tantum
797 1157 949 1233 egit,
981 1160 1050 1216 ut
1072 1175 1278 1217 versus
1313 1156 1665 1231 simpliciter
1693 1156 2097 1214 numerando·
2082 1175 2145 1214 m
2170 1155 2449 1230 strophas
2473 1155 2787 1215 divideret.

457 1241 681 1302 Contra
725 1261 837 1318 ego
882 1241 1026 1317 quid
1056 1242 1338 1302 sentirem
1385 1240 1456 1300 de
1508 1240 1887 1337 stropharum
1937 1240 2393 1316 compositione,
2439 1240 2788 1299 brevissime

455 1326 571 1385 iam
629 1327 887 1385 indicavi
951 1328 1014 1385 in
1072 1346 1171 1401 ea,
1232 1345 1408 1400 quam
1475 1326 1559 1384 de
1627 1326 1950 1402 genuina
2012 1325 2344 1400 catalogi
2412 1324 2787 1384 Homerici

456 1411 694 1471 forma
747 1432 797 1470 a.
839 1412 1001 1470 1853
1048 1411 1235 1484 edidi,
1282 1411 1698 1469 dissertatione
1744 1431 1802 1485 p.
1853 1413 1889 1469 6
1926 1409 2133 1486 [supra
2160 1430 2216 1486 p.
2251 1405 2388 1488 24],
2435 1410 2538 1468 ubi
2583 1429 2790 1468 eorum

456 1515 713 1555 errorem
743 1496 974 1570 notavi,
1007 1496 1107 1571 qui
1137 1496 1317 1555 etiam
1362 1497 1425 1553 in
1457 1515 1733 1555 versuum
1770 1495 2094 1554 eorundem
2137 1494 2398 1568 strophis
2427 1497 2548 1552 tam
2594 1494 2792 1553 laxam

457 1581 639 1640 fuisse
681 1581 877 1656 legem
923 1579 1037 1638 sibi
1078 1580 1326 1655 aliisque
1354 1580 1745 1654 persuadent,
1794 1584 1903 1655 „ut
1929 1580 2178 1639 alterius
2210 1579 2490 1653 strophae
2534 1580 2786 1637 ultimus

458 1684 665 1724 versus
711 1683 843 1723 cum
891 1666 1192 1739 sequentis
1221 1666 1414 1739 primo
1446 1684 1655 1723 sensus
1686 1663 2119 1738 verborumque
2173 1664 2569 1723 continuitate
2621 1663 2797 1722 artis-

458 1749 604 1808 sime
650 1749 1017 1807 cohaereat“.
1090 1749 1253 1808 Haec
1295 1750 1514 1808 etenim
1545 1750 1596 1809 si
1629 1749 1914 1808 statuitur
1944 1748 2324 1823 stropharum
2356 1748 2796 1824 iungendarum

459 1834 726 1909 licentia,
774 1833 921 1892 nihil
966 1834 1233 1908 profecto
1279 1834 1518 1892 obstare
1560 1832 1764 1908 video,
1810 1835 2125 1909 quominus
2155 1833 2626 1907 unumquodque
2673 1851 2796 1891 car·

460 1937 596 1976 men
639 1919 701 1976 in
747 1917 1043 1993 quaslibet
1085 1923 1191 1977 aut
1234 1917 1510 1976 binorum
1553 1922 1659 1976 aut
1700 1921 2005 1977 ternorum
2062 1922 2166 1975 aut
2220 1921 2644 1992 quaternorum
2691 1920 2801 1976 aut

461 2003 638 2060 etiam
698 2003 988 2078 plurium,
1048 2006 1427 2080 quotcunque
1482 2003 1847 2078 placuerint,
1917 2022 2192 2062 versuum
2253 2001 2527 2075 strophas
2593 2002 2794 2061 distri-

461 2089 703 2161 buatur,
751 2088 1069 2147 dummodo
1114 2087 1291 2162 illud,
1352 2106 1471 2162 quo
1529 2107 1668 2146 sane
1712 2107 1810 2147 ars
1854 2088 2062 2147 critica
2117 2088 2359 2145 omnino
2420 2105 2620 2146 carere
2672 2105 2797 2145 non

460 2175 690 2247 potest,
737 2191 943 2231 versus
990 2172 1236 2231 inutiles
1280 2172 1531 2231 eiciendi
1576 2173 1667 2230 ius
1698 2173 1903 2231 critico
1934 2172 2334 2246 relinquatur,
2381 2173 2548 2230 cuius
2593 2172 2793 2230 distri·

461 2257 698 2315 butoria
742 2275 924 2332 opera
978 2258 1097 2316 iam
1154 2257 1303 2316 nihil
1357 2256 1591 2315 differet
1644 2258 1721 2315 ab
1777 2257 2151 2315 arithmetica
2205 2274 2590 2315 numerorum
2648 2256 2794 2315 divi-

463 2342 658 2401 sione!
707 2342 952 2417 Insigne
995 2343 1173 2401 huius
1214 2342 1625 2417 perversitatis
1668 2341 1964 2417 specimen
2009 2341 2059 2400 is
2115 2359 2305 2415 nuper
2347 2340 2642 2415 exhibuit,
2689 2342 2794 2416 qui

462 2427 525 2485 in
580 2425 773 2485 Iahnii
829 2427 1142 2486 annalibus
1199 2426 1404 2485 Iliadis
1465 2426 1649 2485 libros
1711 2428 1768 2482 A
1793 2427 1842 2482 B
1865 2427 1923 2482 Γ
1979 2427 2039 2484 ἰιι
2098 2427 2461 2499 septenarius
2526 2426 2800 2501 strophas

465 2512 689 2588 coegit,
738 2511 899 2586 quod
942 2515 1145 2571 utrum
1189 2511 1346 2576 bona
1372 2511 1488 2571 fide
1519 2530 1832 2587 crassaque
1862 2511 2137 2570 Minerva
2186 2510 2394 2571 fecerit·
2437 2527 2515 2570 an
2562 2510 2798 2570 iocandi

465 2615 642 2656 causa
687 2597 902 2655 luserit
945 2596 1207 2656 dubitari
1251 2600 1469 2671 potest.

634 2681 766 2757 Ego
811 2681 1048 2755 quidem
1093 2686 1163 2739 ut
1206 2681 1282 2739 ad
1328 2682 1479 2740 hanc
1522 2682 1905 2756 potissimum
1951 2680 2118 2740 crisis
2151 2680 2536 2740 Theocriteae
2566 2683 2800 2757 partem

466 2766 815 2839 deducerer,
864 2765 1088 2824 factum
1133 2769 1225 2825 est
1267 2766 1495 2825 aestivo
1542 2786 1593 2823 a.
1646 2768 1807 2825 1856
1854 2765 2160 2840 semestri,
2206 2784 2322 2840 quo
2368 2766 2546 2825 simul
2593 2766 2666 2825 de
2711 2786 2799 2824 se—

463 2849 635 2907 lectis
682 2849 986 2908 Theocriti
1030 2849 1392 2908 carminibus
1447 2850 1677 2910 scholas
1735 2850 2026 2909 habebam
2073 2854 2133 2907 et
2190 2851 2490 2910 societatis
2548 2850 2796 2924 philolo-

464 2935 629 3010 gicae
686 2934 989 2994 sodalibus
1046 2933 1301 3010 Vergilii
1358 2934 1626 3009 eclogas·
1662 2934 2136 3010 interpretandas
2191 2935 2610 3010 proponebam.
2688 2935 2802 2995 His

465 3018 705 3094 quidem
736 3037 899 3093 cum,
936 3019 997 3077 =si
1042 3018 1388 3078 amoebaeos
1429 3022 1636 3079 cantus
1667 3021 1949 3096 excipias,
1997 3039 2032 3077 a
2072 3019 2309 3078 nemine
2353 3018 2494 3076 dum
2540 3019 2797 3094 strophi-

466 3122 589 3162 cam
639 3102 969 3162 doctrinam
1014 3103 1367 3178 adplicatam
1427 3103 1717 3180 viderem,
1776 3105 2210 3180 quaestionem,
2269 3123 2419 3179 quae
2478 3105 2623 3162 mihi
2671 3104 2800 3178 qui·

467 3188 599 3246 dem
645 3187 984 3263 videbatur,
1033 3207 1274 3263 prorsus
1316 3207 1531 3247 novam
1579 3191 1811 3264 suscepi
1853 3192 2034 3264 atque
2063 3209 2197 3247 cum
2238 3208 2340 3264 spe
2387 3189 2564 3247 citius
2594 3190 2798 3247 statim

466 3274 528 3331 in
559 3272 673 3347 iis,
720 3292 867 3347 quas
912 3274 1134 3349 primas
1165 3273 1587 3349 attrectabam,
1634 3274 1857 3350 eclogis
1888 3274 2214 3350 periculum
2248 3273 2500 3332 feliciter
2544 3273 2796 3348 cederet,

466 3377 598 3416 cum
658 3356 1143 3436 adolescentibus,
1184 3377 1306 3416 rem
1364 3357 1575 3434 cupide
1645 3358 2070 3432 arripientibus
2123 3362 2348 3420 ceteras
2407 3358 2612 3417 sedulo
2667 3377 2801 3434 per-

466 3442 722 3501 tractavi
765 3443 877 3517 ita,
926 3444 995 3500 ut
1038 3442 1221 3501 finitis
1266 3443 1487 3502 nostris
1541 3443 2063 3503 exercitationibus
2115 3443 2189 3502 de
2245 3443 2545 3519 strophica
2590 3441 2799 3518 Vergi-

466 3527 755 3586 lianarum
803 3527 1141 3603 eclogarum
1200 3528 1465 3586 omnium
1522 3528 1956 3603 compositione
2011 3527 2154 3586 mihi
2213 3530 2367 3586 esset
2419 3528 2799 3602 persuasissi-

468 3632 658 3687 mum,
706 3612 1056 3687 praesertim
1103 3631 1237 3671 cum
1268 3612 1474 3671 eodem
1507 3615 1776 3688 tempore
1808 3613 2058 3672 eandem
2088 3613 2152 3671 in
2185 3613 2486 3671 Theocriti
2514 3612 2800 3687 exemplis

464 3700 655 3756 artem
700 3699 1049 3772 regnantem
1095 3697 1455 3758 invenissem
1499 3697 1679 3756 etiam
1726 3698 1824 3756 ubi
1874 3697 2063 3756 adhuc
2106 3701 2212 3755 aut
2253 3715 2496 3773 prorsus
2540 3697 2800 3756 latuerat

410 3800 437 3847 7
467 3786 573 3840 aut
616 3781 837 3856 partim
884 3784 1120 3840 tantum
1166 3782 1397 3841 detecta
1440 3785 1588 3841 erat.
1665 3781 1781 3841 Sed
1825 3782 2013 3841 finitis
2064 3781 2450 3842 semestribus
2495 3780 2799 3840 laboribus

470 3867 820 3941 quominus,
877 3886 1055 3941 quam
1100 3885 1315 3925 novam
1375 3868 1436 3924 in
1480 3867 1752 3944 Vergilio
1808 3887 1934 3926 rem
1990 3866 2282 3926 detexisse
2337 3866 2484 3924 mihi
2545 3866 2793 3940 viderer,

469 3952 668 4009 statim
714 3951 996 4026 peculiari
1046 3951 1362 4026 scriptione
1417 3950 1644 4026 publici
1688 3951 1833 4011 iuris
1890 3952 2173 4027 facerem,
2233 3970 2367 4010 cum
2426 3951 2640 4010 inertia
2697 3950 2803 4009 illa

467 4027 892 4111 impedimento
938 4040 1093 4112 erat,
1139 4055 1317 4110 quam
1365 4037 1425 4094 in
1469 4056 1564 4096 me
1609 4038 1800 4096 inesse
1845 4056 2135 4096 summam
2178 4055 2371 4111 nuper
2415 4039 2618 4111 aperte
2663 4054 2800 4094 con-

470 4121 663 4179 fessus
710 4140 867 4196 sum,
933 4123 1057 4179 tum
1117 4120 1452 4180 diffidentia
1503 4121 1788 4197 quaedam
1849 4140 2110 4180 mearum
2163 4121 2410 4195 virium,
2470 4120 2631 4195 quod
2687 4139 2799 4196 ego

468 4205 532 4262 in
577 4203 670 4262 his
715 4204 931 4264 litteris
976 4206 1154 4281 paulo
1199 4205 1398 4265 minus
1442 4209 1713 4267 versatus
1755 4210 2045 4265 secretum
2075 4206 2358 4266 vidissem
2400 4226 2436 4263 a
2479 4208 2570 4264 tot
2601 4204 2800 4264 Latini

469 4291 679 4363 poetae
745 4289 1071 4348 editoribus
1136 4291 1396 4349 nondum
1462 4291 1958 4351 animadversum.
2059 4291 2188 4361 Quo
2246 4291 2463 4349 maiore
2525 4290 2800 4365 perfusus

470 4392 600 4432 sum
646 4373 892 4449 gaudiO,
942 4394 1077 4434 cum
1121 4383 1229 4449 per
1285 4376 1459 4435 ferias
1518 4377 1823 4452 vergentis
1867 4375 2007 4434 anni
2050 4376 2335 4434 hiemales
2379 4374 2800 4434 Iahnianorum
