3132 5129
1264 407 1716 471 —251-

322 564 686 624 carminibus
757 564 971 640 partim
1041 563 1295 641 integris
1359 565 1576 640 partim
1647 562 1942 623 mutilatis
2002 566 2431 641 compositum,
2498 567 2665 625 cuius

321 649 776 725 compositionis
831 668 983 725 opus
1038 650 1156 708 iam
1213 649 1314 708 diu
1369 652 1511 708 ante
1565 648 1903 709 incohatum
1948 650 2127 708 iidem
2175 649 2263 709 illi
2308 650 2661 726 Pisistratei‚

321 734 426 810 qui
483 734 730 793 collecta
774 733 1020 794 Homeri
1076 735 1339 794 carmina
1393 735 1456 793 in
1513 754 1645 793 eam
1700 754 1851 809 quae
1907 734 2045 793 inde
2104 736 2365 796 obtinuit
2407 737 2663 795 formam

322 819 711 895 redegerunt,
758 820 1135 896 perfecerunt
1179 819 1292 894 ita,
1338 822 1407 878 ut
1450 818 1589 878 huic
1619 818 1812 877 Theo
1825 820 2127 895 goniae,
2174 839 2325 895 quae
2369 840 2406 879 a
2448 822 2666 897 potiori

323 903 851 979 denominabatur,
906 907 1215 980 tamquam
1271 904 1452 980 capiti
1508 904 1691 963 etiam
1750 903 1871 963 alia
1912 904 2280 979 genealogici
2326 906 2665 983 argumenti

323 989 590 1049 carmina
651 991 1100 1065 carminumque
1163 989 1507 1066 fragmenta
1574 989 1959 1049 adnecterent
2023 986 2385 1048 Hesiodeum
2449 1009 2666 1052 nomen

322 1073 657 1148 referentia,
703 1075 779 1134 ad
824 1094 975 1150 quae
1015 1075 1196 1134 etiam
1239 1078 1543 1150 postrema
1572 1073 1951 1150 Theogoniae
1992 1092 2129 1148 pars
2173 1074 2310 1133 inde
2353 1095 2389 1134 a
2434 1096 2489 1135 v.
2543 1079 2664 1136 963

323 1159 593 1234 pertinet
635 1160 694 1218 in
742 1161 1040 1219 sententia
1091 1192 1161 1201 -
1212 1165 1330 1217 νῦν
1385 1154 1453 1217 δὲ
1502 1157 1883 1237 γυναικῶν
1939 1160 2137 1233 φῦλον
2179 1153 2446 1236 ἀείσατε,
2492 1148 2666 1236 ἡδυέ-

322 1264 490 1302 πειαι
526 1239 538 1323 Ι
581 1240 859 1320 Μοῦσαι,
914 1244 1019 1303 ubi
1063 1245 1420 1304 feminarum
1463 1245 1796 1305 accuratior
1836 1244 2069 1303 notatio
2114 1245 2258 1304 olim
2306 1244 2667 1320 sequebatur

327 1361 404 1372 -
455 1329 800 1405 imperfecte
847 1330 1139 1389 desinens·

494 1413 655 1474 Haec
698 1416 884 1492 igitur
927 1417 975 1474 si
1021 1417 1115 1474 est
1154 1414 1534 1489 Theogoniae
1578 1416 1820 1473 nostrae
1862 1414 2148 1489 condicio,
2195 1416 2367 1489 patet
2408 1414 2661 1492 dupli-

323 1519 470 1559 cem
517 1501 882 1576 propositam
926 1518 1054 1560 esse
1085 1500 1198 1558 arti
1231 1499 1467 1558 criticae
1510 1499 2057 1574 quaestionem,
2113 1501 2184 1558 ut
2213 1498 2472 1574 primum
2504 1499 2665 1559 illius

323 1587 525 1643 textus
580 1586 665 1644 ita
717 1585 1093 1661 exhibeatur,
1153 1584 1650 1660 quemadmodum
1706 1583 2037 1642 Pisistratei
2092 1602 2227 1642 eum
2285 1583 2666 1661 constituisse

322 1668 659 1745 videantur,
706 1671 952 1729 remotis
997 1672 1071 1728 iis
1114 1672 1350 1729 tantum
1395 1667 1684 1744 versibuS,
1734 1687 1883 1743 quos
1928 1672 2069 1743 post
2111 1688 2211 1728 eos
2256 1668 2491 1729 demum
2522 1689 2664 1745 qua-

321 1772 552 1829 cunque
598 1755 672 1813 de
715 1773 890 1813 eausa
930 1755 1134 1815 illatos
1177 1773 1303 1814 esse
1345 1754 1743 1814 demonstrari
1771 1756 2005 1829 potest3
2053 1753 2285 1828 deinde,
2333 1757 2403 1811 ut
2432 1754 2667 1829 singula
2695 1744 2727 1790 9

320 1840 586 1898 carmina
646 1840 1089 1917 carminumque
1148 1840 1510 1917 fragmenta,
1584 1857 1655 1897 ex
1709 1837 1926 1913 quibus
1981 1856 2128 1913 opus
2182 1841 2664 1914 coagmentatum

320 1926 440 1998 est,
488 1926 553 1982 et
601 1924 1029 2001 dignoscantur
1068 1927 1248 2001 atque
1292 1924 1409 1983 alia
1450 1923 1527 1982 ab
1571 1923 1707 1982 aliis
1751 1941 1931 1999 quam
1975 1923 2413 1983 accuratissime
2458 1924 2664 1984 distin-

321 2012 586 2085 guantur
628 2014 695 2068 et
737 2010 1055 2086 pristinae,
1115 2029 1291 2085 quam
1339 2009 1481 2067 olim
1526 2026 1662 2066 cum
1707 2007 2057 2083 singulatim
2099 2008 2669 2069 circumferebantur

322 2093 599 2152 habuisse
655 2094 999 2169 videantur,
1070 2095 1296 2154 formae
1350 2094 1746 2152 restituantur
1801 2110 1937 2151 cum
1992 2093 2176 2151 variis
2229 2094 2666 2154 recensionibus

323 2178 1006 2254 interpolationibusque
1062 2183 1189 2238 tum
1233 2180 1500 2254 ipsorum
1544 2178 2032 2238 concinnatorum
2074 2177 2495 2237 additamentis
2539 2198 2663 2236 mu·

324 2264 770 2339 tationibusque
798 2264 1095 2323 indicatis.
1170 2261 1241 2321 In
1276 2282 1394 2338 qua
1423 2264 1773 2338 quaestione
1809 2261 1928 2321 alia
1953 2264 2292 2321 continetur
2317 2281 2437 2322 non
2468 2263 2665 2322 minus

323 2348 555 2424 gravis,
615 2367 759 2407 num
807 2350 867 2407 in
916 2367 987 2407 ea
1029 2347 1325 2423 farragine
1368 2348 1551 2405 etiam
1596 2349 1743 2406 insit
1788 2347 2135 2423 Theogonis
2178 2347 2470 2423 quaedam
2513 2349 2665 2406 anti-

325 2433 616 2509 quissima
671 2436 1024 2510 perpetuum
1084 2435 1294 2510 poetae
1351 2431 1632 2490 Hesiodei
1694 2450 1934 2491 carmen
1989 2432 2115 2490 sive
2169 2433 2472 2507 integrum
2541 2434 2666 2491 sive

325 2517 698 2594 mutilatum,
746 2520 840 2578 cui
887 2519 1055 2596 quasi
1102 2516 1372 2595 crystalli
1415 2516 1627 2577 nucleo
1672 2521 1869 2577 cetera
1912 2516 2175 2577 carmina
2218 2518 2665 2594 carminumque

325 2602 664 2681 fragmenta
708 2605 1064 2664 circumfusa
1107 2603 1493 2663 inhaeserint.

500 2688 582 2748 Et
622 2691 789 2765 prior
831 2689 1073 2765 quidem
1121 2691 1419 2764 quaestio,
1469 2707 1647 2764 quam
1694 2687 1962 2764 plerique
2007 2688 2187 2745 tacite
2233 2687 2337 2745 sed
2379 2688 2662 2747 incertius

323 2772 487 2832 hand
517 2792 653 2833 raro
695 2779 1042 2851 conceptam
1085 2776 1517 2848 tractaverunt,
1564 2777 1636 2831 ut
1678 2792 1785 2849 per
1829 2792 1892 2832 se
1937 2789 2057 2831 non
2100 2773 2279 2831 nimis
2322 2772 2507 2831 ardua
2549 2776 2659 2849 est,

324 2859 412 2917 ita
479 2858 902 2918 Muetzellii
967 2859 1348 2934 potissimum
1412 2857 1568 2917 libro
1631 2861 1812 2933 atque
1878 2856 2376 2918 Schoemanni
2437 2858 2668 2933 aliquot

323 2942 850 3003 dissertationibus
894 2946 1019 3002 tam
1067 2947 1345 3003 accurate
1390 2943 1730 3002 examinata
1773 2944 1884 3016 est,
1932 2946 2001 3002 ut
2042 2960 2165 3003 non
2209 2943 2399 3002 solum
2447 2942 2519 3001 de
2548 2945 2665 3002 sin·

322 3027 488 3105 gulis
531 3027 831 3104 plerisque
877 3030 1037 3088 recte
1093 3029 1359 3088 iudicare
1414 3026 1594 3086 liceat
1649 3028 1752 3087 sed
1812 3029 1992 3086 etiam
2046 3026 2391 3104 perficiendi
2436 3029 2663 3103 negotii

324 3112 621 3188 principia
679 3113 792 3172 rite
845 3113 1176 3172 constituta
1229 3131 1359 3172 esse
1400 3111 1739 3173 videantur.
1832 3113 2063 3172 Scimus
2107 3112 2268 3170 enim
2313 3113 2374 3170 et
2418 3111 2664 3187 codices,

324 3199 628 3272 quotquot
657 3198 849 3257 adhuc
877 3199 1076 3258 collati
1120 3200 1281 3272 sunt,
1328 3215 1399 3255 ex
1442 3215 1561 3256 uno
1609 3197 1777 3256 fonte
1818 3199 2178 3274 propagatos
2223 3215 2351 3256 esse
2393 3215 2502 3255 nec
2545 3197 2667 3256 alia

323 3282 691 3342 diversarum
747 3282 937 3343 totius
995 3284 1191 3358 operis
1245 3282 1658 3341 recensionum
1700 3285 1806 3341 aut
1847 3301 2198 3358 magnarum
2243 3281 2666 3356 discrepantia-

323 3386 460 3425 rum
503 3367 763 3444 vestigia
813 3386 1135 3444 superesse,
1192 3370 1262 3426 ut
1310 3366 1453 3426 satis
1497 3369 1658 3426 certo
1702 3366 1990 3442 suspicari
2032 3367 2211 3426 liceat
2255 3365 2663 3440 Theogoniam

321 3451 535 3510 eodem
587 3451 710 3511 fere
754 3456 817 3512 et
861 3456 1065 3512 tenore
1109 3454 1171 3511 et
1213 3469 1512 3526 sermone,
1570 3469 1687 3527 quo
1746 3451 1921 3510 hodie
1976 3452 2260 3525 habetur,
2320 3449 2499 3509 etiam
2553 3471 2660 3526 per

318 3540 513 3596 totam
557 3556 592 3595 a
635 3536 949 3596 Pisistrato
993 3537 1134 3596 inde
1191 3537 1614 3613 antiquitatem
1668 3536 1954 3595 traditam
2010 3536 2454 3611 lectitatumque
2513 3555 2657 3596 esse.

322 3619 490 3690 Quae
535 3639 676 3680 vero
722 3622 782 3681 in
827 3621 1114 3681 hodierno
1158 3625 1328 3681 textu
1369 3623 1651 3697 antiquae
1697 3620 1785 3679 illi
1815 3620 2238 3696 compositioni
2271 3622 2497 3679 inserta
2527 3623 2666 3679 sunt

320 3704 762 3780 additamenta,
819 3726 890 3766 ea
946 3707 1165 3783 partim
1219 3706 1458 3781 apertis·
1501 3705 1811 3780 foedisque
1874 3707 2049 3764 metri
2095 3705 2457 3765 sermonisve
2502 3706 2665 3764 vitiis

320 3792 546 3867 partim
588 3809 659 3850 eo
703 3791 879 3852 facile
921 3791 1278 3868 produntur,
1325 3789 1485 3866 quod
1530 3808 1665 3849 cum
1711 3789 1842 3849 aliis
1874 3791 2059 3865 ipsius
2091 3790 2358 3865 corporis
2387 3789 2660 3865 partibus

320 3876 579 3935 adverso
623 3876 823 3936 fronte
863 3879 1160 3954 pugnant.

495 3959 586 4020 De
639 3960 829 4021 altera
887 3979 1030 4021 vero
1096 3961 1472 4037 quaestione,
1543 3977 1724 4035 quam
1791 3960 2017 4035 primus
2070 3959 2338 4018 omnium
2394 3960 2458 4017 et
2512 3958 2667 4018 clare

321 4047 715 4122 pronuntiare
767 4049 831 4106 et
887 4046 1190 4106 subtiliter
1238 4044 1467 4104 solvere
1522 4046 1775 4103 conatus
1829 4047 1920 4103 est
1961 4042 2418 4118 Gerhardus,
2477 4044 2669 4103 maior

323 4135 417 4190 est
472 4131 899 4190 controversia.
984 4131 1256 4190 Primum
1299 4130 1458 4189 enim
1501 4128 1599 4188 vel
1655 4148 1728 4188 ex
1784 4129 1886 4205 iia,
1944 4129 2047 4204 qui
2103 4129 2178 4186 in
2235 4128 2666 4187 universum

323 4213 577 4275 eandem
621 4215 788 4275 illam
832 4216 914 4276 de
951 4215 1301 4293 Theogonis
1341 4216 1590 4273 tuentur
1635 4215 2025 4287 sententiam,
2069 4212 2229 4271 haud
2274 4231 2495 4288 paucos
2539 4231 2667 4273 esse

326 4299 482 4370 scio,
539 4300 642 4374 qui
702 4318 938 4360 omnem
995 4301 1287 4361 eiusmodi
1341 4302 1617 4361 conatum
1676 4298 1984 4374 singula
2038 4296 2415 4373 disiungendi
2470 4299 2533 4358 in
2576 4299 2669 4357 his

327 4384 599 4459 reliquiis
655 4384 885 4444 scilicet
938 4388 1033 4446 tot
1083 4389 1399 4463 tantasque
1455 4385 1823 4444 mutationes
1876 4384 2167 4459 perpessis
2232 4400 2344 4458 pro
2401 4401 2554 4442 vano
2609 4387 2671 4441 et

333 4471 655 4529 temerario
699 4469 980 4532 habeant.
1072 4470 1303 4541 Quibus
1344 4473 1485 4531 ante
1528 4470 1731 4529 omnia
1772 4468 1885 4527 hoc
1928 4466 2407 4545 respondendum
2454 4471 2571 4543 est,
2619 4468 2668 4526 si
