3132 5129
1287 383 1580 448 -269
1669 420 1752 430 —

875 541 929 598 A
2090 542 2142 600 B

1697 655 1895 720 ἔκθορε
1930 653 2206 721 Χρυσάωρ
2252 671 2316 709 τε
2363 656 2532 721 μέγας
2582 658 2674 710 καὶ

1668 754 1671 757 ’
1931 739 2202 804 Πήγασος
2236 740 2436 805 ἵππος·

1695 827 1781 890 τῷ
1819 824 1921 888 μὲν
1957 823 2264 890 ἐπώνυμον
2297 826 2399 891 ἦν,
2445 826 2541 879 ὅτ’
2576 827 2677 893 ἄρ’

1933 909 2205 962 Ὠκεανοῦ
2241 911 2393 977 παρὰ
2430 911 2613 977 πηγὰς

1698 994 1879 1059 γένθ’,
1917 993 1949 1045 ὃ
1985 994 2045 1046 δ’
2081 994 2185 1062 ἄορ
2222 997 2485 1062 χρύσειον
2525 996 2678 1061 ἔχων

1932 1080 2073 1142 μετὰ
2109 1082 2266 1147 χερσὶ
2302 1079 2535 1148 φίλῃσιν

1559 1166 1661 1217 285
1694 1163 1847 1217 ἵκετ’
1870 1163 1929 1226 ἐς
1954 1164 2288 1229 ἀθανάτους,
2315 1164 2503 1232 Ζηνὸς
2527 1167 2558 1218 δ
2574 1167 2588 1184 ’
2613 1165 2676 1219 ἐν

1930 1250 2148 1314 δώμασι
2185 1249 2340 1302 ναίει.

515 1391 675 1463 Quos
717 1408 925 1451 versus
969 1391 1211 1466 removi,
1258 1409 1464 1449 eorum
1509 1392 1632 1450 275
1678 1390 1836 1450 infra
1880 1391 2022 1449 olim
2064 1394 2204 1467 post
2245 1391 2367 1450 335
2411 1391 2673 1466 positum

340 1478 460 1536 ism
505 1476 778 1552 Heynius
835 1474 1080 1551 abiecit3
1148 1475 1270 1535 284
1316 1478 1377 1534 et
1421 1477 1543 1535 286
1591 1495 1759 1551 vero,
1815 1494 1964 1551 quos
2009 1474 2385 1534 Hermannus
2443 1476 2543 1534 alii
2587 1494 2674 1534 re-

340 1562 607 1621 censioni
651 1560 999 1636 adscripsit,
1053 1562 1173 1621 iam
1216 1562 1279 1619 in
1323 1560 1673 1621 Pisistrateo
1718 1579 1964 1636 corpore
2006 1560 2270 1620 adfuisse
2314 1565 2459 1620 nota
2501 1561 2671 1618 Euri-

337 1647 497 1722 pidis
544 1647 718 1706 docet
762 1646 834 1705 de
877 1646 1157 1705 extremis
1202 1646 1413 1723 Pegasi
1455 1646 1599 1705 fatis
1639 1647 1903 1705 narratio
1948 1646 2011 1704 in
2054 1645 2543 1721 Bellerophonte:

642 1757 754 1839 ὑφ’
799 1755 1019 1841 ἅρματ’
1066 1760 1266 1824 ἐλθὼν
1310 1759 1505 1839 Ζηνὸς
1549 1758 2008 1842 ἀστραπηφορεῖ.

335 1882 669 1943 Obscurum
726 1885 1002 1960 quemvis
1044 1903 1223 1943 aureo
1267 1902 1404 1944 ense
1448 1885 1809 1944 instructum
1856 1882 2353 1960 Chrysaorem
2395 1884 2673 1961 primitus

331 1969 532 2043 ipsum
593 1968 772 2028 fuisse
829 1969 992 2028 aurei
1039 1968 1370 2044 splendoris
1416 1969 1644 2028 fulmen
1687 1969 1820 2044 quis
1863 1968 2034 2028 hodie
2080 1968 2364 2044 dubitet?
2451 1970 2533 2028 Et
2574 1969 2674 2028 ad-

341 2052 524 2112 fuisse
582 2053 667 2111 ibi
723 2054 903 2113 etism
964 2073 1196 2114 versum
1216 2099 1231 2130 ,
1288 2072 1406 2130 quo
1449 2055 1666 2112 tertiae
1711 2052 1932 2112 Graece
1976 2072 2191 2113 nomen
2236 2054 2673 2128 continebatur,

345 2138 553 2196 itidem
609 2140 877 2197 omnium
936 2139 1009 2199 de
1064 2139 1327 2199 ternario
1382 2158 1585 2198 earum
1642 2157 1888 2197 numero
1940 2139 2295 2213 scriptorum
2353 2156 2674 2198 consensus

341 2222 592 2298 probat,
650 2225 745 2283 cui
797 2242 920 2284 non
965 2225 1263 2284 debebant
1307 2223 1568 2283 incertae
1614 2224 2012 2302 etymologiae
2055 2227 2119 2284 et
2161 2223 2673 2293 dubitatiunculse

335 2325 580 2383 opponi.
1748 2322 1755 2332 ·

506 2392 593 2451 Ut
645 2393 968 2452 Nereidum
1023 2394 1112 2453 ita
1164 2394 1344 2454 etiam
1403 2392 1775 2454 Oceanidum
1831 2395 2136 2471 catalogus
2200 2393 2275 2452 ab
2334 2396 2673 2469 antiquiore

333 2476 685 2554 Theogonis
712 2478 937 2554 abfuit,
982 2498 1134 2555 quae
1166 2478 1238 2538 de
1268 2479 1360 2539 his
1389 2498 1628 2554 quoque
1656 2478 1810 2537 hanc
1839 2498 2019 2537 unam
2050 2479 2351 2554 stropham
2384 2478 2672 2537 habebat:

493 2604 590 2652 337
810 2593 1020 2674 Τηθὺς
1065 2592 1126 2655 δ’
1168 2590 1450 2679 ’.ΩκεανῷΙ
1491 2593 1790 2674 ποταμοὺς
1836 2594 1963 2657 τέκε
2011 2591 2340 2675 δινήεντας,

492 2689 593 2738 346
637 2679 791 2742 τίκτε
834 2678 901 2741 δὲ
943 2678 1294 2761 θυγατέρων
1337 2679 1497 2762 ἷερὸν
1538 2679 1741 2761 γένος,
1785 2681 1855 2740 αἲ
1897 2680 2045 2740 κατὰ
2089 2687 2270 2761 γαῖαν

491 2774 592 2823 368
636 2765 832 2850 πάντῃ
875 2762 1033 2844 ὁμῶς
1079 2763 1399 2845 ἐφέπουσι,
1442 2764 1653 2825 θεάων
1694 2762 1885 2845 άγλαὰ
1931 2763 2139 2845 τέκνα,

336 2886 439 2944 ubi
488 2889 789 2961 postrema
834 2886 1016 2946 verba
1058 2907 1199 2947 sane
1243 2887 1589 2948 obscuriora
1629 2886 1994 2962 respondent
2040 2886 2363 2946 Nereidum
2410 2887 2672 2963 epitheto

338 2970 469 3029 240
510 2968 806 3049 μεγήρατα
853 2966 1029 3029 τέκνα
1073 2965 1301 3031 θεάων.

510 3055 599 3114 Ex
643 3074 903 3115 novem
948 3056 1220 3117 versibus
1266 3058 1387 3116 337
1399 3057 1632 3132 -345,
1693 3055 1909 3132 quibus
1954 3057 2131 3116 hodie
2176 3058 2422 3117 confusa
2466 3057 2671 3118 fluvio·

334 3160 472 3199 rum
517 3141 840 3199 multitudo
884 3144 1281 3217 enumeratur,
1335 3160 1483 3217 quos
1527 3142 1903 3217 potissimum
1948 3142 2139 3202 altera
2182 3141 2531 3219 Theogonis
2572 3142 2672 3200 hs.-

338 3224 560 3298 buerit,
607 3224 847 3285 difficile
891 3226 1055 3285 dictu
1100 3229 1222 3286 est:
1269 3226 1415 3285 mihi
1459 3224 1698 3301 quidem
1728 3226 1978 3302 genuini
2006 3226 2285 3286 videntur
2315 3229 2670 3286 337—339.

335 3310 464 3367 343
511 3313 575 3368 et
619 3312 760 3384 345,
806 3330 1060 3386 quorum
1097 3314 1394 3386 ‚quattuor
1438 3314 1736 3372 structure
1767 3310 2055 3370 simillimi
2086 3315 2289 3371 ternos
2319 3314 2528 3371 tenent
2569 3311 2671 3368 flu·

334 3394 487 3453 vios.
579 3392 942 3454 Oceanidum
999 3413 1274 3462 recensus
1337 3398 1623 3471 quattuor
1666 3395 1939 3471 strophas
1982 3397 2267 3472 complet:
2326 3397 2447 3455 346
2475 3415 2566 3471 sq.
2615 3396 2675 3453 et

337 3478 699 3538 349—351.
745 3481 1100 3540 352—356.
1150 3482 1505 3539 357-361.
1554 3481 1908 3555 362—-366,
1955 3482 2171 3540 omisso
2218 3481 2340 3539 348

639 3595 741 3656 καὶ
782 3602 1093 3674 ποταμοῖς,
1141 3594 1364 3674 ταύτην
1410 3593 1471 3656 δὲ
1523 3594 1670 3670 Διὸς
1713 3596 1875 3677 πάρα
1919 3602 2136 3677 μοῖραν
2177 3595 2395 3675 ἔχουσι,

336 3715 440 3789 qui
495 3717 644 3774 satis
688 3721 896 3798 aperte
937 3717 1270 3793 supplentis
1316 3719 1442 3776 sive
1486 3717 1936 3793 interpolatoris
1981 3720 2105 3780 sive
2149 3717 2337 3794 ipsius
2381 3718 2670 3793 composi-

339 3799 490 3859 toris
534 3785 773 3860 manssm
820 3802 1041 3878 prodit.
1113 3801 1231 3860 Sed
1275 3801 1449 3861 huius
1494 3802 1622 3860 sine
1667 3803 1849 3861 dubio
1882 3807 2023 3863 sunt
2054 3804 2406 3878 367—370,
2455 3802 2674 3878 quibus

347 3884 618 3944 versibus
663 3886 734 3945 de
777 3887 1104 3962 fluminum,
1152 3886 1201 3945 si
1245 3905 1395 3961 quae
1439 3886 1594 3946 forte
1642 3886 1864 3962 desint,
1909 3889 2250 3947 nominibus
2297 3890 2558 3947 cavetur.

506 3969 579 4028 In
636 3973 1026 4048 sequentibus
1081 3972 1341 4046 primum
1408 3990 1591 4046 puros
1649 3973 2040 4033 terniones
2110 3973 2395 4032 habemus
2456 3970 2671 4045 duOS,

341 4054 461 4111 371
481 4074 572 4130 sq.
619 4073 753 4114 cum
797 4058 951 4133 374,
995 4058 1232 4116 intruso
1278 4057 1400 4114 373

642 4168 976 4246 ἀθανάτοις
1021 4196 1080 4234 τε
1123 4178 1350 4249 θεοῖσι,
1396 4171 1482 4232 τοὶ
1525 4170 1787 4255 οὐρανὸν
1831 4169 2015 4255 εὐρὺν
2059 4173 2258 4253 ἔχουσι

340 4316 412 4356 ex
460 4291 606 4352 locis
653 4295 857 4371 quales
901 4298 1042 4355 sunt
1083 4295 1257 4354 Hom.
1308 4293 1358 4350 B
1402 4295 1586 4371 483q.
1636 4299 1699 4353 A
1735 4299 1873 4372 lsq.
1918 4317 1955 4374 y
2000 4297 2162 4372 2sq.,
2208 4297 2673 4371 012375—3773

339 4386 466 4440 tum
510 4381 664 4439 tres
709 4381 857 4440 alios
901 4381 1251 4441 378—380.
1311 4379 1671 4440 383—385.
1713 4382 2077 4455 404—406‚
2143 4382 2246 4457 qui
2289 4381 2449 4439 binis
2493 4382 2671 4441 versi-

341 4468 454 4526 bus
499 4497 586 4507 --
633 4468 752 4525 381
781 4483 902 4542 ΒΨ,
961 4467 1083 4526 386
1130 4468 1191 4523 et
1234 4464 1355 4522 387
1404 4464 1527 4523 sive
1575 4467 1727 4541 388,
1773 4466 1896 4526 408
1940 4461 2073 4546 (ubi
2115 4457 2501 4544 ἀγανώτατον
2544 4463 2589 4523 ὅ
2602 4488 2672 4523 ν·
