3132 5129
1489 1268 1552 1353 Ι.

851 1460 944 1529 De
983 1459 1220 1530 Iliadis
1261 1457 1354 1545 B,
1400 1458 1685 1529 1-483
1726 1459 2101 1547 disputatio
2117 1454 2191 1552 ¹).

525 1631 694 1701 Quod
725 1631 868 1689 olim
900 1632 963 1689 in
995 1629 1485 1690 Germanicorum
1514 1631 1955 1706 philologorum
1998 1632 2296 1689 conventu
2324 1627 2688 1686 Darmstadii
2717 1629 2750 1675 3

337 1735 404 1772 a.
440 1716 605 1773 1845
635 1715 841 1774 habito
872 1715 1320 1774 Lachmannum
1353 1717 1708 1791 signiferum
1740 1719 1976 1775 secutus
2008 1715 2411 1773 demonstrare
2443 1716 2691 1771 conatus

336 1820 485 1858 sum
504 1795 579 1878 ²),
625 1802 869 1860 secundi
914 1800 1118 1860 Iliadis
1162 1801 1302 1859 libri
1347 1802 1610 1877 priorem
1653 1806 1883 1876 partem
1914 1795 2000 1879 (v.
2038 1795 2312 1870 1—483)
2347 1818 2416 1856 ex
2460 1797 2691 1857 duobus

335 1885 718 1943 carminibus
762 1887 1222 1945 contaminatam
1268 1905 1430 1957 esse,
1492 1906 1620 1944 eam
1677 1885 2035 1944 sententiam
2080 1903 2274 1958 nuper
2317 1883 2695 1959 impugnavit

336 1971 416 2028 in
462 1970 720 2029 secunda
772 1975 1119 2029 notarum
1170 1971 1259 2028 ad
1303 1970 1617 2029 Iliadem
1664 1971 1956 2041 editione,
2017 1989 2167 2045 quae
2212 1970 2320 2027 hoc
2364 1969 2492 2043 ipso
2537 1985 2692 2025 anno

334 2055 595 2130 prodiit,
643 2054 799 2113 Car.
846 2055 1040 2113 Frid.
1087 2055 1770 2132 Naegelsbachius,
1818 2058 1990 2113 acute
2034 2073 2173 2113 sane
2217 2072 2328 2128 pro
2376 2071 2481 2112 suo
2529 2070 2692 2110 more

335 2143 415 2197 et
459 2140 783 2215 ingeniose.
873 2140 1077 2216 Magni
1123 2160 1233 2216 ego
1279 2142 1428 2199 facio
1474 2160 1608 2198 eum
1651 2141 1867 2214 virum,
1914 2158 2268 2214 quamquam
2314 2157 2505 2212 neque
2549 2156 2690 2196 con-

340 2227 562 2299 spectu
607 2230 670 2282 et
712 2244 825 2283 usu
870 2225 1015 2282 mihi
1059 2227 1368 2301 cognitum
1414 2228 1502 2295 et,
1550 2226 1601 2284 si
1646 2226 1789 2300 quid
1837 2225 2122 2299 suspicari
2167 2224 2335 2295 licet,
2400 2224 2471 2280 de
2515 2224 2692 2280 rebus

341 2309 577 2367 divinis
607 2314 670 2367 et
698 2310 974 2368 humanis
1021 2311 1144 2370 fere
1188 2311 1465 2368 omnibus
1511 2310 1690 2385 longe
1733 2311 1909 2367 aliter
1952 2314 2130 2384 atque
2175 2328 2268 2366 me
2313 2309 2688 2365 sentientem.

340 2393 483 2463 Quo
528 2396 717 2470 magis
772 2414 981 2469 operae
1025 2396 1287 2470 pretium
1332 2414 1426 2452 me
1473 2394 1765 2453 facturum
1823 2395 2106 2465 arbitror,
2155 2394 2204 2451 si
2236 2412 2361 2451 eam
2394 2393 2691 2466 quaestio-

342 2497 492 2536 nem
546 2478 810 2539 breviter
865 2484 1007 2537 tunc
1062 2498 1169 2554 pro
1226 2480 1355 2539 loco
1402 2484 1463 2538 et
1505 2483 1775 2554 tempore
1822 2499 1856 2536 a
1900 2498 1994 2536 me
2041 2479 2452 2535 adumbratam
2498 2476 2690 2534 denuo

344 2566 683 2625 accuratius
726 2563 1303 2643 pertractaverim3).

524 2650 613 2708 Ac
658 2652 917 2725 primum
963 2650 1205 2725 quidem
1250 2654 1320 2708 ut
1361 2652 1432 2709 de
1473 2650 1647 2709 huius
1691 2649 1830 2707 libri
1873 2653 1933 2707 et
1964 2648 2367 2708 antecedentis
2397 2647 2694 2722 perpetui-

346 2737 480 2792 tate
524 2734 805 2806 dicamus,
852 2735 969 2792 iam
1000 2735 1412 2794 Lachmannus
1439 2737 1673 2795 notavit
1704 2754 1992 2809 nusquam
2025 2734 2098 2791 ad
2129 2733 2269 2792 libri
2300 2734 2479 2808 primi
2511 2752 2693 2808 argu-

352 2822 624 2876 mentum
654 2818 763 2878 hoc
790 2819 945 2878 libro
986 2821 1220 2895 respici,
1267 2820 1316 2878 si
1361 2821 1701 2880 discesseris
1743 2840 1776 2877 a
1818 2840 1873 2878 v.
1901 2822 2063 2894 3sq.‚
2109 2823 2171 2876 et
2222 2839 2257 2875 a
2294 2839 2350 2877 v.
2382 2819 2692 2888 239—42,

350 2903 459 2978 qui
504 2922 709 2962 versus
752 2923 899 2962 num
943 2906 1186 2981 genuini
1246 2906 1370 2964 sint
1413 2906 1585 2964 valde
1631 2906 1923 2963 incertum
1967 2922 2126 2977 esse3
2184 2903 2336 2960 nihil
2393 2903 2465 2959 de
2526 2906 2692 2977 peste

351 2992 464 3045 aut
520 2988 590 3046 de
634 2988 906 3049 Thetidis
964 2991 1238 3064 precibus
1295 2991 1629 3049 memorari.
1726 2987 1949 3048 Contra
2004 3007 2138 3045 eum
2183 2986 2692 3063 Naegelsbacbius

352 3071 467 3130 hoc
510 3073 687 3133 modo
732 3094 787 3150 p.
825 3076 944 3134 143
978 3076 1337 3150 disputavit:
1386 3075 1635 3144 „Niclzts
1664 3093 1776 3133 von
1805 3075 1905 3132 der
1933 3074 2102 3142 Pest,·
2149 3074 2494 3147 (merdin-yffi·
2538 3074 2695 3130 dorm

352 3159 532 3216 deren
575 3159 921 3234 Bedeutwny
971 3161 1101 3234 yeht
1144 3162 1325 3219 dci-rin
1369 3161 1496 3232 auf,
1542 3160 1679 3230 dass
1721 3162 1803 3217 sie
1860 3158 2293 3232 Vernulassmzy
2335 3176 2470 3216 zum
2515 3158 2694 3214 Zwist

358 3245 464 3300 der
517 3243 746 3317 Kdm'ye
793 3245 980 3318 fieb&
1038 3243 1470 3319 Geleqenheiten
1531 3246 1689 3302 ihrer
1740 3243 1982 3316 zufc’illiy
2035 3261 2109 3301 zu
2165 3243 2473 3300 erwlihnen
2531 3243 2694 3300 boten

353 3328 476 3385 sich
519 3329 658 3385 eben
701 3330 827 3386 dem
857 3330 1095 3388 Dichter
1137 3332 1295 3388 ‘nicht
1339 3331 1468 3388 dar.
1543 3329 1705 3387 Aber
1732 3329 1880 3386 auch
1911 3329 2097 3385 mahts
2125 3346 2239 3386 von
2272 3327 2468 3384 Thetis
2497 3327 2695 3384 Bate?

355 3411 584 3480 Niclzts,
615 3414 875 3471 mo‘cmen
894 3416 1005 3472 wir
1026 3433 1224 3488 sewen,
1256 3416 1366 3473 als
1396 3416 1616 3473 deren
1642 3413 1955 3486 Vollzuffl
1985 3414 2214 3470 mittem
2244 3413 2345 3469 der
2371 3411 2537 3468 Verse
2562 3413 2616 3468 3.
2635 3413 2694 3471 4.

352 3487 485 3552 ἀλλ’
521 3492 622 3573 ὅγε
650 3492 953 3572 μερμήριζε
983 3495 1131 3555 κατὰ
1163 3494 1376 3573 φρένα,
1407 3493 1488 3568 ὡς
1514 3492 1751 3574 Ἀχιλῆα
1798 3493 1804 3574 Ι
1850 3490 2129 3571 τιμήσει’,
2162 3490 2356 3552 ὀλέσαι
2386 3490 2453 3552 δὲ
2482 3492 2695 3564 πολέας

358 3577 458 3637 ἐπὶ
516 3578 735 3655 νηυσὶν
786 3575 1070 3657 Ἀχαιῶν,
1114 3586 1315 3642 welche
1356 3586 1462 3642 mit
1516 3584 1723 3642 Here’s
1777 3582 2015 3642 Wortcn
2060 3582 2118 3636 A
2165 3583 2306 3638 558.
2356 3582 2478 3638 559
2537 3581 2693 3638 iden-

336 3667 500 3724 resch
541 3669 695 3735 sind,
753 3670 981 3726 werden
1026 3670 1132 3727 alle
1174 3670 1480 3744 folyenden
1524 3670 1862 3742 Ereiynisse
1905 3669 1994 3725 als
2037 3667 2215 3741 Folye
2257 3668 2356 3724 des
2397 3684 2512 3723 von
2543 3666 2694 3723 Zeus

353 3752 460 3809 der
504 3752 699 3810 Thetis
747 3755 1069 3827 yeyebenen
1124 3752 1534 3828 Versprechens
1591 3754 1968 3827 daryestcllt.“
2062 3750 2270 3823 Vides,
2329 3770 2506 3825 quam
2553 3751 2693 3808 arti·

356 3836 557 3895 flciose
602 3836 745 3895 haec
791 3839 1130 3915 excogitata
1173 3839 1312 3911 sint,
1358 3858 1466 3897 nec
1508 3843 1709 3897 tamen
1752 3838 1958 3896 valent
2000 3837 2072 3893 ad
2119 3837 2463 3895 elevandam
2509 3835 2692 3893 Lach-

496 4054 545 4111 1)
618 4050 792 4104 Index
840 4054 993 4107 lectt.
1042 4052 1097 4105 in
1135 4053 1245 4106 litt.
1294 4053 1536 4107 univers,
1578 4053 1763 4108 Turic.
1815 4052 1945 4105 inde
1991 4068 2026 4104 a
2069 4052 2120 4103 d.
2160 4048 2414 4102 XXVIII.
2462 4068 2533 4102 m.
2572 4049 2690 4103 Oct.

356 4116 602 4171 MDCCC
686 4136 858 4187 usque
897 4122 969 4173 ad
1007 4122 1062 4174 d.
1102 4121 1218 4173 XX.
1259 4140 1329 4175 m.
1368 4121 1557 4174 Martii
1593 4119 1912 4175 MDCCCLI
1949 4119 2376 4186 habendarum]

452 4190 549 4305 7⁶2)
587 4185 757 4240 Vide:
796 4188 1261 4257 Verhandlunyen
1287 4191 1385 4243 der
1418 4191 1613 4243 achten
1646 4188 2062 4256 Versammluny
2098 4216 2157 4225 -
2200 4185 2534 4240 Darmstadt
2565 4193 2692 4240 1846

385 4389 397 4397 .
495 4326 547 4384 3)
597 4322 793 4375 Obiter
841 4339 1073 4387 mone0‚
1127 4342 1253 4377 cum
1308 4326 1447 4378 haec
1500 4326 1828 4385 scriberem,
1883 4341 1984 4377 nec
2038 4323 2218 4390 ipsum
2274 4323 2692 4376 Lachmanui

357 4389 563 4440 librum
604 4406 655 4441 a.
685 4395 813 4444 1847
852 4409 978 4444 cum
1007 4391 1239 4460 Hauptii
1276 4393 1680 4446 additamentis
1716 4393 1948 4456 editum,
1986 4407 2088 4443 nec
2129 4389 2386 4444 Grossii
2427 4391 2693 4443 vindicias

358 4473 408 4512 a.
452 4462 583 4510 1845
618 4456 907 4527 Mal-burgi
944 4460 1123 4513 editas
1160 4461 1232 4513 ad
1270 4478 1496 4513 manum
1534 4460 1674 4513 mihi
1711 4460 1895 4513 fuisse.

462 4551 705 4602 necmy,
743 4554 988 4595 Schriften.
1034 4557 1071 4595 1.
2193 4551 2215 4596 1
