3132 5129
1405 408 1699 473 -386
1797 447 1867 456 -

473 567 672 643 imago
717 568 779 626 in
824 567 1045 626 somnis
1090 566 1367 625 Aristaeo
1420 567 1582 642 patri
1636 585 1929 642 apparens
1986 566 2390 627 tristissimam
2449 569 2669 627 sortem
2716 539 2813 625 er·

473 654 650 786 ponit
693 656 755 711 et
798 651 871 727 V,
918 652 1041 710 494
1086 651 1230 724 haec
1276 650 1449 710 dicit.

727 783 828 845 καὶ
873 781 1058 862 λα’χον
1101 782 1378 861 ἐξαπίνης
1425 783 1604 861 δέμας
1649 782 1875 861 αἰόλον,
1919 775 2057 844 ἄντι
2097 779 2164 843 δὲ
2206 793 2443 863 μορφῆς

729 866 1061 969 ἅνδρομέης
1104 868 1415 948 αγνωστον
1458 867 1605 947 ἐμὸν
1649 866 1828 947 δέμας
1875 867 2083 929 ἕσκεπε
2127 866 2347 948 λάχνη,

727 953 829 1015 καὶ
872 949 1051 1027 κύνες
1095 950 1447 1034 ἆγρευτῆρες
1493 952 1523 1014 ἕ
1535 975 1660 1024 ους
1708 951 1997 1032 ἕχάραξαν
2039 949 2308 1026 ὀδόντας.

471 1095 608 1154 Iure
637 1097 837 1152 autem
868 1091 1077 1151 Lehrs.
1109 1092 1149 1151 l.
1183 1111 1231 1152 c.
1263 1113 1323 1168 p.
1359 1093 1476 1150 221
1526 1091 1776 1154 offendit
1819 1091 1881 1150 in
1926 1091 2030 1151 illo
2077 1086 2280 1164 ἕούς,
2327 1092 2486 1167 quod
2515 1111 2808 1169 nusquam

471 1180 630 1255 apud
661 1179 737 1237 N.
770 1197 879 1255 pro
926 1173 1204 1253 σφέτερος
1247 1176 1509 1253 positum
1555 1176 1878 1251 invenitur,
1925 1177 2010 1235 ita
2052 1179 2121 1235 ut
2158 1176 2233 1235 ad
2262 1177 2463 1253 plures
2494 1180 2810 1252 pertineat.

472 1265 707 1325 Conicit
767 1264 868 1323 ille
921 1266 1028 1322 aut
1081 1258 1183 1320 καὶ
1236 1258 1415 1331 κύνες
1472 1254 1871 1338 ἀγρότεροι
1928 1257 2333 1336 σφετέρους
2378 1266 2492 1320 etc.
2548 1267 2653 1321 aut
2706 1259 2806 1319 καὶ

472 1342 647 1419 κύνες
690 1337 1033 1426 ἆγρευτῆρι
1079 1343 1311 1417 θοοὺς
1356 1350 1464 1406 etc.
1524 1345 1902 1405 scribendum
1960 1366 2105 1405 esse.
2193 1345 2490 1405 Neutrum
2535 1347 2807 1422 equidem

471 1453 675 1492 verum
704 1437 873 1509 puto.
947 1432 1103 1490 Nam
1133 1431 1355 1491 locutio
1401 1428 1578 1500 κύνες
1623 1424 1977 1508 ἆγρευτῆρες
2008 1431 2082 1489 Ν.
2117 1434 2209 1491 est
2252 1432 2494 1506 usitata,
2543 1435 2614 1490 cf.
2646 1431 2805 1505 XVI,

473 1519 613 1578 105.
659 1518 913 1595 XXXII,
968 1520 1105 1576 116.
1151 1515 1364 1591 XLIV,
1414 1518 1565 1592 290,
1613 1535 1904 1592 nusquam
1951 1520 2152 1575 autem
2196 1516 2298 1574 ille
2342 1510 2529 1584 κύνας
2570 1509 2807 1592 ἀγροτέ-

469 1623 608 1678 ρους
666 1603 837 1661 dixit.
928 1602 1177 1661 Accedit
1231 1603 1503 1676 suspecta
1556 1603 1619 1659 et
1659 1620 1696 1659 a
1740 1601 1815 1659 N.
1877 1621 2040 1660 more
2085 1600 2279 1659 aliena
2320 1601 2495 1659 huius
2541 1601 2804 1676 descrip-

467 1689 649 1746 tionis
691 1687 974 1748 brevitas.
1081 1686 1352 1745 Debebat
1392 1686 1550 1745 enim
1596 1684 1871 1760 pluribus
1913 1686 2269 1761 phantasma
2312 1704 2638 1761 exponere,
2688 1705 2805 1761 quo

466 1772 692 1830 infelici
737 1790 936 1831 errore
982 1771 1260 1829 concitati
1308 1771 1532 1829 fuerint
1577 1789 1779 1845 canes,
1840 1774 1909 1828 ut
1966 1770 2163 1845 ipsum
2209 1769 2514 1829 dominum
2559 1770 2805 1829 dilania-

466 1860 618 1917 rent.
688 1855 783 1915 Ita
814 1875 990 1932 supra
1024 1856 1357 1913 325—335
1406 1855 1608 1913 multis
1642 1854 1838 1914 verbis
1881 1858 2189 1930 narratur,
2234 1873 2407 1913 canes
2451 1874 2572 1914 non
2616 1855 2805 1913 solum

468 1941 645 2000 solito
690 1941 901 2000 ardore
947 1942 1010 2000 in
1054 1940 1272 1999 falsum
1319 1958 1560 1999 cervum
1604 1939 1876 2015 irruisse,
1925 1941 2027 1998 sed
2071 1941 2317 2015 insuper
2345 1939 2525 1998 etiam
2554 1959 2589 1998 a
2619 1940 2809 1998 Diana

469 2025 710 2084 insolito
756 2027 955 2084 furore
1000 2043 1128 2085 esse
1172 2025 1469 2101 impletos
1558 2024 1630 2082 Id
1675 2024 1770 2083 hic
1813 2044 1934 2083 non
1977 2044 2096 2083 uno
2141 2028 2375 2083 tantum
2420 2044 2599 2083 versu
2645 2043 2806 2084 com·

471 2113 863 2170 memoratum
909 2129 1039 2170 esse
1085 2111 1160 2168 ab
1205 2111 1536 2184 Actaeone,
1585 2110 1763 2167 etiam
1809 2109 1945 2168 inde
1991 2099 2297 2184 probabile
2344 2113 2453 2183 est,
2484 2109 2660 2185 quod
2704 2109 2807 2167 ille

472 2216 529 2253 v.
564 2196 687 2252 442
713 2214 844 2271 sqq.
893 2214 1064 2255 canes
1109 2213 1383 2254 excusare
1428 2198 1489 2253 et
1532 2213 1568 2252 a
1621 2212 1812 2269 poena
1866 2194 2213 2253 imminente
2274 2193 2526 2253 liberare
2582 2194 2805 2256 studet.

470 2280 683 2355 Itaque
738 2299 922 2338 unum
978 2281 1257 2356 pluresve
1315 2298 1522 2339 versus
1577 2278 1672 2337 hic
1728 2278 1931 2337 deesse
1995 2278 2279 2354 arbitror,
2347 2279 2659 2353 locumque
2722 2280 2808 2336 ita

469 2366 796 2424 constituo:

719 2478 819 2542 καὶ
867 2478 1047 2554 κύνες
1090 2474 1448 2582 ἆγρευτῆρες
1535 2503 1569 2539 *
1655 2502 1690 2541 *
1776 2504 1811 2541 *
1926 2509 1930 2513 <

718 2591 753 2628 *
838 2591 872 2627 a«
958 2589 992 2628 *
1081 2564 1270 2638 -οὺς
1318 2560 1607 2644 ἐχάραξαν
1650 2560 1920 2639 ὀδόντας.

569 2687 592 2710 ’
603 2705 767 2782 ,X,X
800 2707 878 2763 29
903 2723 990 2780 sq.
1023 2705 1096 2762 de
1127 2703 1301 2762 Pitho
1332 2708 1393 2763 et
1422 2703 1697 2779 Marone,
1746 2706 1849 2780 qui
1896 2704 2042 2763 ebrii
2085 2723 2204 2764 uno
2237 2703 2298 2763 in
2329 2705 2551 2764 lectulo
2581 2705 2808 2763 iacent:

717 2817 1004 2924 di'hffiovg
1050 2815 1111 2880 δ’
1160 2816 1529 2897 ἑμέθυσσαν,
1577 2818 1720 2898 ἴσην
1761 2818 2090 2898 πέμποντες
2132 2817 2369 2899 ἆυτμὴν

718 2926 920 2965 παννυ
935 2926 1085 2984 χον.

464 3026 741 3085 Fortasse
785 3026 1159 3085 scribendum
1203 3030 1320 3086 est:
1365 3021 1711 3104 πάννυχοι.
1785 3028 1939 3087 Nam
1984 3045 2116 3086 cum
2162 3019 2359 3103 ἀυτμή
2387 3027 2504 3086 iam
2534 3026 2801 3102 epitheto

333 3125 435 3173 660
463 3111 543 3169 sit
587 3110 973 3186 instructum,
1029 3130 1150 3170 non
1195 3115 1341 3188 puto
1387 3111 1549 3170 aliud
1596 3113 1896 3189 sequentis
1943 3131 2147 3171 versus
2200 3112 2375 3171 initio
2430 3112 2621 3170 eidem
2667 3113 2802 3171 voci

465 3213 592 3254 esse
615 3196 929 3254 adiectum.
961 3196 1042 3254 Et
1065 3197 1220 3256 solet
1242 3196 1340 3271 Ν.,
1365 3196 1615 3256 Homeri
1637 3198 1971 3273 exemplum
1995 3200 2231 3256 secutus
2257 3195 2359 3272 (cf.
2396 3197 2465 3252 Ψ
2484 3197 2605 3254 228
2619 3193 2797 3272 sqq.),

465 3280 540 3337 ad
586 3281 746 3355 ipsas
791 3300 1072 3355 personas
1115 3281 1176 3340 id
1222 3281 1580 3341 adiectivum
1626 3283 1868 3341 refe1·.re
1957 3281 2094 3340 Vid.
2141 3281 2300 3355 XIV,
2351 3282 2466 3339 291
2499 3301 2626 3356 sqq,

1125 3432 1206 3441 —
1252 3397 1650 3495 φιλαγρύπνῳ
1695 3395 1756 3457 δὲ
1801 3397 2018 3476 Λυαίῳ
2114 3426 2127 3438 ·

718 3480 1095 3561 πάννυχος
1115 3475 1493 3561 ἀστερόεντα
1538 3482 1894 3562 πυρίτροχον
1936 3460 2121 3541 ὁλκὸν
2163 3478 2465 3558 ὖφαίνων,

719 3563 975 3646 ουρανὸς
1022 3563 1395 3647 ἐβρόντησεν.

464 3688 675 3764 XXXI,
729 3690 843 3746 141
870 3708 998 3765 sqq.

1123 3824 1204 3834 -—
1250 3782 1678 3868 παννύχιος
1723 3785 1836 3867 γὰρ

717 3869 1051 3978 μυστιπόλω
1095 3880 1389 3975 σπινθῆρι
1432 3873 1730 3955 φεραυγέα
1776 3871 1962 3933 δαλὸν
2005 3862 2287 3932 ανάπτωι
2301 3916 2319 3950 ,

719 3958 947 4037 Βάκχος
990 3934 1317 4038 αμαλδύνει
1361 3982 1450 4037 με.

462 4078 762 4156 XXXVII,
813 4081 890 4140 78
916 4102 1003 4157 sq.

715 4179 1015 4284 πυρκαϊὴν
1059 4176 1428 4261 φλογόεσσαν
1469 4177 1840 4261 ἀνερρίπιζεν
1857 4235 1860 4239 A
1884 4173 2072 4258 ἀήτης
2169 4247 2173 4249 ,

714 4288 759 4324 π
772 4290 809 4324 α
827 4288 860 4322 ν
872 4288 907 4324 ν
922 4288 961 4325 υ
975 4288 1047 4343 χο
1061 4289 1110 4337 ς.

464 4382 556 4442 Cf.
590 4384 725 4461 VII,
773 4388 916 4446 300.
972 4419 1035 4428 —-
1091 4386 1312 4445 Eodem
1359 4388 1535 4445 modo
1580 4388 1641 4445 in
1673 4387 1956 4463 Paraphr.
2002 4387 2208 4446 Ioanu.
2254 4383 2411 4461 XXI,
2463 4386 2540 4444 15
2587 4404 2794 4462 pecca—

464 4473 592 4529 tum
639 4475 747 4528 est.
835 4471 925 4528 Ibi
973 4472 1128 4528 enim
1175 4490 1303 4529 cum
1346 4471 1528 4546 vulgo
1574 4471 1837 4547 legatur:

165 4698 596 4906 'N
