3132 5129
1267 390 1559 492 -3473
1655 425 1721 435 —

328 549 633 607 annalium
694 549 812 608 vol.
862 547 1076 606 LXXV
1124 528 1347 626 [1857]
1410 548 1555 606 mihi
1601 547 1849 605 allatum
1894 549 2000 606 est.
2079 546 2223 606 Eius
2279 547 2439 604 enim
2498 546 2663 604 volu-

330 635 508 692 minis
552 653 611 708 p.
661 634 911 692 65—78
970 632 1144 692 Otto
1190 632 1652 692 Ribbeckius
1708 633 1803 690 vir
1843 633 1907 690 in
1950 631 2185 690 Latinis
2229 631 2420 705 poetis
2465 650 2662 689 versa·

335 719 635 792 tissimus,
700 728 876 792 quem
919 718 982 776 in
1028 717 1413 777 Beruensium
1466 717 1850 776 universitate
1906 716 2182 791 antiquas
2239 715 2469 775 litteras
2528 734 2663 790 pro-

332 805 550 861 fessum
608 804 725 861 iam
784 803 1072 879 collegam
1120 803 1387 862 salutare
1445 802 1589 860 mihi
1642 802 1840 874 licuit,
1910 801 2385 859 dissertationem
2452 799 2660 875 edidit,

330 908 448 962 qua
493 886 853 962 stropliicam
899 888 1242 963 eclogarum
1270 886 1748 963 Vergilianarum
1797 885 2287 961 compositionem
2329 885 2664 943 luculenter

332 976 724 1047 accurateque
780 973 1228 1032 demonstravit.
1305 973 1492 1043 Quam
1539 971 2014 1030 dissertationem
2073 969 2413 1028 avidissimo
2471 970 2660 1043 ocule,

333 1060 402 1115 ut
445 1057 685 1116 credere
729 1077 836 1133 par
880 1063 1000 1133 est,
1060 1076 1192 1116 cum
1249 1057 1705 1132 perlustrarem,
1767 1055 2051 1131 gaudium
2111 1056 2299 1131 magis
2357 1055 2536 1113 etiam
2593 1074 2662 1114 eo

332 1141 474 1200 mihi
522 1142 880 1218 augebatur,
928 1161 1046 1217 quo
1091 1144 1325 1218 saepius
1371 1143 1431 1199 in
1476 1141 1865 1200 restituendis
1911 1140 2170 1215 strophis
2214 1159 2307 1197 me
2353 1158 2486 1197 cum
2532 1158 2662 1196 acu-

332 1226 562 1286 tissimo
608 1228 1086 1302 peritissimeque
1131 1227 1321 1287 iudice
1352 1226 1686 1285 consentire
1728 1225 2005 1284 viderem.
2082 1225 2149 1282 In
2198 1224 2329 1282 aliis
2376 1242 2519 1282 sane
2564 1223 2662 1281 ad-

333 1312 448 1370 huc
491 1311 898 1386 dissentimus,
959 1312 1060 1371 sed
1121 1332 1269 1388 quae
1326 1314 1521 1370 minus
1568 1312 1773 1387 gravia
1833 1310 2132 1368 videntur.
2217 1308 2427 1383 Itaque
2482 1308 2662 1367 misso

331 1415 489 1455 nunc
532 1397 772 1470 quidem
803 1397 1102 1473 Vergilio,
1148 1416 1321 1472 quem
1355 1395 1750 1455 sanatricibus
1782 1393 2090 1452 Ribbeckii
2136 1393 2408 1452 manibus
2440 1395 2664 1468 optime

333 1481 592 1556 relinqui
637 1482 833 1555 quivis
878 1501 1108 1540 mecum
1156 1481 1453 1556 censebit,
1507 1481 1582 1539 ad
1628 1480 2011 1538 Theocritum
2066 1498 2159 1537 me
2217 1479 2502 1537 converto
2559 1478 2660 1551 ita,

335 1569 404 1625 ut
447 1566 773 1624 carminum
817 1567 944 1625 eius
988 1568 1051 1626 in
1096 1566 1370 1642 strophas
1414 1566 1665 1638 rectius,
1715 1584 1891 1639 quam
1934 1563 2123 1622 adhuc
2153 1562 2375 1621 factum
2421 1565 2529 1636 est,
2575 1581 2661 1620 re·

330 1651 639 1709 dactorum
686 1652 1008 1725 specimina
1052 1652 1196 1727 ipsis
1229 1652 1414 1709 oculis
1445 1669 1801 1726 proponam,
1852 1668 1969 1725 qua
1996 1648 2227 1706 ratione
2261 1665 2453 1722 nuper
2481 1648 2661 1705 etiam

330 1756 364 1793 a
408 1735 735 1794 Ribbeckio
780 1736 843 1794 in
898 1736 1125 1795 duabus
1170 1736 1425 1812 Vergilii
1483 1734 1703 1809 eclogis
1748 1737 2036 1808 usurpata
2090 1732 2284 1791 multo
2339 1732 2663 1806 simplicius

332 1819 845 1895 commodiusque,
892 1841 1071 1896 quam
1116 1822 1312 1897 longis
1344 1822 1835 1897 argumentorum
1867 1818 2271 1892 orationisque
2315 1816 2663 1893 ambagibus

330 1924 425 1963 res
469 1905 700 1964 absolvi
745 1925 916 1981 posse
960 1905 1213 1966 videtur.
1291 1905 1633 1965 Clarissima
1681 1905 1839 1962 enim
1871 1905 2000 1961 tum
2032 1903 2224 1961 elucet
2267 1905 2328 1960 et
2370 1902 2467 1960 vel
2510 1901 2657 1960 invi-

331 1991 410 2048 tis
455 1989 888 2065 incredulisque
932 1991 1186 2050 incurrit
1228 1991 1358 2065 ipsa
1402 1990 1673 2049 veritatis
1720 1990 1838 2063 vis,
1897 1988 1988 2045 cui
2035 1991 2105 2046 ut
2148 1987 2420 2046 omnibus
2464 1986 2527 2045 in
2572 2005 2660 2044 re·

332 2074 444 2133 bus
489 2076 576 2133 ita
619 2075 795 2133 etiam
842 2076 903 2133 in
950 2075 1274 2134 factitanda
1317 2075 1520 2135 critica
1564 2074 1820 2132 maxime
1865 2071 2158 2131 confidere
2204 2073 2460 2145 oportet.

503 2159 675 2235 Elegi
734 2163 932 2218 autem
987 2160 1322 2220 difficiliora
1378 2161 1500 2218 fere
1555 2161 1739 2233 atque
1795 2156 2174 2232 impeditiora
2233 2156 2523 2228 carmina,
2586 2154 2659 2212 de

332 2243 545 2318 quibus
592 2244 1112 2305 vehementissime
1169 2245 1410 2320 quidem
1466 2243 1999 2317 adversissimeque
2056 2238 2483 2315 „Grammatici
2539 2257 2662 2298 cer-

334 2330 467 2386 tant
496 2332 559 2386 et
588 2328 780 2388 adhuc
808 2329 921 2388 sub
961 2330 1153 2388 iudice
1198 2330 1273 2388 lis
1319 2327 1476 2402 est“‚
1524 2347 1636 2402 ego
1681 2346 1853 2402 vere,
1901 2326 2020 2385 nisi
2064 2325 2304 2401 egregie
2347 2323 2539 2397 fallor,
2572 2324 2661 2383 in-

331 2413 562 2472 venisse
606 2413 752 2471 mihi
797 2414 1030 2488 videor,
1091 2434 1207 2489 quo
1254 2414 1325 2472 lis
1371 2412 1475 2471 illa
1531 2412 1804 2487 componi
1837 2413 2040 2485 atque
2096 2410 2490 2484 interpretum
2546 2408 2661 2466 dis-

334 2499 530 2556 sensio
575 2499 648 2556 ad
694 2499 882 2575 ipsius
927 2500 1095 2575 quasi
1140 2500 1350 2574 poetae
1381 2516 1650 2556 normam
1682 2497 1880 2572 pacari
1912 2495 2118 2572 possit.
2194 2493 2491 2552 Videntur
2521 2493 2665 2551 mihi

339 2587 536 2642 autem
584 2584 707 2658 illi,
755 2586 842 2642 uti
889 2585 1005 2643 iam
1050 2603 1232 2659 supra
1276 2584 1561 2657 indicavi,
1611 2583 1860 2661 maxime
1906 2600 1975 2640 eo
2007 2598 2264 2653 errasse,
2311 2579 2466 2654 quod
2513 2581 2665 2637 stro-

336 2668 573 2742 phicam
618 2669 1068 2743 dispositionem
1126 2670 1434 2729 restituere
1490 2667 1760 2744 adgressi
1805 2669 1949 2725 sunt
2003 2668 2107 2723 aut
2162 2664 2327 2723 nulla
2381 2665 2485 2721 aut
2538 2681 2664 2738 per-

335 2753 548 2828 exigua
616 2773 747 2811 curn
807 2754 1177 2830 singulorum
1243 2754 1556 2813 verborum
1623 2751 2144 2825 membrorumque
2212 2753 2338 2808 tum
2403 2747 2664 2806 universi

334 2839 764 2896 sententiarum
817 2840 1042 2898 tenoris
1096 2839 1300 2898 habita
1357 2839 1608 2897 ratione.
1684 2837 1829 2895 Inde
1873 2837 2094 2894 factum
2141 2837 2258 2909 est,
2304 2835 2374 2891 ut
2416 2850 2666 2892 numero

332 2924 567 2981 tantum
616 2941 892 2980 versuum
939 2924 1243 2998 strophico
1289 2924 1533 2997 intenti,
1580 2921 1686 2979 ubi
1730 2923 1781 2980 is
1825 2921 2100 2979 turbatus
2144 2919 2463 2993 videretur,
2511 2917 2666 2975 haud

334 3024 471 3064 raro
514 3026 634 3065 non
679 3007 870 3065 solum
920 3009 1259 3067 sanissimus
1291 3009 1392 3067 sed
1425 3026 1671 3084 prorsus
1700 3004 2057 3065 necessarias
2087 3007 2290 3080 partes
2335 3004 2668 3062 reciderent

334 3094 572 3167 poetam
616 3093 733 3149 iam
778 3093 1118 3151 mutilatum
1166 3095 1354 3169 magis
1401 3094 1581 3151 etiam
1638 3111 1673 3149 a
1727 3111 1789 3150 se
1848 3089 2144 3149 decurtari
2202 3087 2352 3147 nihil
2407 3087 2667 3146 animad-

334 3178 658 3236 vertentes.
734 3176 957 3236 Verum
1004 3178 1159 3236 enim
1218 3197 1357 3237 vero
1404 3176 1753 3235 Theocritea
1811 3176 2098 3248 carmina,
2155 3173 2204 3232 si
2261 3191 2469 3232 versus
2526 3191 2666 3248 pau-

339 3261 606 3320 cissimos
653 3261 909 3336 excipias
954 3264 1017 3320 et
1044 3265 1205 3321 certo
1236 3263 1454 3321 iudicio
1501 3265 1562 3320 et
1606 3261 1874 3319 codicum
1907 3260 2267 3335 optimorum
2314 3257 2668 3317 auctoritate

333 3346 507 3404 facile
552 3345 919 3405 damnandos
965 3346 1060 3422 (ut
1104 3347 1159 3422 I,
1213 3349 1308 3405 13.
1360 3349 1498 3406 107.
1556 3345 1736 3419 VIII,
1784 3346 1884 3402 32.
1935 3341 2074 3419 77),
2132 3361 2253 3403 non
2310 3346 2432 3400 tam
2490 3344 2669 3400 inter-

335 3430 739 3506 polationibus
785 3450 959 3507 quam
1016 3433 1244 3490 lacunis
1290 3432 1527 3491 foedata
1571 3432 1739 3504 sunt,
1795 3448 2045 3503 quarum
2091 3427 2379 3486 minorem
2426 3426 2664 3501 quidem

336 3518 563 3590 partem
611 3516 726 3574 iam
773 3516 1134 3592 interpretes
1181 3517 1555 3590 detexerunt,
1602 3514 1888 3573 maiorem
1922 3532 2060 3572 vero
2090 3512 2264 3571 nobis
2309 3512 2670 3586 investigan-
2693 3516 2724 3562 8

337 3600 474 3658 dam
518 3600 949 3675 relinquerunt.
1030 3602 1190 3672 Quae
1234 3620 1329 3660 res
1375 3620 1495 3660 non
1539 3599 1718 3658 nimis
1763 3599 1856 3658 est
1898 3598 2188 3672 difficilis,
2236 3598 2517 3673 quoniam
2564 3595 2667 3652 du·

335 3684 477 3760 plici
520 3685 696 3745 nobis
741 3686 829 3743 uti
875 3686 1016 3744 licet
1070 3689 1132 3745 et
1174 3686 1500 3745 deficientis
1545 3684 1921 3759 stropharum
1953 3682 2357 3758 responsionis
2402 3683 2464 3739 et
2505 3680 2667 3738 labo-

334 3769 525 3827 rantis
593 3771 1019 3829 sententiarum
1085 3771 1496 3830 cohaerentiae
1572 3771 1943 3844 argumente.
2039 3768 2198 3838 Quae
2267 3765 2382 3824 duo
2449 3765 2668 3823 indicia

336 3854 674 3929 ubicunque
733 3856 1140 3929 consentiunt,
1200 3874 1319 3914 non
1378 3855 1568 3914 solum
1627 3854 1828 3913 deesse
1885 3851 2108 3927 aliquid
2166 3853 2367 3926 aperte
2427 3850 2667 3908 demon-

336 3939 545 4014 strari,
612 3939 713 3999 sed
770 3940 949 3998 etiam
1003 3940 1174 4015 quale
1234 3939 1358 3998 fere
1427 3939 1569 3998 olim
1641 3937 1899 3996 adfuerit
1957 3935 2351 4012 probabiliter
2405 3934 2665 4009 suppleri

339 4025 560 4098 potest.
634 4024 764 4083 Hoc
810 4025 1020 4100 igitur,
1068 4027 1137 4083 ut
1180 4026 1243 4083 in
1290 4025 1513 4095 Quinto
1559 4024 1918 4082 Manethone
1962 4022 2208 4094 Nonn0,
2256 4020 2341 4078 ita
2384 4020 2561 4076 etiam
2608 4020 2666 4075 in

341 4108 659 4167 Theocrito
704 4109 815 4167 feci
861 4109 1019 4169 haud
1065 4111 1323 4183 veritus,
1369 4128 1444 4167 ne
1488 4107 1622 4183 quis
1652 4127 1781 4166 eam
1828 4106 1970 4165 mihi
2018 4106 2273 4180 imputet
2314 4103 2669 4162 temeritatis

337 4192 786 4268 confidentiam,
845 4196 914 4252 ut
958 4195 1086 4270 ipsa
1128 4197 1336 4270 poetae
1392 4192 1576 4253 verba
1620 4212 1655 4249 a
1698 4211 1792 4251 me
1837 4191 2082 4250 inventa
2124 4208 2251 4248 esse
2310 4188 2455 4246 mihi
2512 4187 2669 4246 aliis-

342 4294 456 4350 que
501 4279 855 4353 persuadere
898 4278 1099 4338 velim.
1175 4280 1384 4338 Potius
1429 4297 1498 4336 ea
1542 4296 1774 4352 semper
1818 4276 2031 4333 ductus
2075 4293 2207 4334 sum
2252 4273 2313 4331 in
2358 4273 2518 4332 hisce
2563 4273 2670 4330 fin-

345 4360 554 4436 gendis
600 4364 1031 4439 supplementis
1076 4365 1356 4439 opinione
1404 4362 1651 4436 debere,
1699 4362 1747 4419 si
1795 4360 1929 4435 quis
1961 4359 2244 4418 omissum
2290 4377 2416 4417 esse
2446 4356 2670 4432 aliquid

338 4448 589 4522 statuat,
636 4466 773 4506 eum
817 4452 878 4507 et
932 4468 1194 4525 semper,
1252 4448 1425 4523 quale
1482 4445 1632 4505 illud
1688 4446 1973 4506 omissum
2032 4444 2242 4519 fuerit,
2300 4446 2362 4503 et
2412 4444 2671 4518 plerum-
