3132 5129
1346 347 1721 411 -4-

544 501 713 573 Quod
769 525 904 564 eum
961 504 1169 564 fecisse
1224 505 1413 563 videri
1457 523 1578 563 non
1626 511 1747 563 tam
1793 506 2150 581 repetitione
2195 505 2484 565 offensum
2530 525 2712 581 quam

374 592 601 649 motum
661 608 755 661 eo,
824 590 983 665 quod
1049 590 1206 650 hisce
1270 590 1542 649 versibus
1609 591 1825 665 reliqui
1882 590 2247 649 Graecorum
2304 591 2481 650 duces
2542 590 2713 650 stulti

376 668 635 754 (νήπιοι)
661 635 1083 747 iudicarentur,
1108 694 1298 750 neque
1322 677 1743 751 Agamemnon
1769 676 1946 748 solus,
1975 675 2317 735 observavit
2342 676 2712 750 Spitznerus.

543 759 854 818 Postremo
915 760 1288 819 Aristarchus
1344 780 1401 819 v.
1452 762 1623 818 76-
1644 762 1723 819 83
1780 757 1912 835 ἤτοι
1956 794 2037 802 —-
2083 751 2217 829 υἷας
2282 754 2546 836 Ἀχαιοῑν
2603 779 2711 835 pro

374 845 592 919 spuriis
646 845 883 917 habuit,
944 846 1108 904 cuius
1161 846 1421 904 rationes
1467 845 1688 903 diserte
1733 848 1976 920 exponit
2023 845 2221 904 Schol.
2243 844 2418 946 mVen.
2464 846 2553 903 A:
2613 842 2714 903 ὅτι

374 923 483 986 οὐκ
540 925 734 1006 ὀρθοῦ
788 927 1084 1005 εἰρηκότος
1138 936 1244 987 τοῦ
1297 923 1726 1006 Ἀγαμέμνονος
1781 929 1932 1007 λέγει
2001 927 2177 1006 ,,ἤτοι
2243 924 2333 1006 ’ὅγ’
2393 925 2475 999 ὥς
2524 925 2713 988 εἰπῶν

372 1007 505 1072 κατ’
538 1008 639 1090 ἄρ’
684 1010 969 1089 ἕζετο,““
935 1035 1081 1090 οπερ
1108 1008 1420 1072 ἀπίθανον
1448 1013 1684 1089 (eodem
1715 1020 2065 1090 argumento
2098 1017 2275 1073 etiam
2310 1015 2713 1074 Zenodoteam

374 1121 427 1159 v.
459 1102 540 1158 55
572 1101 928 1174 scripturam
961 1101 1274 1158 reiecerat:
1321 1093 1630 1156 ἀπίθανον
1660 1093 1784 1155 δὲ’
1758 1118 1825 1156 εν
1868 1091 2014 1157 §mdc
2056 1095 2250 1176 ὀρθὸν
2294 1096 2710 1204 δημηγορεῖν),

371 1181 474 1241 καὶ
515 1204 605 1241 οτι
651 1178 831 1241 οὐδὲν
874 1172 1157 1259 περισσὸν
1200 1180 1351 1261 λέγει
1394 1178 1426 1241 ὅ
1472 1179 1754 1259 Νέστωρ,
1809 1172 1956 1242 ἀλλὰ
2000 1182 2101 1241 καὶ
2145 1180 2368 1259 εὔηθες
2414 1180 2479 1241 τὸ
2522 1184 2712 1242 εἰπεῖν

373 1268 473 1343 „el
511 1264 620 1344 μέν
665 1289 754 1338 τις
799 1264 952 1327 τὸν’
931 1268 1167 1344 όνειρον
1202 1262 1459 1344 Ἀχαιῶν
1485 1263 1661 1339 ἄλλος
1694 1266 1911 1345 ἔνισπε,
1963 1266 1972 1347 Ι
2024 1263 2252 1342 ψεῦδός
2283 1289 2389 1326 κεν
2418 1273 2660 1345 φαῖμεν.
2666 1270 2710 1302 “

373 1348 444 1411 οὐ
510 1375 622 1431 γαρ
688 1350 836 1411 κατὰ
904 1350 1204 1430 διαφορὰν
1259 1353 1321 1411 οἱ
1369 1350 1771 1451 δυνατώτεροι
1822 1348 2073 1429 ἀληθεῖς
2136 1347 2408 1426 ὀνείρους
2471 1348 2708 1430 ὁρῶσιν.

372 1435 707 1515 αιρομένων
772 1436 838 1496 δὲ
903 1433 1107 1496 αὐτῶν
1170 1432 1372 1516 ὀρθῶς
1429 1434 1525 1496 ἐπι
1591 1444 1695 1495 τοῦ
1756 1429 2190 1515 Ἀγαμέμνονος
2247 1435 2712 1535 ἐπενεχθήσεται

374 1521 706 1597 ,,πείθοντο
749 1517 815 1580 δὲ
867 1520 1105 1600 ποιμένι
1160 1525 1339 1582 λαῶν.
1347 1523 1388 1556 “
1444 1520 1555 1597 ’μὴ
1613 1518 1904 1600 παρόντος
1958 1519 2068 1600 γὰρ
2124 1530 2230 1580 τοῦ
2277 1513 2712 1600 Ἀγαμέμνονος

376 1605 479 1664 τὸν
522 1607 793 1684 Νέστορα
837 1606 988 1685 λέγει
1029 1604 1276 1683 ποιμένα
1322 1611 1503 1667 λαῶν.
1595 1604 1822 1666 ἄτοπον
1875 1605 1988 1684 γὰρ
2043 1606 2231 1686 τούτῳ
2276 1603 2531 1665 ἕπεσθαι
2577 1603 2715 1679 τούς

373 1688 610 1762 ἄλλους.
701 1693 790 1750 Ex
856 1694 948 1752 his
1013 1697 1297 1768 quattuor
1354 1694 1724 1769 argumentis
1780 1695 2027 1751 tertium
2089 1697 2352 1765 tantum,
2424 1694 2586 1768 quod
2642 1695 2714 1753 de

374 1778 594 1836 maiore
650 1777 1118 1853 Agamemnonis
1173 1777 1289 1836 fide
1345 1779 1498 1854 agit,
1556 1778 1981 1853 Naegelsbach.
2029 1798 2087 1853 p.
2141 1780 2279 1850 141,
2351 1777 2578 1851 ψεῦδος
2638 1779 2713 1836 de

373 1861 553 1933 Iovis,
602 1881 723 1920 non
768 1862 842 1920 de
885 1864 1352 1939 Agamemnonis
1396 1863 1703 1921 mendacio
1750 1863 2213 1937 interpretatuS,
2259 1864 2346 1920 ita
2389 1864 2599 1935 elevat,
2637 1867 2718 1925 ut

378 1946 554 2019 dicat,
603 1949 1132 2022 Agamemnonem,
1181 1951 1389 2023 utpote
1429 1967 1605 2023 quem
1637 1948 1959 2006 secundum
1989 1947 2049 2006 A
2084 1949 2201 2005 175
2234 1947 2508 2023 Iuppiter
2538 1949 2713 2018 colat,

376 2030 450 2088 ab
497 2049 567 2089 eo
614 2031 740 2090 Deo
786 2033 953 2090 vanis
997 2033 1305 2107 promissis
1352 2032 1479 2089 salli
1523 2052 1647 2091 non
1691 2051 1862 2107 posse
1906 2034 2127 2107 videri3
2174 2051 2282 2091 nec
2328 2032 2401 2090 de
2447 2035 2717 2107 potentia

375 2135 484 2191 per
539 2135 632 2189 se,
689 2117 848 2191 quod
895 2118 1196 2192 vituperet
1239 2117 1588 2190 scholiasta,
1652 2117 1757 2176 sed
1802 2117 1873 2176 de
1917 2118 2165 2189 ratione,
2214 2136 2362 2191 quae
2406 2117 2568 2175 inter
2609 2135 2712 2192 po-

375 2204 604 2259 tentem
649 2201 806 2259 hunc
849 2221 1050 2277 regem
1097 2204 1160 2260 et
1204 2201 1408 2261 Iovem
1455 2202 1813 2273 intercedat,
1870 2201 1966 2261 hic
2022 2221 2352 2261 sermonem
2397 2220 2545 2260 esse.
2632 2204 2716 2260 Et

377 2287 582 2344 eadem
627 2286 748 2344 fere
793 2290 885 2345 est
929 2286 1321 2345 Baeumleinii
1367 2288 1666 2345 sententia
1707 2288 1949 2361 insuper
1992 2307 2048 2345 v.
2086 2291 2199 2346 101
2237 2306 2364 2362 sqq.
2416 2289 2556 2345 197.
2590 2289 2712 2346 205

375 2374 437 2429 et
467 2372 614 2429 adeo
648 2368 699 2427 Θ
732 2372 871 2433 245.
902 2374 965 2428 Λ
1007 2371 1122 2429 186
1153 2371 1467 2429 laudantis.
1546 2371 1717 2430 Alios
1748 2371 1927 2429 etiam
1957 2372 2118 2430 locos
2162 2372 2402 2429 laudare
2448 2376 2715 2447 poterat3

376 2457 477 2514 sed
522 2457 665 2531 quid
712 2456 772 2514 hi
803 2475 1009 2516 omnes
1038 2456 1113 2514 ad
1144 2459 1348 2515 nostra
1394 2450 1460 2524 ὃς
1504 2449 1637 2533 μέγ’
1685 2452 1924 2531 α’ριστος
1964 2450 2219 2531 Ἀχαιων
2263 2452 2494 2531 εὔχεται
2539 2415 2715 2527 εἶναι,

376 2541 595 2616 quibus
642 2541 715 2600 de
758 2541 864 2600 illa
915 2540 1073 2601 Iovis
1119 2559 1260 2618 erga
1299 2543 1812 2617 Agamemnonem
1857 2541 2274 2600 benevolentia
2317 2541 2558 2613 siletur,
2609 2542 2714 2600 sed

375 2627 577 2702 potius
607 2627 678 2684 de
708 2626 1178 2703 Agamemnonis
1208 2626 1431 2685 virtute
1459 2626 1856 2700 praedicatur,
1887 2627 2045 2702 quod
2078 2624 2337 2685 melius
2324 2646 2383 2684 m
2418 2626 2714 2685 Achillem

373 2710 737 2786 quadraret?

545 2796 862 2854 Praeterea
904 2799 966 2853 et
1008 2796 1428 2854 Lachmannus
1472 2800 1533 2854 et
1578 2814 1688 2871 ego
1748 2796 2194 2856 observavimus
2240 2796 2418 2855 duces
2471 2797 2534 2853 in
2579 2815 2713 2855 con-

382 2881 542 2939 tione
599 2899 843 2954 prorsus
899 2880 1047 2939 nihil
1090 2899 1293 2956 agere,
1340 2881 1509 2955 quasi
1555 2881 1837 2939 callidum
1882 2882 2352 2957 Agamemnonis
2397 2882 2711 2940 consilium

373 2984 615 3040 prorsus
660 2965 1053 3042 ignorassent.
1146 2964 1369 3024 Contra
1411 2967 1645 3024 monuit
1688 2965 2113 3042 Naegelsbach.
2147 2985 2204 3040 p.
2239 2967 2380 3038 292,
2430 2966 2498 3024 id
2542 2966 2710 3041 qui-

372 3050 529 3108 dem
572 3069 700 3124 per
744 3068 818 3108 se
862 3051 1207 3125 quemvis
1253 3056 1521 3125 sponte
1566 3051 1917 3125 supplere
1961 3052 2258 3126 principes
2303 3051 2465 3125 ipsos
2510 3051 2712 3109 subito

371 3134 640 3210 fugiendi
695 3135 923 3209 impetu
976 3139 1309 3194 ceterorum
1366 3136 1538 3210 quasi
1595 3136 1882 3194 attonitos
1938 3155 2082 3195 esse.
2184 3135 2299 3193 Hic
2355 3137 2574 3211 igitur,
2646 3140 2715 3193 ut

372 3220 536 3291 alibi,
584 3220 859 3277 iubemur
903 3239 970 3278 ea
1013 3221 1132 3295 ipsi
1177 3221 1494 3296 cogitando
1540 3221 1773 3292 addere,
1819 3240 1970 3295 quae
2014 3220 2111 3279 vel
2156 3219 2409 3277 maxime
2441 3224 2502 3279 et
2530 3219 2709 3278 velle-

372 3324 504 3364 mus
552 3307 615 3362 et
659 3304 1001 3363 deberemus
1048 3306 1250 3363 audire
1296 3307 1561 3380 exposita
1606 3325 1641 3362 a
1684 3309 1863 3380 poeta
1908 3307 2092 3380 epic0‚
2154 3325 2188 3362 a
2232 3306 2396 3363 cuius
2443 3305 2711 3380 simplice

314 3399 342 3445 7
375 3393 503 3447 arte
548 3392 611 3447 et
654 3393 925 3449 accurate
967 3390 1249 3448 narrandi
1280 3409 1443 3448 more
1472 3390 1624 3448 nihil
1654 3392 1845 3465 magis
1878 3390 2172 3460 abhorret,
2220 3408 2398 3464 quam
2429 3394 2514 3462 ut,
2561 3410 2712 3464 quae

375 3475 588 3533 summi
636 3478 777 3532 sunt
820 3475 1132 3546 momenti,
1189 3493 1433 3549 prorsus
1491 3476 1731 3533 silentio
1791 3476 2283 3533 transmittantur
2342 3475 2710 3533 audientium

371 3559 731 3635 cogitatione
778 3559 1062 3618 addenda.
1141 3559 1369 3618 Summi
1402 3562 1602 3618 autem
1648 3561 1935 3617 momenti
1982 3560 2163 3618 fuisse
2208 3563 2434 3617 tantam
2469 3563 2711 3634 tamque

371 3645 616 3703 fatalem
662 3644 997 3719 principum
1042 3645 1226 3702 animi
1257 3644 1768 3720 perturbationem
1799 3645 1898 3703 vix
1928 3663 2077 3719 opus
2109 3648 2202 3703 est
2233 3644 2712 3703 demonstretur:

371 3733 508 3805 post
565 3748 769 3792 eorum
827 3728 1139 3788 consilium
1194 3729 1344 3788 nihil
1401 3729 1548 3805 fingi
1606 3732 1810 3804 potest
1860 3730 2048 3799 magis
2098 3730 2356 3787 alienum
2417 3729 2492 3787 ab
2546 3731 2708 3789 omni

370 3816 552 3890 poesi,
598 3834 749 3889 quae
795 3833 939 3873 sana
981 3816 1211 3873 ratione
1256 3815 1476 3884 utitur,
1520 3834 1698 3888 quam
1742 3818 1812 3872 ut
1862 3816 1986 3873 eius
2033 3814 2263 3873 consilii
2324 3818 2502 3888 atque
2544 3815 2706 3889 prin-

374 3901 573 3973 cipum
619 3918 752 3958 cum
795 3900 1246 3976 Agamemnone
1299 3917 1620 3959 consensus
1672 3900 1837 3957 nulla
1880 3900 2134 3974 amplius
2175 3900 2399 3957 mentio
2443 3899 2705 3957 inicitur.

371 3985 605 4042 Deinde
649 3985 809 4059 quod
840 3985 1307 4060 Agamemnonis
1350 3988 1412 4042 et
1442 3984 1714 4043 Nestoris
1755 3985 2052 4044 orationes
2094 3988 2162 4042 ut
2187 4003 2368 4043 vanas
2399 3985 2705 4058 vitupera-

371 4071 584 4141 vimus,
630 4069 691 4126 id
723 4069 795 4128 de
823 4071 1148 4145 posteriore
1178 4072 1413 4127 tantum
1445 4070 1718 4128 concedit
1744 4069 2265 4145 Naegelsbachius,
2312 4069 2475 4127 cuius
2524 4070 2707 4128 verba

371 4155 529 4212 infra
571 4156 840 4228 apposui.
903 4155 1210 4213 Postremo
1257 4154 1415 4229 quod
1448 4172 1559 4230 ego
1605 4155 1809 4213 notavi
1856 4154 2300 4212 deliberationis
2331 4154 2481 4211 nihil
2512 4154 2706 4213 inesse

369 4240 431 4297 in
475 4239 584 4296 hac
629 4237 836 4318 βουλῇ,
880 4238 941 4296 id
984 4235 1143 4298 idem
1187 4259 1257 4299 eo
1301 4239 1588 4311 defendit,
1632 4239 1790 4315 quod
1836 4258 2040 4298 omnes
2082 4239 2473 4299 consentiant.
2551 4239 2701 4296 Tum

370 4342 509 4382 vero
555 4323 707 4382 male
753 4325 892 4382 fecit
934 4331 1129 4399 poeta,
1176 4325 1333 4399 quod
1389 4324 1875 4384 deliberationem
1932 4325 2152 4383 diserte
2198 4324 2394 4383 verbis
2439 4321 2705 4402 πυκινὴν

368 4403 649 4488 ἠρτύνετο
691 4405 918 4486 βουλήν
962 4410 1352 4468 denuntiavit.
