3132 5129
1314 388 1727 451 -57-

528 546 742 621 Itaque
789 547 1178 605 assentientes
1224 565 1318 603 me
1362 544 1709 604 habiturum
1755 565 1926 621 spero
1960 565 2163 605 omnes
2195 545 2480 604 Nitzschii
2521 545 2693 604 bene-

363 632 490 692 ficio
549 632 775 690 sactum
828 650 984 702 esse,
1041 633 1109 690 ut
1161 630 1401 691 tandem
1455 630 1781 706 aliquando
1839 631 2004 689 illam
2062 631 2134 690 de
2202 630 2433 706 poetica
2488 630 2694 689 Iliadis

365 718 596 775 unitate
628 716 1112 791 superstitionem
1143 719 1444 790 tamquam
1475 716 1697 774 victam
1729 734 2006 790 spernere
2051 716 2367 791 possimus,
2413 734 2547 774 cum
2579 717 2696 773 iam

362 821 428 862 eo
486 802 637 859 duce
696 801 893 876 quivis
950 799 1228 860 indefessi
1274 799 1493 858 laboris
1537 801 1717 875 atque
1760 801 2091 875 incorrupti
2138 800 2340 858 iudicii
2385 799 2572 859 lector
2625 833 2692 841 -—

364 887 485 946 sive
530 886 825 945 Graecum
870 884 1195 944 Homerum
1253 885 1416 960 legat
1470 885 1601 945 sive
1659 886 2044 945 vernaculum
2089 917 2171 927 —
2217 885 2461 960 proprio
2507 884 2698 942 Marte

362 976 424 1029 et
491 971 780 1047 indagare
844 974 907 1029 et
971 969 1378 1029 demonstrare
1435 969 1654 1045 possit,
1724 988 1898 1044 quam
1965 988 2073 1029 nec
2139 969 2287 1029 insit
2338 986 2449 1028 nec
2505 968 2700 1028 subsit

362 1055 817 1115 Nitzschianum
848 1054 996 1113 illud
1029 1058 1432 1114 commentum
1455 1056 1517 1114 in
1549 1054 1913 1114 carminibus
1942 1053 2289 1114 Homericis.
2340 1053 2496 1113 Hinc
2521 1054 2700 1112 etiam

364 1158 871 1217 supervacaneum
918 1139 1111 1198 adbuc
1155 1139 1362 1215 putavi
1408 1139 1612 1199 libello
1668 1140 1950 1215 peculiari
1997 1139 2071 1197 ad
2117 1138 2283 1197 illam
2326 1137 2697 1198 Nitzschiani

362 1226 499 1285 libri
554 1228 789 1299 partem
848 1225 934 1283 ita
987 1225 1375 1300 respondere,
1433 1227 1501 1282 ut
1555 1224 1809 1300 singulis
1867 1225 1994 1283 eius
2038 1225 2273 1299 paginis
2320 1224 2700 1298 pertractatis

360 1315 653 1387 quantum
700 1310 990 1369 Nitzschii
1046 1308 1151 1367 illa
1204 1309 1434 1369 theoria
1489 1308 1675 1368 distet
1728 1309 1803 1367 ab
1861 1309 2307 1368 Homericorum
2373 1308 2701 1367 carminum

362 1396 564 1454 indole
621 1395 970 1470 singulatim
1027 1393 1524 1465 demonstrarem,
1597 1414 1953 1470 quamquam
2007 1394 2200 1451 facere
2257 1393 2318 1451 id
2373 1392 2697 1468 potuissem

364 1480 569 1539 statim
629 1482 772 1554 post
822 1479 1042 1538 librum
1087 1478 1342 1536 Nitzchii
1401 1478 1656 1549 editum,
1716 1497 1890 1553 quem
1947 1498 2018 1537 ea
2064 1497 2241 1554 quam
2283 1476 2692 1536 commendavi
2730 1484 2790 1530 12

364 1566 600 1624 ratione
646 1565 783 1639 plus
828 1564 1010 1622 semel
1054 1564 1366 1638 percensui
1409 1563 1665 1638 singulis
1699 1562 2031 1638 quibusque
2064 1563 2210 1621 locis
2242 1581 2377 1621 suas
2407 1562 2701 1621 adnotans

364 1650 782 1710 refutationes,
876 1647 992 1707 Sed
1036 1680 1117 1688 ——
1163 1667 1369 1707 verum
1417 1648 1595 1705 fateri
1640 1648 1783 1706 licet
1825 1679 1902 1689 —
1950 1647 2006 1705 ei
2049 1647 2229 1720 mori,
2274 1666 2391 1722 quo
2439 1646 2701 1722 quidam,

367 1752 757 1810 quoscunque
799 1732 987 1792 libros
1031 1739 1135 1790 aut
1178 1733 1678 1807 perlustraverint
1719 1735 1824 1790 aut
1868 1733 2253 1807 inspexerint,
2300 1732 2373 1790 de
2418 1731 2489 1789 iis
2534 1750 2702 1801 „sen-

365 1820 616 1878 tentiam
675 1837 843 1877 suam
900 1818 1210 1892 propalam
1255 1817 1488 1875 dicere“
1529 1817 1829 1892 pruriunt,
1875 1821 1946 1876 ut
1990 1817 2265 1876 addictus
2310 1817 2421 1876 sim
2470 1819 2705 1874 tantum

365 1904 535 1963 abest
589 1906 660 1961 ut
715 1921 822 1977 per
875 1902 1115 1978 longam
1173 1920 1464 1960 annorum
1522 1902 1733 1960 seriem
1792 1922 1866 1960 ne
1929 1921 2115 1961 unum
2180 1902 2418 1977 quidem
2483 1901 2578 1959 vel
2636 1920 2705 1958 ex

365 1990 540 2048 libris
608 1987 1054 2047 accuratissime
1115 1987 1398 2046 lectitatis
1459 2005 1762 2047 recensere
1825 1987 2232 2046 sustinuerim.
2323 1985 2513 2056 Quam
2578 1984 2705 2044 sive

367 2074 722 2133 modestiam
768 2072 892 2131 sive
934 2073 1215 2130 inertiam
1256 2071 1320 2131 in
1349 2071 1653 2132 Nitzschio
1684 2072 2059 2147 potissimum
2089 2071 2405 2130 refutando
2437 2070 2705 2130 deserere

365 2178 435 2218 eo
490 2158 690 2216 minus
746 2158 976 2215 animus
1032 2160 1187 2229 erat,
1247 2175 1365 2232 quo
1425 2157 1600 2232 plura
1654 2156 1717 2215 in
1772 2157 2287 2231 praestantissimo
2330 2156 2485 2214 libro
2533 2188 2604 2197 —
2655 2155 2707 2213 si

372 2242 611 2319 quidem
670 2248 906 2318 πρῶτον
957 2240 1190 2313 ψεῦδος
1258 2241 1405 2299 illud
1460 2260 1766 2301 removeas
1819 2274 1900 2282 —
1956 2243 2128 2300 acute
2198 2241 2503 2317 ingeniose
2568 2258 2705 2299 vere

373 2328 680 2403 disputata
733 2329 902 2397 sunt,
960 2346 1111 2401 quae
1167 2326 1313 2384 mihi
1365 2345 1600 2401 quoque
1657 2329 1726 2383 ut
1787 2326 1921 2385 aliis
1977 2326 2215 2402 egregie
2259 2325 2579 2402 profuisse,
2637 2330 2706 2381 ut

372 2414 627 2488 gratiam
687 2411 934 2471 habeam
978 2412 1107 2471 viro
1165 2411 1509 2469 acutissimo
1563 2414 1628 2470 et
1670 2411 2077 2486 plenissimam
2125 2414 2186 2468 et
2228 2409 2706 2480 sincerissimam,

373 2499 480 2556 hac
523 2499 654 2573 ipsa
698 2497 839 2555 data
880 2497 1184 2555 occasione
1229 2495 1621 2554 libentissime
1665 2495 1969 2572 profiteor.
2046 2495 2163 2554 Sed
2193 2495 2249 2554 ei
2278 2495 2505 2571 gratiae
2550 2492 2707 2551 haud

378 2584 600 2658 optime
630 2582 1063 2641 consuluissem
1106 2580 1396 2640 eiusmodi
1442 2582 1757 2640 scribenda
1799 2582 2160 2653 recensione,
2203 2599 2322 2656 qua
2363 2579 2493 2638 fieri
2537 2579 2711 2637 facile

376 2668 577 2744 potuit
621 2670 692 2724 ut
737 2667 1002 2742 iniquius
1046 2666 1120 2724 de
1165 2669 1292 2724 toto
1337 2685 1511 2742 opere
1554 2668 1838 2726 statuisse
1871 2667 2133 2761 viderer,
2162 2667 2212 2725 si
2244 2665 2375 2741 ipso
2405 2664 2709 2723 refutandi

379 2753 614 2811 fervore
672 2751 984 2827 abreptus,
1056 2753 1125 2810 ut
1177 2752 1300 2810 fere
1356 2751 1572 2810 accidit
1621 2785 1691 2792 »-
1742 2738 1926 2821 αὐτὸς
1991 2747 2104 2829 γὰρ
2160 2745 2464 2825 ἐφέλκεται
2517 2740 2709 2825 αυόρα

379 2834 620 2913 σίδηρος
656 2869 754 2909 -,
799 2837 1017 2911 spissas
1048 2835 1526 2910 phantasmatum
1575 2838 1753 2911 atque
1798 2836 2228 2912 sophismatum
2271 2835 2521 2895 nebulas
2568 2853 2710 2909 qua-

382 2924 473 2981 vis
517 2922 639 2980 fere
685 2922 878 2996 partis
919 2920 1081 2979 illius
1121 2921 1344 2997 pagina
1375 2919 1582 2979 obvias
1613 2920 1789 2996 paulo
1821 2921 2010 2980 acrius
2041 2920 2287 2980 disicere
2316 2919 2708 2996 gestivissem.

380 3008 458 3065 Et
521 3025 679 3065 nunc
742 3024 975 3081 quoque
1030 3006 1388 3065 sententiam
1445 3025 1637 3063 meam
1693 3005 1765 3063 de
1822 3007 2050 3083 insigni
2105 3004 2393 3065 Nitzschii
2450 3004 2712 3063 facinore

380 3096 585 3168 aperte
628 3090 1018 3167 pronuntiare
1063 3089 1548 3165 supersedissem,
1596 3091 1712 3150 nisi
1757 3091 1819 3149 in
1864 3092 1993 3165 ipso
2038 3090 2460 3165 disputationis
2492 3087 2564 3146 de
2593 3089 2710 3146 sin-

382 3177 540 3252 gulis
573 3175 778 3235 Iliadis
822 3173 1185 3234 carminibus
1231 3174 1402 3233 initio
1447 3175 1726 3234 ultimum
1771 3175 2166 3234 unitariorum
2210 3174 2495 3249 principis
2539 3191 2711 3231 cona-

380 3266 504 3320 tum
573 3261 813 3320 silentio
876 3260 1199 3335 praeterire
1261 3260 1425 3318 nefas
1487 3262 1808 3334 putassem.
1898 3258 1969 3334 In
2031 3261 2104 3319 iis
2163 3277 2332 3331 vero,
2389 3277 2540 3333 quae
2596 3258 2712 3315 iam

385 3347 720 3419 scripturus
778 3364 940 3416 sum,
995 3344 1111 3403 nisi
1159 3343 1263 3403 ubi
1306 3363 1548 3419 prorsus
1594 3345 1990 3410 necessarium
2035 3345 2236 3415 fuerit,
2282 3343 2358 3402 ab
2403 3343 2564 3402 omni
2609 3345 2714 3399 aut

383 3430 669 3489 Nitzscbii
716 3434 821 3489 aut
856 3432 1188 3487 ceterorum
1235 3429 1498 3488 eiusdem
1541 3432 1735 3489 sectae
1780 3429 2336 3489 commemoratione
2379 3426 2712 3499 abstinebO,

384 3534 513 3573 cum
562 3516 739 3590 plane
786 3513 903 3572 alia
946 3514 1027 3572 sit
1069 3513 1274 3572 harum
1321 3514 1808 3573 dissertationum
1840 3514 2012 3587 rati0,
2060 3515 2132 3573 de
2176 3534 2295 3589 qua
2336 3513 2455 3570 iam
2497 3512 2709 3586 accipe.

552 3599 812 3671 Etenim,
846 3603 916 3658 ut
944 3599 1059 3656 iam
1091 3598 1166 3656 ad
1196 3618 1354 3658 meas
1385 3600 1664 3658 accedam
1695 3600 1974 3673 rationes,
2015 3598 2173 3674 quod
2203 3599 2267 3657 in
2296 3598 2482 3656 altera
2509 3596 2614 3654 illa
2644 3595 2715 3655 de

381 3684 651 3761 catalogo
684 3683 1006 3743 Homerico
1042 3683 1461 3743 dissertatione
1504 3705 1562 3760 p.
1596 3686 1633 3742 5
1681 3677 1882 3764 [supra
1907 3703 1963 3757 p.
1994 3679 2102 3762 23]
2143 3684 2286 3742 olim
2330 3680 2576 3757 promisi
2624 3699 2716 3738 me

384 3769 699 3828 vernaculo
733 3788 1007 3828 sermone
1039 3769 1407 3844 singulorum
1434 3770 1761 3828 carminum
1789 3768 2145 3844 peculiarem
2170 3767 2423 3825 indolem
2457 3765 2715 3842 singula-

384 3872 628 3929 remque
668 3857 856 3913 artem
885 3853 1320 3929 explicaturum
1349 3873 1496 3926 esse,
1543 3854 1605 3912 id
1634 3855 1755 3912 iam
1791 3854 1985 3913 facere
2014 3854 2124 3913 hoc
2156 3853 2287 3927 ipso
2319 3854 2587 3929 tempore
2617 3849 2714 3908 ad·

384 3959 623 4014 gressus
682 3958 831 3999 sum.
922 3937 1227 3998 Constitui
1291 3941 1491 3997 autem
1557 3957 1792 3997 omnem
1857 3938 2193 3998 litterarum
2248 3935 2405 4011 apud
2460 3934 2718 3994 Graecos

388 4023 699 4084 historiam
744 4043 935 4100 usque
977 4023 1053 4081 ad
1096 4022 1238 4081 belli
1270 4022 1754 4099 Peloponnesiaci
1785 4023 1961 4083 finem
1993 4024 2262 4082 accurate
2293 4020 2720 4096 perspicueque

390 4128 665 4168 enarrare
708 4126 827 4174 non
872 4108 1066 4167 solum
1111 4107 1480 4166 eruditorum
1527 4109 1790 4168 virorum
1835 4109 1900 4167 in
1946 4127 2135 4180 usum,
2179 4123 2431 4183 quorum
2475 4105 2719 4163 rationi-

391 4194 522 4266 bus,
553 4194 707 4252 alios
737 4197 806 4251 ut
833 4196 1075 4263 taceam,
1108 4211 1261 4251 unus
1292 4192 1518 4268 optime
1548 4193 1841 4253 satisfecit
1868 4192 2403 4267 Bernhardyus
2448 4183 2721 4267 γαιήοχος

390 4297 579 4354 nuper
622 4278 698 4336 ab
746 4277 1010 4337 Ameisio
1052 4296 1184 4336 meo
1228 4277 1536 4352 aptissime
1583 4280 1808 4350 dictus,
1868 4278 1969 4338 sed
2023 4279 2110 4336 ita
2162 4277 2370 4348 etiam,
2431 4278 2502 4333 ut
2543 4275 2720 4335 simul

387 4362 656 4422 cultioris
686 4362 1185 4439 elegantiorisque
1214 4364 1437 4439 ingenii
1470 4363 1812 4423 hominibus
1842 4366 2083 4422 aeterna
2111 4361 2218 4420 illa
2237 4379 2491 4437 vereque
2523 4360 2723 4420 divina

394 4447 689 4522 perfectae
755 4447 1141 4507 humanitatis
1207 4451 1596 4508 monumenta
1659 4448 2063 4525 intellegenda
2127 4450 2323 4524 atque·
2372 4443 2722 4503 admiranda
