3132 5129
1376 373 1836 436 —126—

611 532 753 591 382.
797 530 1045 588 Initium
1088 551 1156 589 ex
1194 531 1251 586 Γ
1278 532 1394 590 125
1425 532 1840 607 similibusque
1882 532 2047 605 locis,
2094 532 2343 590 alteram
2390 551 2596 592 versus
2641 553 2780 608 par-

439 617 561 672 tem
608 635 676 672 ex
723 616 772 671 Z
803 617 901 673 67.
956 617 1008 670 Τ
1035 617 1111 674 78
1173 618 1430 691 sumpsit
1485 617 1711 675 insulse
1756 617 1961 676 Martis
2020 617 2277 675 famulos
2330 618 2548 676 iterum
2591 619 2776 676 inerti

440 701 704 758 contioni
771 701 1125 776 adsignans»,
1197 720 1372 776 quam
1432 701 1635 764 haberi
1700 702 1893 762 voluit
1959 703 2083 760 383
2155 700 2251 777 νηὶ
2309 696 2470 777 πάρα
2535 700 2785 781 πρύμνῃ

439 788 685 859 propter
729 785 784 840 Κ
817 787 914 847 35.
961 786 1025 841 Π
1056 788 1196 845 286.

611 886 734 945 384
766 889 826 944 et
858 888 978 944 417
1013 874 1152 956 στας
1198 883 1266 944 έν
1306 884 1612 963 μέσσοισιν
1654 909 1724 947 ex
1762 889 1815 943 T
1840 890 1916 946 77
1952 889 2224 963 sumpsit,
2263 889 2584 947 clausulam
2626 889 2777 946 adeo

441 990 572 1028 curn
628 966 789 1042 ἅπαξ
846 967 1132 1050 λεγομένῳ
1189 973 1262 1030 ad
1320 973 1717 1031 imitationem
1767 974 1804 1027 I
1845 974 1923 1030 52
1968 967 2439 1048 μετεφώνεεν
2496 969 2784 1030 ἱππότα

441 1051 687 1131 Νέστωρ
731 1057 978 1114 effinxit.

611 1142 732 1199 385
765 1169 848 1190 =
879 1143 1023 1201 327.

611 1227 730 1284 386
764 1247 853 1304 sq.
901 1260 983 1270 -—-
1029 1226 1217 1286 εἷπεῖν
1261 1229 1520 1287 confecit
1564 1249 1633 1286 ex
1682 1230 1759 1285 M
1788 1230 1908 1286 355
1942 1247 2028 1302 sq.
2088 1219 2367 1305 ἠνωγει
2413 1227 2651 1285 Πετεῶο
2698 1260 2784 1268 -

439 1306 568 1380 υίὸς
631 1307 640 1386 Ι
699 1306 852 1370 κεῖσ’
912 1310 1085 1387 ἴμεν
1140 1316 1318 1389 atque
1370 1314 1427 1369 K
1472 1315 1596 1371 563
1652 1309 1891 1390 ’“Έκτωρ
1947 1333 2003 1370 τε
2062 1307 2312 1414 προέηκε
2379 1309 2503 1370 καὶ
2566 1308 2785 1369 αλλοι

445 1398 688 1472 Τρῶες
733 1390 1012 1473 ἀγαυοί
1050 1399 1396 1459 coniunctis.
1488 1398 1641 1455 Tum
1687 1399 1743 1453 Δ
1780 1400 1851 1455 17
1900 1396 1952 1455 εἰ
1993 1388 2050 1453 δ’
2100 1418 2179 1454 αν
2231 1430 2303 1438 ——
2352 1402 2498 1454 πᾶσι
2556 1394 2785 1469 φίλον

439 1479 563 1538 καὶ
604 1473 748 1555 ἡδὺ
792 1477 1084 1562 γένοιτο
1127 1483 1419 1542 adhibuit.

611 1567 733 1624 388
766 1592 848 1613 =
880 1568 1024 1624 374.

609 1652 729 1709 389
762 1671 850 1726 sq.
894 1677 975 1698 =
1020 1653 1080 1707 X
1125 1654 1241 1710 115
1274 1673 1363 1728 sq.
1412 1646 1739 1732 (κτήμαθ’)
1796 1684 1874 1692 -
1934 1647 2109 1709 όσσα
2168 1643 2220 1707 τ’
2285 1642 2785 1726 Ἀλέξανδρος

438 1733 689 1815 κοίλῃς
732 1730 840 1793 ἐνὶ
886 1733 1156 1811 νηυσὶν
1192 1733 1201 1815 Ι
1240 1732 1553 1815 ἠγάγετο
1589 1730 1943 1840 Τροίηνδ’
1964 1736 2131 1813 -Ι-Ω,
2164 1737 2285 1794 764
2329 1755 2397 1805 ος
2440 1728 2506 1810 μ’
2551 1730 2785 1811 ἄγαγε

446 1794 826 1895 Τροίηνδ’
885 1814 979 1890 ὥς
1034 1819 1210 1897 πρὶν
1259 1819 1594 1896 ωφελλον
1651 1815 1990 1896 ὀλέσθαι,
2053 1821 2156 1879 ubi
2214 1821 2397 1878 etiam
2441 1820 2540 1877 alii
2584 1820 2781 1895 ipsius

439 1905 670 2047 Earidgs
697 1907 1177 2048 gxsecrationem
1234 1911 1440 1965 nostro
1492 1909 1623 1966 loco
1669 1911 1792 1965 tam
1839 1907 2041 1980 inepte
2087 1907 2380 1965 intrusam
2425 1905 2781 1962 habuerunt.

577 2009 612 2046 a
740 1993 818 2048 63

613 2076 734 2217 gg}
767 2114 850 2207 Ξ
882 2077 1097 2218 ῗέῒᾨὸ
1144 2156 1339 2241 (alibi,
1387 2165 1456 2220 ut
1499 2164 1559 2219 A
1594 2157 1748 2242 114)
1783 2161 1858 2233 -Ι-
1899 2166 1949 2215 Δ
1991 2162 2110 2219 100
2157 2155 2375 2234 (alibi).

612 2245 753 2302 393.
801 2245 955 2303 Huic
998 2246 1403 2320 componendo
1455 2241 1827 2308 adhibuit:
1857 2247 1979 2304 275
2034 2235 2073 2321 ἦ
2128 2239 2259 2320 μὲν
2313 2240 2446 2340 ἐμοὶ
2496 2238 2785 2299 δώσειν

443 2327 722 2405 Χαρίτων
763 2328 908 2405 μίαν
951 2332 1012 2388 et
1056 2350 1088 2387 ο
1138 2333 1211 2387 16
1257 2329 1605 2408 κασίγνητοί
1645 2352 1702 2388 τε
1747 2327 2093 2387 κέλονται
2137 2347 2257 2387 non
2301 2329 2481 2387 nimis
2529 2326 2787 2384 feliciter

444 2414 504 2471 in
551 2413 794 2488 copulae
838 2415 1034 2473 locum
1080 2416 1406 2475 substituto
1450 2417 1546 2493 ys!

378 2503 410 2549 9
613 2500 944 2558 394--397
980 2526 1060 2548 =
1092 2502 1448 2559 375—378.

611 2584 734 2641 398
776 2610 858 2631 =
905 2586 940 2639 I
983 2587 1060 2644 29
1107 2585 1257 2661 (693
1303 2582 1503 2661 alibi),
1563 2585 1721 2655 quod
1780 2585 2085 2643 silentium
2139 2603 2313 2658 quam
2370 2584 2570 2656 inepte
2627 2582 2685 2639 h.
2733 2582 2776 2642 l.

443 2666 798 2724 Graecorum
845 2670 1190 2742 proceribus
1235 2670 1607 2731 adscribatur
1651 2670 1889 2727 Troiani
1934 2669 2242 2743 praeconis
2288 2669 2556 2726 oratione
2608 2666 2779 2741 quasi

441 2752 730 2824 attonitiS,
780 2753 977 2826 quivis
1024 2756 1201 2813 videt.

614 2837 735 2893 399
768 2862 849 2884 =
883 2838 920 2892 Ι
960 2840 1034 2896 31
1087 2833 1295 2918 (694),
1355 2839 1510 2897 unde
1564 2840 1743 2897 etiam
1799 2839 2071 2897 Diomedi
2127 2836 2523 2913 respondendi
2585 2834 2777 2909 „satis

443 2938 551 2994 pro
597 2921 883 2994 imperio“
931 2928 1129 2997 partes
1172 2925 1377 2999 inepte
1420 2923 1687 2982 tradidit.

614 3006 738 3064 402
784 3000 1037 3082 ὀλέθρου
1081 3000 1308 3085 πείρατ’
1360 3004 1620 3084 ἐφῆπται
1666 3029 1739 3068 ex
1785 3010 1865 3064 M
1894 3010 1993 3067 79

612 3089 736 3148 403
769 3111 858 3166 sq.
890 3119 971 3140 =
1004 3097 1041 3150 I
1066 3096 1148 3152 50
1177 3114 1264 3169 sq.
1303 3089 1457 3198 (710
1485 3114 1577 3168 sq.
1614 3092 1805 3170 alibi).

611 3175 734 3233 405
780 3174 1050 3252 προσέφη
1094 3177 1309 3254 κρείων
1350 3173 1732 3254 Ἀγαμέμνων
1777 3197 1846 3236 ex
1893 3180 1952 3233 A
2001 3179 2121 3236 130
2167 3173 2386 3279 (alibi).

612 3259 733 3318 406
767 3280 853 3335 sq.
913 3262 1072 3320 Ante
1118 3264 1317 3321 oculos
1361 3263 1572 3320 habuit
1585 3263 1654 3357 β
1691 3265 1803 3320 111
1835 3282 1923 3338 sq.
1973 3258 2089 3319 σοὶ
2146 3254 2205 3317 δ’
2266 3249 2409 3317 ωδε
2451 3262 2783 3333 μνηστῆρες

441 3336 1012 3419 ὑποκρίνονται,
1076 3340 1178 3404 ι’ν’
1248 3344 1414 3428 εἴὸης
1467 3344 1475 3424 Ι
1522 3334 1709 3416 αυτὸς
1753 3380 1855 3419 -,
1912 3347 2078 3405 cuius
2137 3347 2252 3405 loci
2306 3364 2338 3403 e
2393 3342 2611 3402 vicinia
2659 3343 2780 3399 114

438 3421 763 3485 ἆνδάνει
805 3421 957 3511 αὐτῇ
1003 3428 1327 3490 clausulam
1372 3450 1609 3507 quoque
1655 3431 2007 3506 desumpsit.

608 3529 750 3589 408.
798 3521 868 3587 ού
921 3553 973 3588 τι
1030 3531 1286 3610 μεγαίρω
1346 3534 1488 3592 satis
1541 3535 1740 3608 inepte
1797 3554 1867 3592 ex
1910 3533 1950 3610 β
1982 3535 2125 3592 235.
2183 3536 2233 3589 θ
2263 3533 2384 3592 206
2435 3528 2541 3609 (cf.
2573 3533 2639 3591 A
2668 3530 2781 3613 54)

440 3615 876 3689 Agamemnoni
922 3617 1103 3677 dedit.

610 3700 753 3758 409.
820 3693 904 3758 οὗ
970 3695 1081 3780 γάρ
1149 3722 1257 3773 τις
1321 3692 1582 3776 φειδώ,
1650 3704 1711 3760 in
1766 3722 1884 3778 quo
1950 3707 2090 3779 apte
2146 3700 2496 3778 explicando
2553 3704 2780 3761 frustra

442 3783 864 3843 laboraverunt
917 3788 1299 3862 interpretes,
1355 3787 1723 3861 ineptissime
1778 3808 1847 3846 ex
1896 3787 2037 3859 ξ92
2070 3814 2152 3835 =
2183 3806 2228 3843 π
2259 3789 2381 3847 315
2429 3784 2776 3863 desumpsit,

441 3872 508 3926 ut
552 3870 679 3927 410
720 3867 1088 3947 μειλισσέμεν
1144 3892 1212 3930 ex
1256 3893 1293 3948 γ
1325 3873 1403 3930 96
1437 3897 1519 3918 =
1549 3869 1585 3928 δ
1618 3874 1740 3931 326
1794 3869 2105 3948 αἰδόμενος
2160 3871 2556 3948 μειλίσσεο
2609 3873 2777 3931 inso-

442 3953 631 4010 lenter
677 3953 880 4013 addito
925 3957 1217 4032 genetivo.
1309 3956 1403 4014 Ita
1446 3957 1627 4014 etiam
1673 3976 1854 4032 supra
1899 3958 2018 4016 401
2068 3953 2301 4034 γνωτὸν
2345 3953 2413 4014 δέ
2457 3972 2527 4015 ex
2573 3977 2619 4014 ω
2657 3958 2777 4014 182

440 4037 769 4095 transtulit
847 4038 1128 4099 Clausula
1159 4038 1391 4098 νεκύων
1435 4039 1947 4117 κατατεθνηωτων
1991 4047 2136 4101 nota
2168 4046 2276 4116 est,
2323 4062 2432 4101 nec
2462 4043 2778 4100 immemor

443 4121 559 4177 suit
600 4121 631 4177 λ
664 4122 786 4180 218
831 4116 959 4182 ἀλλ’
1005 4116 1157 4201 αὕτη
1203 4123 1341 4201 δίκη
1389 4121 1508 4183 ἐστι
1550 4123 1802 4201 βροτῶν,
1848 4122 1944 4183 ὅτε
1988 4123 2121 4184 κέν
2165 4146 2223 4184 τε
2270 4121 2633 4184 θάνωσιν.

609 4204 729 4262 411
765 4227 851 4284 sq.
900 4211 1044 4269 satis
1089 4212 1367 4286 imperite
1412 4230 1480 4269 ex
1530 4210 1580 4265 K
1610 4212 1732 4267 328
1764 4230 1850 4284 sq.
1900 4212 2185 4270 confecit·

695 4338 778 4411 ὥς
824 4337 1005 4417 φάθ’.
1075 4341 1109 4405 δ’
1152 4342 1214 4405 δ’
1264 4344 1330 4406 έν
1373 4345 1530 4424 χερσὶ
1574 4350 1956 4422 σκῆπτρον
1998 4342 2140 4423 λάβε
2184 4344 2291 4404 καί
2328 4345 2392 4405 οἱ
2427 4310 2704 4422 ὄμοσσεν·

697 4425 877 4485 ἴστω
926 4430 1039 4488 νῦν
1085 4427 1270 4501 Ζεὺς
1315 4426 1526 4506 αὐτός,
1575 4424 2018 4505 ἐρίγδουπος
2062 4428 2579 4509 πόσιςἽΙρης,
