3132 5129
1414 376 1821 439 ..38-

441 534 542 593 ubi
588 534 748 609 quod
778 535 977 610 inepte
1008 534 1261 592 refertur
1306 532 1676 609 virginem
1723 533 1785 592 in
1830 535 2158 593 thalamum
2204 534 2289 591 ad
2334 533 2780 608 pariendum

440 619 836 690 adscendisse,
882 619 945 677 id
990 618 1438 694 interpretando
1484 618 1707 678 frustra
1749 639 2054 680 removere
2100 620 2460 678 studuerunt
2488 617 2781 694 Heynius,

443 704 534 765 cui
583 704 852 776 „dictum
883 722 1012 764 esse
1045 704 1283 763 videtur
1311 721 1419 778 pro
1448 703 1710 778 simplici
1756 700 1952 763 ἔτεκεν
1995 701 2062 762 ἕν
2103 707 2475 779 παρθενῶνι,
2519 703 2783 777 adeoque

447 790 509 848 in
555 790 733 847 domo
779 790 1059 863 paterna,
1116 789 1385 847 nondum
1441 788 1733 861 elocata“,
1791 794 1854 848 et
1907 789 2297 866 Freytagius‚
2356 789 2455 864 qui
2501 786 2784 863 coniungi

342 884 408 931 23
443 874 572 934 vult
616 866 939 950 ,,ἇναβᾶσα
972 870 1166 950 Ἄρηι,
1213 874 1298 931 ita
1342 875 1410 930 ut
1453 873 1694 933 dativus
1737 875 2030 934 commodi
2054 872 2130 955 (!)
2178 875 2318 933 sit.“
2393 875 2599 948 Apage
2628 873 2783 931 eius·

446 959 608 1018 modi
654 958 907 1017 artificia
948 979 984 1016 a
1026 959 1239 1035 pingui
1286 957 1785 1018 consarcinatoris
1830 961 2092 1037 ingenio,
2140 960 2233 1018 cui
2266 959 2316 1019 si
2345 959 2513 1034 lepor
2541 959 2781 1029 inesset,

446 1046 654 1119 putare
710 1062 1015 1119 possemus
1073 1063 1208 1102 eum
1265 1044 1453 1102 facete
1507 1041 1809 1122 παρῳδεῖν
1866 1046 2124 1104 voluisse
2167 1044 2317 1103 illud
2363 1042 2783 1103 suavissimum

446 1149 481 1203 ρ
520 1131 630 1188 101
667 1147 758 1204 sq.
806 1124 865 1206 (τ
896 1130 1018 1187 594
1049 1122 1187 1207 sq.)‚
1232 1128 1393 1204 quod
1437 1130 1824 1203 conqueritur
1866 1130 2196 1205 Penelope:

750 1281 832 1289 -—
878 1243 1009 1323 ἤτοι
1053 1242 1207 1326 ἐγών
1248 1240 1628 1322 ὖπεραὶιον
1673 1245 2131 1326 εἰσαναβᾶσα

752 1328 992 1408 λέξομαι
1037 1331 1119 1403 εἰς
1164 1326 1382 1409 εὐνήν,
1425 1326 1468 1409 ἤ
1510 1351 1611 1407 μοι
1655 1329 1981 1392 στονόεσσα
2027 1328 2312 1392 τέτυκται.

447 1450 563 1511 Sed
590 1451 739 1510 nihil
763 1452 885 1524 ille,
918 1452 1033 1510 nisi
1067 1452 1248 1511 stulte
1279 1453 1340 1509 in
1369 1452 1544 1510 unius
1575 1470 1784 1511 versus
1813 1454 2123 1529 angustias
2154 1454 2452 1511 contraxit
2479 1452 2544 1508 Π
2560 1452 2677 1510 184
2692 1471 2784 1526 sq.

750 1578 968 1643 αὐτίκα
1014 1580 1075 1645 δ’
1124 1585 1232 1656 εἰς
1278 1579 1549 1668 ὑπερῷ’
1597 1580 1880 1663 ἆναβάς
1926 1583 2286 1665 παρελέξατο
2328 1585 2529 1669 λάθρῃ

740 1664 1013 1748 Ἑρμείας
1055 1664 1344 1747 ἀκάκητα,
1387 1668 1574 1749 πόρεν
1617 1667 1684 1730 δέ
1727 1671 1789 1731 οἱ
1822 1666 2051 1750 ἀγλαὸν
2093 1667 2249 1748 υἱόν,

446 1807 648 1865 addito
694 1811 912 1879 tamen,
961 1808 1242 1883 quoniam
1287 1809 1381 1866 hic
1410 1809 1688 1868 Mercurii
1734 1808 1893 1867 filius
1923 1830 1957 1867 a
1988 1808 2298 1886 Polymela
2326 1808 2558 1885 virgine
2588 1806 2787 1866 editus

445 1891 587 1952 ibid.
647 1892 767 1951 180
820 1887 1244 1969 παρθένιος
1290 1893 1489 1964 audit,
1537 1894 1712 1953 initio
1779 1889 2085 1970 παρθένος
2149 1892 2346 1967 αἰδοίη
2389 1913 2464 1952 ne
2507 1892 2618 1951 hoc
2661 1895 2788 1968 qui-

447 1978 579 2036 dem
625 1977 752 2036 sine
809 1976 1108 2052 exemplo:
1166 1977 1240 2039 cf.
1289 1977 1492 2053 hymn.
1539 1978 1716 2039 Hom.
1765 1980 1876 2051 27,
1924 1981 1981 2037 2.
2029 1980 2143 2052 28,
2191 1981 2247 2038 3.
2337 1978 2636 2038 Nimirum
2680 1996 2789 2052 pu-

445 2061 613 2120 tabat
667 2062 841 2121 horno
896 2064 1101 2120 noster
1157 2063 1435 2121 Actorem
1493 2067 1775 2138 patrem
1835 2084 1962 2123 esse
2023 2063 2388 2140 Astyochae‚
2446 2082 2555 2122 nec
2608 2062 2787 2120 aliter

448 2166 585 2206 sane
643 2147 1005 2205 recentiores
1059 2147 1444 2222 interpretes,
1503 2167 1574 2206 ex
1629 2148 1848 2223 quibus
1894 2149 2163 2225 Heynius
2208 2149 2282 2207 ad
2330 2169 2385 2208 v.
2435 2150 2556 2207 512
2615 2147 2787 2217 hanc,

448 2233 645 2291 nescio
702 2231 889 2304 unde,
958 2237 1327 2291 commentus
1392 2235 1484 2291 est
1547 2233 1830 2307 stirpem:
1906 2234 2235 2309 Erginus
2296 2266 2376 2274 —
2423 2232 2659 2291 Azeus
2703 2265 2788 2274 —

450 2318 685 2376 Actor
725 2349 790 2359 —
828 2316 1227 2393 Astyoche.
1303 2317 1512 2376 Potius
1556 2320 1628 2375 ut
1658 2319 1939 2376 Actorem
1983 2338 2092 2394 pro
2136 2319 2405 2378 marito
2452 2317 2790 2395 Astyochae

448 2405 508 2460 et
548 2421 658 2477 pro
704 2402 939 2460 mortali
970 2405 1139 2476 patre
1171 2402 1635 2478 Martigenarum
1666 2402 1791 2461 eius
1836 2403 2085 2462 filiorum
2135 2403 2401 2462 habitum
2450 2422 2576 2463 esse
2620 2407 2790 2477 pute-

450 2505 606 2559 mus,
666 2492 727 2545 et
782 2487 1131 2545 Actoriones
1186 2486 1303 2559 illi,
1366 2487 1437 2544 de
1499 2488 1715 2562 quibus
1772 2492 1917 2547 nota
1973 2491 2065 2547 est
2108 2488 2402 2547 Welckeri
2459 2480 2789 2562 disputatio

451 2569 732 2649 [Opuscc.
766 2572 826 2630 II
856 2592 914 2646 p.
949 2571 1057 2629 CII
1075 2591 1204 2647 sqq.
1238 2573 1369 2630 coll.
1402 2573 1729 2632 Monumm.
1763 2574 1949 2650 antiq.
1983 2574 2044 2632 11
2074 2594 2136 2649 p.
2170 2576 2291 2634 328
2309 2570 2493 2651 sqq.],
2541 2572 2787 2632 suadere
2855 2637 2860 2642 .

448 2656 746 2729 videntur,
795 2675 1049 2732 quorum
1081 2676 1253 2715 verus
1283 2660 1452 2731 pater
1481 2657 1802 2733 Neptunus
1833 2662 1962 2717 erat
1994 2662 2056 2716 A
2088 2660 2444 2718 750-752.
2484 2659 2554 2715 Ψ
2579 2658 2790 2716 638-

451 2741 602 2813 642,
664 2744 726 2800 et
780 2741 910 2815 ipsa
964 2742 1068 2799 illa
1124 2741 1455 2817 Polymela,
1526 2762 1704 2817 quam
1773 2744 2044 2803 vitiatam
2098 2745 2154 2800 Π
2199 2745 2314 2803 189
2350 2763 2438 2818 sq.
2477 2736 2790 2818 Ἐχεκλῆος

448 2821 739 2902 ’κρατερὸν
802 2821 979 2900 μένος
1039 2818 1895 2906 Ἀκτορίδαοιήγάγετο.
1996 2826 2182 2902 Quid,
2247 2829 2296 2886 si
2363 2829 2598 2887 Actor
2663 2827 2791 2886 sive

452 2910 868 2970 Actorides
923 2911 1165 2968 omnino
1223 2929 1357 2969 eum
1414 2912 1745 2987 significet,
1800 2914 1902 2988 qui
1958 2914 2265 2972 mulierem
2312 2913 2516 2972 divino
2563 2912 2789 2971 semine

453 2996 809 3070 completam
863 2996 923 3053 in
967 2995 1413 3054 matrimonium
1470 2998 1692 3056 ducat
1746 2998 1957 3073 deique
2003 2999 2230 3074 prolem
2275 3002 2573 3074 tamquam
2621 3017 2791 3056 suam

454 3079 674 3140 tollat?

622 3165 815 3223 Multo
870 3165 1244 3226 innocentior
1286 3167 1475 3225 altera
1518 3171 1614 3227 est
1656 3166 2039 3242 interpolatio
2085 3188 2143 3230 v.
2191 3168 2343 3239 614,
2406 3187 2525 3243 qua
2569 3166 2790 3225 diserte

454 3251 556 3310 sed
623 3249 952 3321 inutiliter,
1022 3269 1126 3308 cur
1179 3250 1514 3311 Arcadibus
1571 3255 1640 3310 ut
1695 3252 2033 3311 hominibus
2101 3252 2547 3311 mediterraneis
2607 3270 2791 3310 naves

458 3337 872 3412 Agamemnon
917 3334 1403 3434 suppeditaverit,
1447 3337 1767 3396 indicatur.
1855 3338 1979 3396 Nec
2023 3337 2216 3396 fontes
2260 3338 2389 3397 eius
2435 3355 2640 3395 versus
2688 3336 2791 3394 ob·

454 3421 610 3479 scuri
655 3422 826 3479 sunt:
882 3421 942 3477 et
1002 3418 1298 3497 Ατρεΐδης
1356 3441 1561 3481 versus
1606 3422 1805 3493 initio,
1869 3426 1930 3480 ot
1987 3417 2111 3480 ἐπεὶ
2156 3417 2228 3480 οὔ
2273 3435 2383 3495 σφι
2426 3422 2490 3480 in
2534 3420 2792 3479 secundo

454 3506 746 3580 tertioque
800 3505 950 3578 pede
1010 3506 1243 3580 saepius
1300 3506 1594 3581 positum3
1662 3501 1963 3564 θαλάσσια
2024 3502 2160 3584 ἔργα
2213 3499 2454 3583 μεμήλει
2510 3525 2580 3564 ex
2636 3525 2663 3563 ε
2711 3507 2790 3565 67

454 3591 671 3648 hausit.
776 3588 1113 3648 Zenodotus
1171 3610 1227 3649 v.
1276 3592 1631 3649 612-614
1687 3592 1751 3649 in
1807 3592 2199 3668 suspicionem
2253 3610 2494 3652 vocasse
2551 3591 2792 3650 dicitur.

454 3675 736 3734 Eiusdem
781 3674 1007 3734 farinae
1050 3678 1143 3734 est
1173 3675 1404 3735 inutilis
1436 3675 1629 3736 Ulixis
1660 3677 1938 3751 repetitio
1976 3696 2034 3736 v.
2068 3679 2189 3735 636
2223 3696 2499 3752 expressa
2542 3696 2612 3734 ex
2648 3677 2791 3735 169.

626 3843 777 3903 Cum
821 3844 1012 3903 adhuc
1065 3844 1347 3904 eiciendis
1394 3846 1668 3906 versibus
1712 3865 2026 3905 numerum
2071 3846 2409 3921 quinarium
2457 3846 2792 3906 restitueri-

455 3939 605 4001 m'us,
655 3948 837 3987 unum
879 3931 1070 3988 restat
1122 3929 1453 3989 membrum
1495 3951 1553 3990 v.
1600 3932 1950 4004 734—737‚
2009 3930 2170 4006 quod
2223 3934 2508 4006 quattuor
2560 3934 2794 3991 tantum

457 4014 728 4074 versibus
773 4013 948 4073 hodie
993 4017 1243 4073 constat.
1335 4015 1450 4074 Sed
1507 4017 1590 4076 ibi
1648 4036 1829 4076 unum
1872 4016 2243 4075 intercidisse
2288 4035 2407 4074 non
2453 4017 2644 4075 solum
2687 4035 2797 4091 per

459 4119 520 4158 se
564 4099 886 4158 verisimile
932 4101 1024 4158 est
1067 4119 1137 4157 ex
1181 4098 1313 4176 lege
1371 4101 1476 4160 illa
1530 4103 1859 4162 certissime
1918 4102 2066 4172 iam,
2125 4105 2191 4160 ut
2245 4101 2483 4176 opinor,
2538 4100 2791 4172 firmata,

459 4184 561 4242 sed
620 4183 766 4242 adeo
823 4202 894 4242 ex
950 4183 1172 4243 indicio
1228 4186 1485 4260 quodam
1540 4190 1704 4262 patet
1768 4188 1943 4258 satis,
2014 4187 2129 4245 nisi
2196 4186 2401 4257 fallor,
2467 4186 2794 4245 luculento.

458 4267 701 4327 Etenim
748 4268 964 4327 Strabo
1010 4269 1095 4328 IX
1140 4289 1200 4344 p.
1245 4271 1368 4329 438
1413 4272 1570 4330 hunc
1615 4271 1807 4330 locum
1853 4272 1944 4330 his
1991 4271 2187 4329 verbis
2232 4290 2505 4329 enarrare
2551 4271 2797 4345 incipit:

461 4349 524 4410 τὸ
565 4346 676 4428 μὲν
717 4342 830 4410 οὖν
867 4346 1170 4430 Ὀρμένιον
1218 4356 1329 4412 νῦν
1365 4348 1661 4432 Ὀρμίνιον
1703 4357 1985 4430 καλεῖται,
2031 4351 2152 4413 ἔστι
2194 4349 2254 4413 δ’
2302 4344 2422 4413 ὖπό
2467 4361 2543 4436 τῷ
2590 4353 2798 4434 Πηλίῳ

462 4434 628 4514 κώμη
691 4429 837 4495 κατὰ
904 4435 1008 4495 τὸν
1074 4435 1484 4517 Παγασιτικὸν
1541 4432 1760 4498 κόλπον
1825 4448 1947 4499 τῶν
2011 4436 2473 4520 συνῳκισμένων
2536 4438 2618 4510 εἰς
2688 4437 2799 4516 τὴν
