3132 5129
333 1248 395 1296 12

1262 382 1824 446 ..-454.-.

595 543 720 602 Nec
753 563 807 601 v.
840 544 957 599 151
993 542 1305 616 quisquam
1335 541 1710 615 attrectavit,
1745 540 1848 598 ubi
1880 554 2016 600 cum
2047 540 2228 616 vulgo
2260 539 2548 599 traditum
2579 542 2767 598 esset:

684 655 766 730 ὡς
810 652 1053 732 θρασὺν
1089 651 1396 760 Ἡρακλῆα
1439 653 1594 727 θοὸς
1638 655 2047 734 χρυσόρραπις
2081 646 2307 733 Ἑρμῆς

680 737 966 819 θητεύειν
1010 735 1153 818 ἕκόμ
1167 765 1188 800 ι
1205 744 1237 814 ζ
1246 763 1271 800 ε
1290 766 1325 800 ν
1362 734 1634 821 Ἰαρδανί
1645 764 1682 818 η
1698 766 1733 801 ν
1776 762 1819 800 π
1833 762 1863 799 ο
1878 764 1907 801 τ
1921 738 1942 800 ὶ
1991 736 2157 819 νύμφ
2170 763 2208 818 η
2228 764 2293 818 ν,

430 870 630 924 tamen
660 866 869 923 notum
899 866 1027 922 erat
1057 862 1212 938 apud
1246 862 1566 921 Tzetzam
1551 882 1612 921 in
1645 860 1897 921 Chiliad.
1932 863 2014 937 ΙΙ,
2046 863 2188 936 445,
2221 861 2326 920 ubi
2353 882 2406 920 v.
2440 862 2769 920 148—152

429 951 505 1009 ad
552 950 796 1008 verbum
842 949 1121 1023 exscripti
1167 951 1338 1022 sunt,
1396 948 1458 1006 in
1504 947 1676 1007 codd.
1723 948 1844 1006 fere
1887 947 2008 1023 legi
2055 941 2424 1021 ἐκόμισσεν
2462 940 2774 1025 Ἰαρδανίῃ

430 1030 605 1092 ποτὲ
648 1031 890 1115 νύμφῃ.
975 1034 1057 1092 Et
1114 1034 1197 1092 ita
1250 1033 1432 1091 etiam
1477 1026 1556 1107 P,
1616 1033 1731 1091 nisi
1796 1032 1955 1107 quod
2010 1032 2187 1091 solito
2243 1050 2444 1091 errore
2500 1027 2775 1106 ἐκόμισεν

431 1120 629 1179 habet.
721 1118 1055 1194 Utrumque
1099 1137 1308 1177 verum
1353 1136 1482 1175 esse
1528 1136 1598 1175 ex
1642 1135 1821 1176 versu
1865 1120 1926 1175 et
1970 1116 2355 1176 antecedente

688 1231 793 1295 τόν
837 1252 872 1294 σ
884 1255 915 1294 ο
930 1257 951 1293 ι
983 1232 1181 1314 ’Έρως
1225 1229 1269 1311 ἤ
1279 1256 1315 1312 γ
1326 1255 1359 1309 ρ
1374 1255 1401 1293 ε
1414 1256 1453 1293 υ
1465 1249 1502 1292 σ
1516 1255 1542 1294 ε
1556 1254 1592 1291 ν
1637 1230 1755 1305 ἑοῖς
1799 1230 2056 1311 βελέεσσι
2098 1232 2345 1312 κιχήσας

432 1359 493 1417 et
536 1359 823 1433 sequente

684 1470 802 1533 σοὶ
847 1470 915 1533 δέ
956 1495 1026 1550 με
1073 1470 1311 1546 Κύπρις
1354 1468 1639 1548 ἔπεμψε
1684 1469 1789 1531 καὶ
1831 1466 1902 1530 οὐ
1948 1467 2129 1545 σοφὸς
2172 1468 2456 1551 ἤγαγεν
2491 1466 2711 1550 Ἑρμῆς

433 1595 758 1654 clarissime
802 1595 1081 1668 apparet:
1128 1595 1190 1652 et
1233 1593 1307 1650 cf.
1354 1612 1410 1649 v.
1449 1593 1569 1650 176
1616 1590 1700 1660 τίς
1743 1582 1800 1647 σ’
1852 1585 2156 1667 ἐκόμισσεν
2201 1585 2348 1667 ἐμὴν
2393 1589 2475 1660 εἰς
2517 1590 2777 1669 πατρίδα

432 1683 632 1755 γαῖαν.
730 1677 846 1736 Sed
893 1679 954 1735 in
999 1677 1325 1752 posteriore
1369 1677 1611 1751 quidem
1655 1696 1831 1736 versu
1875 1696 1969 1736 me
2013 1678 2270 1752 primum
2313 1696 2384 1736 ex
2423 1670 2483 1735 P
2516 1673 2777 1752 ἔπεμψε

433 1765 765 1823 restituisse
809 1780 919 1835 pro
964 1761 1155 1820 adhuc
1201 1762 1447 1837 vulgato
1493 1758 1725 1835 ἔπεμπε
1772 1780 1961 1836 paene
2018 1762 2240 1820 oblitus
2293 1780 2424 1821 sum
2469 1764 2779 1822 adnotare.

604 1847 871 1905 Membra
913 1847 1271 1905 narrationis
1316 1845 1453 1904 inde
1496 1866 1533 1905 a
1579 1867 1635 1905 v.
1672 1848 1794 1905 160
1815 1867 1902 1921 sq.
1941 1846 2231 1921 virginem
2276 1849 2562 1907 amatoris
2606 1848 2776 1906 blan-

436 1933 601 1991 ditiis
647 1932 867 1991 sensim
913 1931 1220 1990 cedentem
1265 1932 1504 2007 egregie
1550 1931 1931 2007 depingentis
1962 1950 2082 1989 non
2114 1931 2261 1990 satis
2294 1933 2581 1991 concinne
2611 1933 2778 1992 inter

438 2038 501 2078 se
544 2017 833 2092 quadrare
878 2018 997 2074 iam
1043 2015 1185 2075 olim
1231 2016 1672 2075 intellexeram:

688 2123 1033 2210 παρθενικὴ
1076 2123 1132 2191 δ’
1183 2129 1500 2212 ἄφθογγος
1544 2129 1640 2192 ἐπὶ
1683 2126 1882 2235 χθόνα
1925 2133 2118 2209 πῆξεν
2159 2124 2446 2210 ὀπωπήν,

688 2217 857 2278 αἰδοῖ
892 2215 1410 2295 ἐρευθιόωσαν
1453 2216 1660 2322 (sicl)
1675 2213 2123 2276 υποκλέπτουσα
2165 2215 2452 2295 παρειήν,

687 2326 787 2364 και
831 2300 1052 2379 χθονὸς
1097 2300 1254 2377 ἔξεεν
1295 2300 1488 2376 ακρον
1530 2297 1642 2362 ὑπ’
1692 2300 1951 2379 ἴχνεσιν,
1996 2299 2281 2380 αἰδομένη
2323 2299 2391 2363 δὲ

691 2387 979 2460 πολλακις
1021 2378 1173 2487 αμφ’
1208 2385 1481 2483 ωμοισιν
1526 2380 1625 2446 ἑὸν
1669 2383 1939 2465 συνέεργε
1984 2394 2226 2463 χιτῶνα.

688 2479 944 2546 πειθοῦς
988 2495 1122 2551 γαρ
1168 2464 1305 2533 ταδε
1351 2468 1545 2531 πάντα
1590 2466 1952 2570 προαγγελα,
1999 2473 2375 2568 παρθενικῆς
2418 2468 2485 2532 δὲ

552 2570 646 2618 165
691 2556 1057 2659 πειθομένης
1100 2555 1235 2618 ποτι
1283 2555 1523 2638 λέκτρον
1565 2550 1881 2636 ὖπόσχεσίς
1925 2554 2047 2617 ἐστι
2092 2548 2317 2635 σιωπή·

691 2638 809 2720 ἤδη
853 2640 978 2703 καὶ
1024 2638 1427 2723 γλυκύπικρον
1473 2641 1704 2716 ἐδέξατο
1750 2640 1997 2721 κέντρον
2041 2639 2312 2742 έρωτων,

689 2726 939 2809 θέρμετο
984 2726 1052 2788 δε
1094 2727 1356 2804 κραδίην
1397 2732 1679 2831 γλυκερῷ
1722 2726 1870 2804 πυρι
1912 2724 2218 2805 παρθένος
2254 2718 2451 2806 Ἡρω,

696 2813 903 2873 κάλλεϊ
943 2806 1005 2870 δ’
1057 2807 1386 2893 ἱμερόεντος
1429 2809 1781 2891 ἆνεπτοίητο
1828 2808 2166 2889 Λεάνδρου.

440 2934 593 2992 Nam
651 2933 799 2991 illud
855 2928 997 3009 ἤδη
1050 2930 1179 2989 καί
1229 2933 1374 3008 quid
1433 2934 1548 2993 sibi
1593 2934 1740 2994 velit
1795 2935 1935 3009 post
1986 2951 2359 2992 communem
2417 2935 2780 2993 sententiam

443 3021 763 3093 intrusum,
831 3037 1006 3077 nemo
1051 3017 1223 3077 facile
1268 3017 1515 3093 dixerit,
1576 3021 1946 3094 exspectares
1993 3018 2190 3093 potius
2236 3018 2528 3077 eiusmodi
2563 3021 2774 3077 transi-

443 3104 699 3162 tionem:
744 3092 833 3173 ὡς
879 3096 1035 3161 τότε
1080 3098 1181 3160 καὶ
1222 3095 1629 3180 γλυκύπικρον
1673 3107 1782 3161 etc.
1876 3102 2035 3163 Cave
2079 3121 2220 3162 vero
2267 3100 2396 3160 καί
2446 3122 2580 3162 cum
2616 3097 2780 3181 Ηρώ

442 3190 656 3264 iungas
714 3188 891 3246 nimis
946 3189 1209 3261 remoto,
1285 3189 1452 3262 quasi
1507 3189 1680 3265 virgo
1732 3188 1956 3246 amanti
2011 3187 2370 3247 adolescenti
2426 3192 2782 3264 opponatur,

442 3271 601 3349 quod
648 3273 699 3330 si
743 3271 1001 3331 indicare
1046 3232 1337 3332 voluisset
1379 3276 1572 3348 poeta,
1619 3272 1856 3331 fecisset
1901 3272 1962 3329 id
2006 3271 2246 3330 solitam
2291 3273 2611 3331 formulam
2655 3268 2781 3330 καὶ

443 3351 632 3432 αὐτή
681 3375 813 3415 cum
856 3357 985 3433 ipso
1030 3355 1227 3415 Herus
1267 3358 1505 3416 nomine
1549 3357 1842 3417 artissime
1895 3356 2220 3431 iungendo.
2312 3358 2521 3433 Itaque
2562 3357 2783 3416 iustam

445 3442 845 3501 membrorum
885 3441 1178 3499 rationem
1217 3443 1552 3502 restituisse
1596 3441 1741 3500 mihi
1788 3441 1931 3500 olim
1959 3440 2209 3500 videbar
2250 3442 2363 3501 hoc
2405 3441 2613 3501 modo·
2659 3461 2782 3501 πει-

442 3530 601 3595 θοῦς
652 3520 785 3600 μὲν
841 3518 978 3584 ταδε
1033 3544 1226 3582 παντα
1279 3519 1641 3624 προαγγελα,
1698 3528 2075 3603 παρθενικῆς
2129 3521 2197 3584 δὲ
2253 3559 2329 3568 -
2386 3520 2607 3602 σιωπή·
2663 3525 2784 3603 ἤδη

448 3608 584 3691 γαρ
628 3605 1038 3709 γλυκύπικρον
1081 3612 1227 3685 (πα,
1273 3629 1407 3670 cum
1451 3611 1512 3670 in
1556 3606 1617 3671 P
1642 3632 1698 3672 v.
1737 3612 1856 3670 166
1902 3629 2013 3684 pro
2057 3607 2163 3667 καί
2202 3611 2557 3687 simpliciter
2602 3615 2783 3689 scrip-

451 3700 581 3755 tum
627 3697 829 3756 inveni
873 3690 970 3754 δέ.
1058 3695 1188 3753 Hoc
1231 3714 1374 3755 vero
1420 3697 1644 3756 Musaei
1705 3715 1882 3754 manu
1941 3696 2274 3770 profectum
2331 3716 2458 3757 csse
2514 3698 2785 3756 intellexi

445 3802 515 3840 ex
546 3801 650 3857 e0,
696 3781 858 3856 quod
904 3779 1004 3838 ille
1050 3799 1184 3838 suas
1229 3780 1300 3839 de
1346 3783 1564 3842 amoris
1596 3782 1655 3842 vi
1698 3786 1760 3840 et
1801 3783 2016 3840 natura
2060 3783 2416 3859 sententias,
2463 3783 2679 3858 quibus
2722 3784 2785 3841 in
2890 3836 2906 3848 ,

446 3867 664 3932 codicis
710 3865 902 3925 nostri
948 3865 1215 3941 margine
1261 3885 1491 3942 semper
1532 3863 1741 3945 γνώμη
1799 3866 1945 3925 illud
2004 3866 2237 3924 allitum
2283 3870 2375 3927 est
2429 3868 2786 3942 complicata

446 3951 896 4012 abbreviatione
941 3968 1301 4026 expressum,
1349 3953 1695 4011 constanter
1736 3952 1955 4012 causali
1997 3951 2292 4027 particula
2334 3952 2555 4012 inferre
2601 3953 2782 4011 solet:

452 4036 570 4095 vid.
619 4056 675 4096 v.
712 4037 817 4094 37.
864 4036 964 4096 51.
1014 4035 1113 4092 92.
1164 4037 1301 4094 183.
1353 4038 1492 4095 198.

619 4121 692 4178 V.
731 4121 847 4179 186
895 4118 1055 4195 quod
1099 4119 1259 4194 apud
1303 4139 1506 4181 omnes
1550 4122 1833 4199 legimus·

703 4233 832 4296 εἰπὲ
877 4232 974 4309 δέ,
1018 4225 1100 4332 μὴ
1143 4230 1384 4318 κρύψῃς
1428 4230 1558 4298 τεὸν
1603 4236 1832 4315 οὔνομα
1875 4232 1978 4295 καὶ
2023 4233 2120 4296 σέο
2164 4255 2424 4339 πατρην·

701 4316 773 4380 οὐ
818 4343 936 4401 γαρ
976 4314 1114 4399 έμὸν
1157 4340 1221 4382 σε
1264 4321 1551 4400 λέληθεν,
1599 4319 1758 4400 ἐμοὶ
1804 4318 1865 4380 δ’
1915 4314 2099 4399 ὄνομα
2143 4324 2358 4382 κλυτον
2396 4311 2585 4400 Ηρω·

450 4442 604 4500 male
666 4442 845 4499 babet
906 4460 1232 4516 pronomen
1292 4442 1601 4516 personale
1645 4442 1891 4501 alterius
1933 4442 2184 4502 membri
2231 4443 2402 4502 initio
2448 4461 2582 4501 cum
2626 4444 2788 4501 iusto
