<?xml version="1.0" encoding="UTF-8"?>
<!DOCTYPE html PUBLIC "-//W3C//DTD XHTML 1.0 Transitional//EN"
    "http://www.w3.org/TR/xhtml1/DTD/xhtml1-transitional.dtd">
<html xmlns="http://www.w3.org/1999/xhtml" xml:lang="en" lang="en">
 <head>
  <title>
</title>
<meta http-equiv="Content-Type" content="text/html;charset=utf-8" />
  <meta name='ocr-system' content='tesseract 3.04.00' />
  <meta name='ocr-capabilities' content='ocr_page ocr_carea ocr_par ocr_line ocrx_word'/>
</head>
<body>
  <div class='ocr_page' id='page_1' title='image "./opusculaphilolo00koecgoog_0316.png"; bbox 0 0 3132 5129; ppageno 0'>
   <div class='ocr_carea' id='block_1_1' title="bbox 1367 350 1827 413">
    <p class='ocr_par' dir='ltr' id='par_1_1' title="bbox 1367 350 1827 413">
     <span class='ocr_line' id='line_1_1' title="bbox 1367 350 1827 413; baseline 0.004 -18"><span class='ocrx_word' id='word_1_1' title='bbox 1367 350 1827 413; x_wconf 70' lang='lat'><strong>..304—</strong></span> 
     </span>
    </p>
   </div>
   <div class='ocr_carea' id='block_1_2' title="bbox 369 496 2765 921">
    <p class='ocr_par' dir='ltr' id='par_1_2' title="bbox 369 496 2765 921">
     <span class='ocr_line' id='line_1_2' title="bbox 369 496 2759 583; baseline -0 -17"><span class='ocrx_word' id='word_1_2' title='bbox 369 507 614 566; x_wconf 83' lang='lat' dir='ltr'><strong>6Plane</strong></span> <span class='ocrx_word' id='word_1_3' title='bbox 657 509 1039 583; x_wconf 86' lang='lat' dir='ltr'><strong>praepostera</strong></span> <span class='ocrx_word' id='word_1_4' title='bbox 1092 508 1154 565; x_wconf 86' lang='lat' dir='ltr'><strong>et</strong></span> <span class='ocrx_word' id='word_1_5' title='bbox 1207 507 1410 581; x_wconf 89' lang='lat' dir='ltr'><strong>inepta</strong></span> <span class='ocrx_word' id='word_1_6' title='bbox 1465 511 1606 566; x_wconf 88' lang='lat' dir='ltr'><strong>sunt</strong></span> <span class='ocrx_word' id='word_1_7' title='bbox 1658 507 1865 567; x_wconf 88' lang='lat' dir='ltr'><strong>verba:</strong></span> <span class='ocrx_word' id='word_1_8' title='bbox 1936 499 2036 562; x_wconf 84' lang='grc' dir='ltr'><strong>δι’</strong></span> <span class='ocrx_word' id='word_1_9' title='bbox 2097 496 2375 577; x_wconf 69' lang='grc' dir='ltr'><strong><em>ἄστεος.</em></strong></span> <span class='ocrx_word' id='word_1_10' title='bbox 2452 507 2759 577; x_wconf 84' lang='lat' dir='ltr'>Quomodo</span> 
     </span>
     <span class='ocr_line' id='line_1_3' title="bbox 429 591 2762 669; baseline 0 -19"><span class='ocrx_word' id='word_1_11' title='bbox 429 594 584 651; x_wconf 88' lang='lat' dir='ltr'><strong>enim</strong></span> <span class='ocrx_word' id='word_1_12' title='bbox 632 592 851 651; x_wconf 90' lang='lat' dir='ltr'><strong>nebula</strong></span> <span class='ocrx_word' id='word_1_13' title='bbox 898 592 1147 651; x_wconf 77' lang='lat' dir='ltr'><strong>immitti</strong></span> <span class='ocrx_word' id='word_1_14' title='bbox 1194 591 1428 650; x_wconf 85' lang='lat' dir='ltr'><strong>dicatur</strong></span> <span class='ocrx_word' id='word_1_15' title='bbox 1471 612 1506 649; x_wconf 90' lang='lat' dir='ltr'><strong>a</strong></span> <span class='ocrx_word' id='word_1_16' title='bbox 1549 592 1779 650; x_wconf 89' lang='lat' dir='ltr'><strong>Iunone</strong></span> <span class='ocrx_word' id='word_1_17' title='bbox 1815 609 1925 666; x_wconf 79' lang='lat' dir='ltr'><strong>per</strong></span> <span class='ocrx_word' id='word_1_18' title='bbox 1965 593 2210 650; x_wconf 75' lang='lat' dir='ltr'><strong>urbem?</strong></span> <span class='ocrx_word' id='word_1_19' title='bbox 2265 592 2389 651; x_wconf 85' lang='lat' dir='ltr'><strong>Nec</strong></span> <span class='ocrx_word' id='word_1_20' title='bbox 2432 594 2600 669; x_wconf 87' lang='lat' dir='ltr'><strong>iungi</strong></span> <span class='ocrx_word' id='word_1_21' title='bbox 2631 613 2762 668; x_wconf 89' lang='lat' dir='ltr'><strong>pos·</strong></span> 
     </span>
     <span class='ocr_line' id='line_1_4' title="bbox 430 676 2765 752; baseline 0 -17"><span class='ocrx_word' id='word_1_22' title='bbox 430 680 570 735; x_wconf 88' lang='lat' dir='ltr'><strong>sunt</strong></span> <span class='ocrx_word' id='word_1_23' title='bbox 615 696 685 735; x_wconf 85' lang='lat' dir='ltr'><strong>ea</strong></span> <span class='ocrx_word' id='word_1_24' title='bbox 728 677 912 736; x_wconf 88' lang='lat' dir='ltr'><strong>verba</strong></span> <span class='ocrx_word' id='word_1_25' title='bbox 957 695 1088 734; x_wconf 91' lang='lat' dir='ltr'><strong>cum</strong></span> <span class='ocrx_word' id='word_1_26' title='bbox 1134 676 1515 752; x_wconf 89' lang='lat' dir='ltr'><strong>sequentibus</strong></span> <span class='ocrx_word' id='word_1_27' title='bbox 1561 677 1676 751; x_wconf 84' lang='lat' dir='ltr'><strong>ita,</strong></span> <span class='ocrx_word' id='word_1_28' title='bbox 1733 679 1801 734; x_wconf 89' lang='lat' dir='ltr'><strong>ut</strong></span> <span class='ocrx_word' id='word_1_29' title='bbox 1844 677 2224 751; x_wconf 86' lang='lat' dir='ltr'><strong>impedivisse</strong></span> <span class='ocrx_word' id='word_1_30' title='bbox 2268 678 2490 735; x_wconf 88' lang='lat' dir='ltr'><strong>nebula</strong></span> <span class='ocrx_word' id='word_1_31' title='bbox 2533 678 2765 736; x_wconf 87' lang='lat' dir='ltr'><strong>dicatur</strong></span> 
     </span>
     <span class='ocr_line' id='line_1_5' title="bbox 426 761 2764 837; baseline 0.001 -18"><span class='ocrx_word' id='word_1_32' title='bbox 426 762 619 837; x_wconf 86' lang='lat' dir='ltr'><strong>Iun0,</strong></span> <span class='ocrx_word' id='word_1_33' title='bbox 663 763 979 837; x_wconf 83' lang='lat' dir='ltr'><strong>quominus</strong></span> <span class='ocrx_word' id='word_1_34' title='bbox 1023 762 1465 836; x_wconf 86' lang='lat' dir='ltr'><strong>conspiciantur</strong></span> <span class='ocrx_word' id='word_1_35' title='bbox 1505 762 1712 820; x_wconf 87' lang='lat' dir='ltr'><strong>heroes</strong></span> <span class='ocrx_word' id='word_1_36' title='bbox 1744 780 1856 835; x_wconf 76' lang='lat' dir='ltr'><strong>per</strong></span> <span class='ocrx_word' id='word_1_37' title='bbox 1896 762 2099 820; x_wconf 78' lang='lat' dir='ltr'><strong>urbem</strong></span> <span class='ocrx_word' id='word_1_38' title='bbox 2141 761 2353 821; x_wconf 74' lang='lat' dir='ltr'><strong>Aeetae</strong></span> <span class='ocrx_word' id='word_1_39' title='bbox 2395 765 2629 821; x_wconf 81' lang='lat' dir='ltr'><strong>domum</strong></span> <span class='ocrx_word' id='word_1_40' title='bbox 2659 765 2764 822; x_wconf 81' lang='lat' dir='ltr'><strong>ad—</strong></span> 
     </span>
     <span class='ocr_line' id='line_1_6' title="bbox 423 808 1646 921; baseline -0.001 -16"><span class='ocrx_word' id='word_1_41' title='bbox 423 808 650 906; x_wconf 51' lang='lat' dir='ltr'><strong>euntes.</strong></span> <span class='ocrx_word' id='word_1_42' title='bbox 726 847 796 904; x_wconf 86' lang='lat' dir='ltr'><strong>Id</strong></span> <span class='ocrx_word' id='word_1_43' title='bbox 840 847 998 905; x_wconf 89' lang='lat' dir='ltr'><strong>enim</strong></span> <span class='ocrx_word' id='word_1_44' title='bbox 1042 849 1257 907; x_wconf 83' lang='lat' dir='ltr'><strong>vetant</strong></span> <span class='ocrx_word' id='word_1_45' title='bbox 1299 866 1357 906; x_wconf 88' lang='lat' dir='ltr'><strong>v.</strong></span> <span class='ocrx_word' id='word_1_46' title='bbox 1403 847 1525 905; x_wconf 82' lang='lat'><strong>213</strong></span> <span class='ocrx_word' id='word_1_47' title='bbox 1559 866 1646 921; x_wconf 89' lang='lat' dir='ltr'><strong>sq.</strong></span> 
     </span>
    </p>
   </div>
   <div class='ocr_carea' id='block_1_3' title="bbox 729 954 2539 1125">
    <p class='ocr_par' dir='ltr' id='par_1_3' title="bbox 729 954 2539 1125">
     <span class='ocr_line' id='line_1_7' title="bbox 736 954 2539 1040; baseline -0.001 -18"><span class='ocrx_word' id='word_1_48' title='bbox 736 955 866 1022; x_wconf 70' lang='grc' dir='ltr'><strong>ὦκα</strong></span> <span class='ocrx_word' id='word_1_49' title='bbox 909 962 973 1021; x_wconf 82' lang='grc' dir='ltr'><strong>δ’</strong></span> <span class='ocrx_word' id='word_1_50' title='bbox 1017 954 1102 1021; x_wconf 78' lang='grc' dir='ltr'><strong>ἆτ’</strong></span> <span class='ocrx_word' id='word_1_51' title='bbox 1152 958 1218 1021; x_wconf 73' lang='grc' dir='ltr'><strong>ἐκ</strong></span> <span class='ocrx_word' id='word_1_52' title='bbox 1261 962 1489 1022; x_wconf 80' lang='grc' dir='ltr'><strong><em>πεδίοιο</em></strong></span> <span class='ocrx_word' id='word_1_53' title='bbox 1532 956 1709 1022; x_wconf 88' lang='grc' dir='ltr'><strong><em>πόλιν</em></strong></span> <span class='ocrx_word' id='word_1_54' title='bbox 1758 961 1860 1022; x_wconf 79' lang='grc' dir='ltr'><strong>καὶ</strong></span> <span class='ocrx_word' id='word_1_55' title='bbox 1902 956 2148 1040; x_wconf 82' lang='grc' dir='ltr'><strong><em>δωμαθ’</em></strong></span> <span class='ocrx_word' id='word_1_56' title='bbox 2194 962 2449 1022; x_wconf 80' lang='grc' dir='ltr'><strong><em>ἵκοντο</em></strong></span> <span class='ocrx_word' id='word_1_57' title='bbox 2532 991 2539 999; x_wconf 92' lang='grc'><em>·</em></span> 
     </span>
     <span class='ocr_line' id='line_1_8' title="bbox 729 1038 2390 1125; baseline -0.001 -18"><span class='ocrx_word' id='word_1_58' title='bbox 729 1047 1004 1125; x_wconf 81' lang='grc' dir='ltr'><em>Αἰήτεω,</em></span> <span class='ocrx_word' id='word_1_59' title='bbox 1050 1046 1178 1108; x_wconf 83' lang='grc' dir='ltr'><strong><em>τότε</em></strong></span> <span class='ocrx_word' id='word_1_60' title='bbox 1222 1044 1282 1105; x_wconf 87' lang='grc' dir='ltr'><strong>δ’</strong></span> <span class='ocrx_word' id='word_1_61' title='bbox 1330 1069 1503 1120; x_wconf 83' lang='grc' dir='ltr'><strong><em>αυτις</em></strong></span> <span class='ocrx_word' id='word_1_62' title='bbox 1549 1038 1956 1107; x_wconf 71' lang='grc' dir='ltr'><strong><em>ἀπεσκέδασεν</em></strong></span> <span class='ocrx_word' id='word_1_63' title='bbox 1998 1046 2176 1125; x_wconf 82' lang='grc' dir='ltr'><strong><em>νέφος</em></strong></span> <span class='ocrx_word' id='word_1_64' title='bbox 2203 1046 2390 1125; x_wconf 58' lang='grc' dir='ltr'><strong>’Ἡρη</strong></span> 
     </span>
    </p>
   </div>
   <div class='ocr_carea' id='block_1_4' title="bbox 426 1169 2766 1332">
    <p class='ocr_par' dir='ltr' id='par_1_4' title="bbox 426 1169 2766 1332">
     <span class='ocr_line' id='line_1_9' title="bbox 426 1169 2766 1244; baseline -0.001 -16"><span class='ocrx_word' id='word_1_65' title='bbox 426 1172 588 1229; x_wconf 88' lang='lat' dir='ltr'><strong>Haec</strong></span> <span class='ocrx_word' id='word_1_66' title='bbox 632 1172 774 1232; x_wconf 85' lang='lat' dir='ltr'><strong>satis</strong></span> <span class='ocrx_word' id='word_1_67' title='bbox 820 1170 975 1228; x_wconf 86' lang='lat' dir='ltr'><strong>clare</strong></span> <span class='ocrx_word' id='word_1_68' title='bbox 1018 1169 1309 1243; x_wconf 83' lang='lat' dir='ltr'><strong>produnt,</strong></span> <span class='ocrx_word' id='word_1_69' title='bbox 1355 1169 1629 1228; x_wconf 85' lang='lat' dir='ltr'><strong>vitiatam</strong></span> <span class='ocrx_word' id='word_1_70' title='bbox 1676 1188 1803 1227; x_wconf 87' lang='lat' dir='ltr'><strong>esse</strong></span> <span class='ocrx_word' id='word_1_71' title='bbox 1844 1172 2053 1244; x_wconf 85' lang='lat' dir='ltr'><strong>poetae</strong></span> <span class='ocrx_word' id='word_1_72' title='bbox 2100 1188 2360 1230; x_wconf 89' lang='lat' dir='ltr'><strong>manum.</strong></span> <span class='ocrx_word' id='word_1_73' title='bbox 2437 1170 2625 1239; x_wconf 84' lang='lat' dir='ltr'><strong>Quam</strong></span> <span class='ocrx_word' id='word_1_74' title='bbox 2678 1169 2766 1226; x_wconf 88' lang='lat' dir='ltr'><strong>fa-</strong></span> 
     </span>
     <span class='ocr_line' id='line_1_10' title="bbox 426 1249 2761 1332; baseline -0.002 -17"><span class='ocrx_word' id='word_1_75' title='bbox 426 1256 538 1315; x_wconf 86' lang='lat' dir='ltr'><strong>cile</strong></span> <span class='ocrx_word' id='word_1_76' title='bbox 582 1256 816 1314; x_wconf 82' lang='lat' dir='ltr'><strong>restitui</strong></span> <span class='ocrx_word' id='word_1_77' title='bbox 863 1273 1034 1329; x_wconf 89' lang='lat' dir='ltr'><strong>posse</strong></span> <span class='ocrx_word' id='word_1_78' title='bbox 1078 1254 1371 1313; x_wconf 79' lang='lat' dir='ltr'><strong>arbitror:</strong></span> <span class='ocrx_word' id='word_1_79' title='bbox 1435 1249 1515 1308; x_wconf 83' lang='grc' dir='ltr'><strong>ὁι’</strong></span> <span class='ocrx_word' id='word_1_80' title='bbox 1578 1252 1891 1332; x_wconf 80' lang='grc' dir='ltr'><strong><em>αἰθέρος</em></strong></span> <span class='ocrx_word' id='word_1_81' title='bbox 1934 1254 2330 1313; x_wconf 84' lang='lat' dir='ltr'><strong>emendando.</strong></span> <span class='ocrx_word' id='word_1_82' title='bbox 2408 1254 2655 1312; x_wconf 82' lang='lat' dir='ltr'><strong>Sursum</strong></span> <span class='ocrx_word' id='word_1_83' title='bbox 2689 1273 2761 1311; x_wconf 83' lang='lat' dir='ltr'><strong>ex</strong></span> 
     </span>
    </p>
   </div>
   <div class='ocr_carea' id='block_1_5' title="bbox 424 1338 2757 1499">
    <p class='ocr_par' dir='ltr' id='par_1_5' title="bbox 424 1338 2757 1493">
     <span class='ocr_line' id='line_1_11' title="bbox 425 1338 2757 1415; baseline -0.001 -16"><span class='ocrx_word' id='word_1_84' title='bbox 425 1341 618 1414; x_wconf 82' lang='lat' dir='ltr'><strong>oaeIO,</strong></span> <span class='ocrx_word' id='word_1_85' title='bbox 678 1342 739 1398; x_wconf 91' lang='lat' dir='ltr'><strong>in</strong></span> <span class='ocrx_word' id='word_1_86' title='bbox 771 1358 887 1415; x_wconf 90' lang='lat' dir='ltr'><strong>quo</strong></span> <span class='ocrx_word' id='word_1_87' title='bbox 945 1338 1042 1396; x_wconf 94' lang='lat' dir='ltr'><strong>Dii</strong></span> <span class='ocrx_word' id='word_1_88' title='bbox 1100 1338 1403 1413; x_wconf 81' lang='lat' dir='ltr'><strong>habitant,</strong></span> <span class='ocrx_word' id='word_1_89' title='bbox 1459 1358 1565 1413; x_wconf 88' lang='lat' dir='ltr'><strong>per</strong></span> <span class='ocrx_word' id='word_1_90' title='bbox 1608 1338 1904 1397; x_wconf 81' lang='lat' dir='ltr'><strong>aetherem</strong></span> <span class='ocrx_word' id='word_1_91' title='bbox 1951 1339 2219 1396; x_wconf 89' lang='lat' dir='ltr'><strong>demittit</strong></span> <span class='ocrx_word' id='word_1_92' title='bbox 2261 1338 2539 1396; x_wconf 79' lang='lat' dir='ltr'><strong>nebulam</strong></span> <span class='ocrx_word' id='word_1_93' title='bbox 2584 1338 2757 1396; x_wconf 89' lang='lat' dir='ltr'><strong>Iuno.</strong></span> 
     </span>
     <span class='ocr_line' id='line_1_12' title="bbox 424 1422 1807 1499; baseline -0.002 -15"><span class='ocrx_word' id='word_1_94' title='bbox 424 1425 562 1484; x_wconf 85' lang='lat' dir='ltr'><strong>Non</strong></span> <span class='ocrx_word' id='word_1_95' title='bbox 608 1424 897 1483; x_wconf 87' lang='lat' dir='ltr'><strong>absimilis</strong></span> <span class='ocrx_word' id='word_1_96' title='bbox 941 1428 1033 1482; x_wconf 89' lang='lat' dir='ltr'><strong>est</strong></span> <span class='ocrx_word' id='word_1_97' title='bbox 1074 1424 1239 1483; x_wconf 89' lang='lat' dir='ltr'><strong>locus</strong></span> <span class='ocrx_word' id='word_1_98' title='bbox 1281 1422 1488 1493; x_wconf 82' lang='lat' dir='ltr'><strong>Quinti</strong></span> <span class='ocrx_word' id='word_1_99' title='bbox 1535 1424 1638 1499; x_wconf 86' lang='lat' dir='ltr'><strong>IX,</strong></span> <span class='ocrx_word' id='word_1_100' title='bbox 1686 1426 1807 1482; x_wconf 84' lang='lat'><strong>256</strong></span> 
     </span>
    </p>
   </div>
   <div class='ocr_carea' id='block_1_6' title="bbox 730 1532 2360 1701">
    <p class='ocr_par' dir='ltr' id='par_1_6' title="bbox 730 1532 2360 1701">
     <span class='ocr_line' id='line_1_13' title="bbox 730 1532 2360 1618; baseline -0.002 -17"><span class='ocrx_word' id='word_1_101' title='bbox 730 1542 784 1601; x_wconf 77' lang='grc' dir='ltr'><strong><em>εἰ</em></strong></span> <span class='ocrx_word' id='word_1_102' title='bbox 823 1538 906 1615; x_wconf 82' lang='grc' dir='ltr'><strong>μή</strong></span> <span class='ocrx_word' id='word_1_103' title='bbox 953 1540 1017 1598; x_wconf 84' lang='grc' dir='ltr'><strong>οἵ</strong></span> <span class='ocrx_word' id='word_1_104' title='bbox 1052 1537 1236 1616; x_wconf 82' lang='grc' dir='ltr'><em>μέλαν</em></span> <span class='ocrx_word' id='word_1_105' title='bbox 1279 1532 1435 1615; x_wconf 82' lang='grc' dir='ltr'><strong><em>αἶψα</em></strong></span> <span class='ocrx_word' id='word_1_106' title='bbox 1481 1539 1660 1617; x_wconf 83' lang='grc' dir='ltr'><strong><em>νέφος</em></strong></span> <span class='ocrx_word' id='word_1_107' title='bbox 1707 1537 2017 1618; x_wconf 82' lang='grc' dir='ltr'><strong><em>κατέχευεν</em></strong></span> <span class='ocrx_word' id='word_1_108' title='bbox 2054 1533 2360 1599; x_wconf 83' lang='grc' dir='ltr'><strong><em>Ἀπόλλων</em></strong></span> 
     </span>
     <span class='ocr_line' id='line_1_14' title="bbox 730 1617 1572 1701; baseline 0.001 -17"><span class='ocrx_word' id='word_1_109' title='bbox 730 1624 1060 1684; x_wconf 76' lang='grc' dir='ltr'><strong><em>ἔκποθεν</em></strong></span> <span class='ocrx_word' id='word_1_110' title='bbox 1106 1617 1572 1701; x_wconf 81' lang='grc' dir='ltr'><strong><em>Οὐλύμποιο.</em></strong></span> 
     </span>
    </p>
   </div>
   <div class='ocr_carea' id='block_1_7' title="bbox 597 1729 965 1805">
    <p class='ocr_par' dir='ltr' id='par_1_7' title="bbox 597 1729 965 1805">
     <span class='ocr_line' id='line_1_15' title="bbox 597 1729 965 1805; baseline 0.006 -20"><span class='ocrx_word' id='word_1_111' title='bbox 597 1729 672 1787; x_wconf 88' lang='lat' dir='ltr'><strong>V.</strong></span> <span class='ocrx_word' id='word_1_112' title='bbox 722 1731 844 1788; x_wconf 85' lang='lat'><strong>306</strong></span> <span class='ocrx_word' id='word_1_113' title='bbox 877 1748 965 1805; x_wconf 90' lang='lat' dir='ltr'><strong>sq.</strong></span> 
     </span>
    </p>
   </div>
   <div class='ocr_carea' id='block_1_8' title="bbox 730 1819 2221 1992">
    <p class='ocr_par' dir='ltr' id='par_1_8' title="bbox 730 1819 2221 1992">
     <span class='ocr_line' id='line_1_16' title="bbox 733 1819 2221 1907; baseline 0.003 -22"><span class='ocrx_word' id='word_1_114' title='bbox 733 1828 877 1898; x_wconf 77' lang='grc' dir='ltr'><strong>Πῶς</strong></span> <span class='ocrx_word' id='word_1_115' title='bbox 923 1820 1148 1887; x_wconf 73' lang='grc' dir='ltr'><strong><em>Αἶάνδε</em></strong></span> <span class='ocrx_word' id='word_1_116' title='bbox 1194 1826 1404 1888; x_wconf 83' lang='grc' dir='ltr'><strong><em>νέεσθε</em></strong></span> <span class='ocrx_word' id='word_1_117' title='bbox 1448 1830 1821 1904; x_wconf 79' lang='grc' dir='ltr'><strong><em>παλίσσυτοι,</em></strong></span> <span class='ocrx_word' id='word_1_118' title='bbox 1865 1819 1935 1907; x_wconf 79' lang='grc' dir='ltr'><strong>ἠέ</strong></span> <span class='ocrx_word' id='word_1_119' title='bbox 1976 1851 2063 1900; x_wconf 85' lang='grc' dir='ltr'><strong>τις</strong></span> <span class='ocrx_word' id='word_1_120' title='bbox 2105 1824 2221 1906; x_wconf 68' lang='grc' dir='ltr'><strong>ἄτη</strong></span> 
     </span>
     <span class='ocr_line' id='line_1_17' title="bbox 730 1910 1769 1992; baseline 0.002 -20"><span class='ocrx_word' id='word_1_121' title='bbox 730 1911 1047 1990; x_wconf 82' lang='grc' dir='ltr'><strong><em>σωομένοις</em></strong></span> <span class='ocrx_word' id='word_1_122' title='bbox 1089 1912 1382 1992; x_wconf 78' lang='grc' dir='ltr'><strong><em>μεσσηγὺς</em></strong></span> <span class='ocrx_word' id='word_1_123' title='bbox 1427 1910 1769 1981; x_wconf 76' lang='grc' dir='ltr'><strong><em>ένέκλασενς</em></strong></span> 
     </span>
    </p>
   </div>
   <div class='ocr_carea' id='block_1_9' title="bbox 429 2035 2770 2792">
    <p class='ocr_par' dir='ltr' id='par_1_9' title="bbox 429 2035 2770 2792">
     <span class='ocr_line' id='line_1_18' title="bbox 429 2035 2765 2112; baseline -0 -18"><span class='ocrx_word' id='word_1_124' title='bbox 429 2036 524 2095; x_wconf 90' lang='lat' dir='ltr'><strong>Ita</strong></span> <span class='ocrx_word' id='word_1_125' title='bbox 568 2040 724 2095; x_wconf 84' lang='lat' dir='ltr'><strong>recte</strong></span> <span class='ocrx_word' id='word_1_126' title='bbox 768 2054 838 2093; x_wconf 85' lang='lat' dir='ltr'><strong>ex</strong></span> <span class='ocrx_word' id='word_1_127' title='bbox 894 2035 1173 2110; x_wconf 81' lang='lat' dir='ltr'><strong>plurimis</strong></span> <span class='ocrx_word' id='word_1_128' title='bbox 1229 2035 1588 2112; x_wconf 84' lang='lat' dir='ltr'><strong>optimisque</strong></span> <span class='ocrx_word' id='word_1_129' title='bbox 1643 2036 1814 2094; x_wconf 89' lang='lat' dir='ltr'><strong>libris</strong></span> <span class='ocrx_word' id='word_1_130' title='bbox 1873 2036 2113 2111; x_wconf 87' lang='lat' dir='ltr'><strong>scripsit</strong></span> <span class='ocrx_word' id='word_1_131' title='bbox 2180 2035 2573 2103; x_wconf 79' lang='lat' dir='ltr'><strong>Wellauerus,</strong></span> <span class='ocrx_word' id='word_1_132' title='bbox 2631 2053 2765 2093; x_wconf 86' lang='lat' dir='ltr'><strong>cum</strong></span> 
     </span>
     <span class='ocr_line' id='line_1_19' title="bbox 429 2115 2767 2196; baseline -0.001 -17"><span class='ocrx_word' id='word_1_133' title='bbox 429 2122 773 2181; x_wconf 77' lang='lat' dir='ltr'><strong>Brwnckius</strong></span> <span class='ocrx_word' id='word_1_134' title='bbox 816 2138 1128 2196; x_wconf 76' lang='lat' dir='ltr'><strong>perperam</strong></span> <span class='ocrx_word' id='word_1_135' title='bbox 1175 2139 1494 2194; x_wconf 87' lang='lat' dir='ltr'><strong>paucorum</strong></span> <span class='ocrx_word' id='word_1_136' title='bbox 1538 2121 1830 2179; x_wconf 88' lang='lat' dir='ltr'><strong>librorum</strong></span> <span class='ocrx_word' id='word_1_137' title='bbox 1874 2122 2194 2180; x_wconf 88' lang='lat' dir='ltr'><strong>lectionem</strong></span> <span class='ocrx_word' id='word_1_138' title='bbox 2225 2115 2559 2195; x_wconf 82' lang='grc' dir='ltr'><strong><em>σωομένους</em></strong></span> <span class='ocrx_word' id='word_1_139' title='bbox 2599 2139 2767 2196; x_wconf 89' lang='lat' dir='ltr'><strong>prae-</strong></span> 
     </span>
     <span class='ocr_line' id='line_1_20' title="bbox 434 2205 2767 2282; baseline -0.001 -18"><span class='ocrx_word' id='word_1_140' title='bbox 434 2207 702 2280; x_wconf 83' lang='lat' dir='ltr'><strong>tulisset,</strong></span> <span class='ocrx_word' id='word_1_141' title='bbox 749 2210 956 2264; x_wconf 85' lang='lat' dir='ltr'><strong>contra</strong></span> <span class='ocrx_word' id='word_1_142' title='bbox 987 2223 1164 2282; x_wconf 90' lang='lat' dir='ltr'><strong>quem</strong></span> <span class='ocrx_word' id='word_1_143' title='bbox 1195 2209 1354 2265; x_wconf 85' lang='lat' dir='ltr'><strong>recte</strong></span> <span class='ocrx_word' id='word_1_144' title='bbox 1398 2206 1501 2263; x_wconf 88' lang='lat' dir='ltr'><strong>ille</strong></span> <span class='ocrx_word' id='word_1_145' title='bbox 1547 2207 1807 2280; x_wconf 88' lang='lat' dir='ltr'><strong>monuit,</strong></span> <span class='ocrx_word' id='word_1_146' title='bbox 1856 2207 2115 2264; x_wconf 89' lang='lat' dir='ltr'><strong>alienum</strong></span> <span class='ocrx_word' id='word_1_147' title='bbox 2160 2225 2284 2264; x_wconf 89' lang='lat' dir='ltr'><strong>esse</strong></span> <span class='ocrx_word' id='word_1_148' title='bbox 2320 2206 2396 2263; x_wconf 85' lang='lat' dir='ltr'><strong>ab</strong></span> <span class='ocrx_word' id='word_1_149' title='bbox 2441 2205 2553 2263; x_wconf 90' lang='lat' dir='ltr'><strong>hoc</strong></span> <span class='ocrx_word' id='word_1_150' title='bbox 2586 2205 2767 2262; x_wconf 87' lang='lat' dir='ltr'><strong>verbo</strong></span> 
     </span>
     <span class='ocr_line' id='line_1_21' title="bbox 433 2286 2762 2366; baseline -0.001 -17"><span class='ocrx_word' id='word_1_151' title='bbox 433 2292 836 2350; x_wconf 83' lang='lat' dir='ltr'><strong>accusativum</strong></span> <span class='ocrx_word' id='word_1_152' title='bbox 882 2307 1180 2365; x_wconf 87' lang='lat' dir='ltr'><strong>personae.</strong></span> <span class='ocrx_word' id='word_1_153' title='bbox 1254 2290 1456 2349; x_wconf 88' lang='lat' dir='ltr'><strong>Manet</strong></span> <span class='ocrx_word' id='word_1_154' title='bbox 1508 2291 1746 2365; x_wconf 88' lang='lat' dir='ltr'><strong>quidem</strong></span> <span class='ocrx_word' id='word_1_155' title='bbox 1800 2292 1894 2348; x_wconf 88' lang='lat' dir='ltr'><strong>hic</strong></span> <span class='ocrx_word' id='word_1_156' title='bbox 1924 2309 2161 2366; x_wconf 91' lang='lat' dir='ltr'><strong>quoque</strong></span> <span class='ocrx_word' id='word_1_157' title='bbox 2194 2286 2452 2348; x_wconf 80' lang='grc' dir='ltr'><strong><em>ἐνικλοὶω</em></strong></span> <span class='ocrx_word' id='word_1_158' title='bbox 2483 2290 2762 2364; x_wconf 84' lang='lat' dir='ltr'><strong>activum,</strong></span> 
     </span>
     <span class='ocr_line' id='line_1_22' title="bbox 433 2374 2767 2452; baseline -0.001 -18"><span class='ocrx_word' id='word_1_159' title='bbox 433 2377 535 2435; x_wconf 88' lang='lat' dir='ltr'><strong>sed</strong></span> <span class='ocrx_word' id='word_1_160' title='bbox 580 2378 681 2452; x_wconf 91' lang='lat' dir='ltr'><strong>qui</strong></span> <span class='ocrx_word' id='word_1_161' title='bbox 727 2376 866 2434; x_wconf 87' lang='lat' dir='ltr'><strong>inde</strong></span> <span class='ocrx_word' id='word_1_162' title='bbox 910 2379 1087 2451; x_wconf 83' lang='lat' dir='ltr'><strong>aptus</strong></span> <span class='ocrx_word' id='word_1_163' title='bbox 1142 2377 1223 2436; x_wconf 90' lang='lat' dir='ltr'><strong>sit</strong></span> <span class='ocrx_word' id='word_1_164' title='bbox 1280 2376 1680 2450; x_wconf 75' lang='lat' dir='ltr'><strong>accusativuS,</strong></span> <span class='ocrx_word' id='word_1_165' title='bbox 1740 2376 2102 2451; x_wconf 82' lang='lat' dir='ltr'><strong>cogitatione</strong></span> <span class='ocrx_word' id='word_1_166' title='bbox 2160 2374 2494 2434; x_wconf 88' lang='lat' dir='ltr'><strong>eliciendus</strong></span> <span class='ocrx_word' id='word_1_167' title='bbox 2549 2380 2642 2432; x_wconf 89' lang='lat' dir='ltr'><strong>est</strong></span> <span class='ocrx_word' id='word_1_168' title='bbox 2695 2393 2767 2431; x_wconf 86' lang='lat' dir='ltr'><strong>ex</strong></span> 
     </span>
     <span class='ocr_line' id='line_1_23' title="bbox 435 2455 2768 2536; baseline -0.002 -16"><span class='ocrx_word' id='word_1_169' title='bbox 435 2463 616 2520; x_wconf 88' lang='lat' dir='ltr'><strong>verbo</strong></span> <span class='ocrx_word' id='word_1_170' title='bbox 675 2455 1021 2533; x_wconf 81' lang='grc' dir='ltr'><strong><em>σωομένοις.</em></strong></span> <span class='ocrx_word' id='word_1_171' title='bbox 1112 2461 1333 2519; x_wconf 85' lang='lat' dir='ltr'><strong>Sensus</strong></span> <span class='ocrx_word' id='word_1_172' title='bbox 1390 2462 1547 2519; x_wconf 90' lang='lat' dir='ltr'><strong>enim</strong></span> <span class='ocrx_word' id='word_1_173' title='bbox 1604 2461 1697 2518; x_wconf 86' lang='lat' dir='ltr'><strong>hic</strong></span> <span class='ocrx_word' id='word_1_174' title='bbox 1756 2464 1871 2519; x_wconf 88' lang='lat' dir='ltr'><strong>est:</strong></span> <span class='ocrx_word' id='word_1_175' title='bbox 1945 2464 2090 2536; x_wconf 85' lang='lat' dir='ltr'><strong>„aut</strong></span> <span class='ocrx_word' id='word_1_176' title='bbox 2146 2461 2317 2520; x_wconf 86' lang='lat' dir='ltr'><strong>vobis</strong></span> <span class='ocrx_word' id='word_1_177' title='bbox 2374 2459 2768 2517; x_wconf 87' lang='lat' dir='ltr'><strong>redeuntibus</strong></span> 
     </span>
     <span class='ocr_line' id='line_1_24' title="bbox 432 2544 2770 2624; baseline -0.002 -19"><span class='ocrx_word' id='word_1_178' title='bbox 432 2548 631 2624; x_wconf 83' lang='lat' dir='ltr'><strong>aliqua</strong></span> <span class='ocrx_word' id='word_1_179' title='bbox 674 2546 981 2607; x_wconf 82' lang='lat' dir='ltr'><strong>calamitas</strong></span> <span class='ocrx_word' id='word_1_180' title='bbox 1025 2547 1088 2604; x_wconf 87' lang='lat' dir='ltr'><strong>in</strong></span> <span class='ocrx_word' id='word_1_181' title='bbox 1134 2546 1328 2605; x_wconf 86' lang='lat' dir='ltr'><strong>medio</strong></span> <span class='ocrx_word' id='word_1_182' title='bbox 1373 2545 1693 2622; x_wconf 86' lang='lat' dir='ltr'><strong>infregit“,</strong></span> <span class='ocrx_word' id='word_1_183' title='bbox 1741 2546 1867 2605; x_wconf 86' lang='lat' dir='ltr'><strong>soil.</strong></span> <span class='ocrx_word' id='word_1_184' title='bbox 1923 2547 2079 2606; x_wconf 86' lang='lat' dir='ltr'><strong>viam</strong></span> <span class='ocrx_word' id='word_1_185' title='bbox 2139 2548 2201 2604; x_wconf 90' lang='lat' dir='ltr'><strong>et</strong></span> <span class='ocrx_word' id='word_1_186' title='bbox 2255 2547 2387 2604; x_wconf 86' lang='lat' dir='ltr'><strong>iter.</strong></span> <span class='ocrx_word' id='word_1_187' title='bbox 2477 2544 2593 2603; x_wconf 88' lang='lat' dir='ltr'><strong>Sed</strong></span> <span class='ocrx_word' id='word_1_188' title='bbox 2650 2544 2770 2602; x_wconf 84' lang='lat' dir='ltr'><strong>alia</strong></span> 
     </span>
     <span class='ocr_line' id='line_1_25' title="bbox 435 2631 2768 2707; baseline -0.001 -18"><span class='ocrx_word' id='word_1_189' title='bbox 435 2635 528 2691; x_wconf 89' lang='lat' dir='ltr'><strong>est</strong></span> <span class='ocrx_word' id='word_1_190' title='bbox 570 2651 771 2706; x_wconf 86' lang='lat' dir='ltr'><strong>causa,</strong></span> <span class='ocrx_word' id='word_1_191' title='bbox 819 2632 895 2689; x_wconf 94' lang='lat' dir='ltr'><strong>ob</strong></span> <span class='ocrx_word' id='word_1_192' title='bbox 938 2651 1116 2707; x_wconf 90' lang='lat' dir='ltr'><strong>quam</strong></span> <span class='ocrx_word' id='word_1_193' title='bbox 1161 2632 1335 2689; x_wconf 88' lang='lat' dir='ltr'><strong>huius</strong></span> <span class='ocrx_word' id='word_1_194' title='bbox 1380 2632 1491 2689; x_wconf 88' lang='lat' dir='ltr'><strong>loci</strong></span> <span class='ocrx_word' id='word_1_195' title='bbox 1539 2631 1650 2689; x_wconf 85' lang='lat' dir='ltr'><strong>feci</strong></span> <span class='ocrx_word' id='word_1_196' title='bbox 1698 2632 2077 2690; x_wconf 87' lang='lat' dir='ltr'><strong>mentionem.</strong></span> <span class='ocrx_word' id='word_1_197' title='bbox 2136 2631 2243 2688; x_wconf 78' lang='lat' dir='ltr'><strong>Ex</strong></span> <span class='ocrx_word' id='word_1_198' title='bbox 2304 2649 2373 2688; x_wconf 92' lang='lat' dir='ltr'><strong>eo</strong></span> <span class='ocrx_word' id='word_1_199' title='bbox 2431 2631 2589 2688; x_wconf 86' lang='lat' dir='ltr'><strong>enim</strong></span> <span class='ocrx_word' id='word_1_200' title='bbox 2649 2649 2768 2686; x_wconf 84' lang='lat' dir='ltr'><strong>ma-</strong></span> 
     </span>
     <span class='ocr_line' id='line_1_26' title="bbox 432 2714 2270 2792; baseline -0.001 -17"><span class='ocrx_word' id='word_1_201' title='bbox 432 2736 619 2792; x_wconf 83' lang='lat' dir='ltr'><strong>gnum</strong></span> <span class='ocrx_word' id='word_1_202' title='bbox 665 2717 882 2791; x_wconf 90' lang='lat' dir='ltr'><strong>accipit</strong></span> <span class='ocrx_word' id='word_1_203' title='bbox 926 2716 1334 2774; x_wconf 85' lang='lat' dir='ltr'><strong>adiumentum</strong></span> <span class='ocrx_word' id='word_1_204' title='bbox 1379 2716 1541 2774; x_wconf 88' lang='lat' dir='ltr'><strong>locus</strong></span> <span class='ocrx_word' id='word_1_205' title='bbox 1589 2716 1797 2787; x_wconf 83' lang='lat' dir='ltr'><strong>Quinti</strong></span> <span class='ocrx_word' id='word_1_206' title='bbox 1843 2714 1978 2790; x_wconf 86' lang='lat' dir='ltr'>VII,</span> <span class='ocrx_word' id='word_1_207' title='bbox 2027 2717 2145 2774; x_wconf 81' lang='lat'><strong>247</strong></span> <span class='ocrx_word' id='word_1_208' title='bbox 2181 2735 2270 2791; x_wconf 88' lang='lat' dir='ltr'><strong>sq.</strong></span> 
     </span>
    </p>
   </div>
   <div class='ocr_carea' id='block_1_10' title="bbox 736 2823 2404 2992">
    <p class='ocr_par' dir='ltr' id='par_1_10' title="bbox 736 2823 2404 2992">
     <span class='ocr_line' id='line_1_27' title="bbox 904 2823 2404 2916; baseline 0.001 -27"><span class='ocrx_word' id='word_1_209' title='bbox 904 2867 987 2877; x_wconf 84' lang='lat'><strong>—-</strong></span> <span class='ocrx_word' id='word_1_210' title='bbox 1073 2865 1157 2875; x_wconf 90' lang='lat'>—</span> <span class='ocrx_word' id='word_1_211' title='bbox 1248 2866 1316 2874; x_wconf 90' lang='lat'>—</span> <span class='ocrx_word' id='word_1_212' title='bbox 1413 2840 1498 2916; x_wconf 73' lang='grc' dir='ltr'><strong>τῷ</strong></span> <span class='ocrx_word' id='word_1_213' title='bbox 1543 2827 1601 2889; x_wconf 81' lang='grc' dir='ltr'><strong>δ’</strong></span> <span class='ocrx_word' id='word_1_214' title='bbox 1647 2823 1902 2911; x_wconf 68' lang='grc' dir='ltr'><strong><em>ἅτροπος</em></strong></span> <span class='ocrx_word' id='word_1_215' title='bbox 1945 2825 2153 2907; x_wconf 81' lang='grc' dir='ltr'><strong><em>ἤντετο</em></strong></span> <span class='ocrx_word' id='word_1_216' title='bbox 2195 2836 2404 2913; x_wconf 83' lang='grc' dir='ltr'><strong><em>μοῖρα,</em></strong></span> 
     </span>
     <span class='ocr_line' id='line_1_28' title="bbox 736 2892 1629 2992; baseline 0 -17"><span class='ocrx_word' id='word_1_217' title='bbox 736 2913 781 2992; x_wconf 80' lang='grc' dir='ltr'>ἥ</span> <span class='ocrx_word' id='word_1_218' title='bbox 825 2917 890 2975; x_wconf 78' lang='grc' dir='ltr'><strong>οἱ</strong></span> <span class='ocrx_word' id='word_1_219' title='bbox 925 2913 1298 2977; x_wconf 83' lang='grc' dir='ltr'><strong><em>ὖπέκλασε</em></strong></span> <span class='ocrx_word' id='word_1_220' title='bbox 1347 2892 1629 2977; x_wconf 85' lang='grc' dir='ltr'><strong><em>νόστον.</em></strong></span> 
     </span>
    </p>
   </div>
   <div class='ocr_carea' id='block_1_11' title="bbox 378 3038 2775 4135">
    <p class='ocr_par' dir='ltr' id='par_1_11' title="bbox 378 3038 2775 4135">
     <span class='ocr_line' id='line_1_29' title="bbox 438 3038 2770 3113; baseline -0.001 -17"><span class='ocrx_word' id='word_1_221' title='bbox 438 3039 722 3097; x_wconf 83' lang='lat' dir='ltr'><strong>Tentavit</strong></span> <span class='ocrx_word' id='word_1_222' title='bbox 764 3038 922 3097; x_wconf 91' lang='lat' dir='ltr'><strong>hunc</strong></span> <span class='ocrx_word' id='word_1_223' title='bbox 966 3038 1158 3096; x_wconf 87' lang='lat' dir='ltr'><strong>locum</strong></span> <span class='ocrx_word' id='word_1_224' title='bbox 1203 3039 1433 3113; x_wconf 89' lang='lat' dir='ltr'><strong>primus</strong></span> <span class='ocrx_word' id='word_1_225' title='bbox 1462 3039 1744 3097; x_wconf 74' lang='lat' dir='ltr'><strong>Bonitius</strong></span> <span class='ocrx_word' id='word_1_226' title='bbox 1787 3039 1927 3096; x_wconf 87' lang='lat' dir='ltr'><strong>olim</strong></span> <span class='ocrx_word' id='word_1_227' title='bbox 1974 3040 2179 3096; x_wconf 86' lang='lat' dir='ltr'><strong>noster</strong></span> <span class='ocrx_word' id='word_1_228' title='bbox 2222 3038 2283 3095; x_wconf 90' lang='lat' dir='ltr'><strong>in</strong></span> <span class='ocrx_word' id='word_1_229' title='bbox 2328 3038 2613 3113; x_wconf 84' lang='lat' dir='ltr'><strong>symbolis</strong></span> <span class='ocrx_word' id='word_1_230' title='bbox 2658 3038 2770 3095; x_wconf 85' lang='lat' dir='ltr'><strong>ori-</strong></span> 
     </span>
     <span class='ocr_line' id='line_1_30' title="bbox 439 3120 2772 3224; baseline -0 -44"><span class='ocrx_word' id='word_1_231' title='bbox 439 3124 599 3198; x_wconf 78' lang='lat' dir='ltr'><strong>ticis,</strong></span> <span class='ocrx_word' id='word_1_232' title='bbox 645 3142 792 3205; x_wconf 86' lang='lat' dir='ltr'><strong>quas</strong></span> <span class='ocrx_word' id='word_1_233' title='bbox 837 3121 1052 3182; x_wconf 80' lang='lat' dir='ltr'><strong>annali.</strong></span> <span class='ocrx_word' id='word_1_234' title='bbox 1112 3124 1390 3198; x_wconf 86' lang='lat' dir='ltr'><strong>antiquit.</strong></span> <span class='ocrx_word' id='word_1_235' title='bbox 1439 3122 1712 3182; x_wconf 87' lang='lat' dir='ltr'><strong>V01.111</strong></span> <span class='ocrx_word' id='word_1_236' title='bbox 1756 3120 1979 3202; x_wconf 85' lang='lat'>(1836)</span> <span class='ocrx_word' id='word_1_237' title='bbox 2027 3123 2372 3181; x_wconf 86' lang='lat' dir='ltr'><strong>inserendas</strong></span> <span class='ocrx_word' id='word_1_238' title='bbox 2420 3125 2669 3196; x_wconf 84' lang='lat' dir='ltr'><strong>curavit,</strong></span> <span class='ocrx_word' id='word_1_239' title='bbox 2714 3142 2772 3224; x_wconf 80' lang='lat' dir='ltr'><strong>p.</strong></span> 
     </span>
     <span class='ocr_line' id='line_1_31' title="bbox 443 3197 2771 3283; baseline -0.001 -18"><span class='ocrx_word' id='word_1_240' title='bbox 443 3209 650 3282; x_wconf 82' lang='grc'>1235,</span> <span class='ocrx_word' id='word_1_241' title='bbox 684 3214 863 3283; x_wconf 84' lang='lat' dir='ltr'><strong>atque</strong></span> <span class='ocrx_word' id='word_1_242' title='bbox 906 3208 1229 3281; x_wconf 72' lang='lat' dir='ltr'><strong>franyemli</strong></span> <span class='ocrx_word' id='word_1_243' title='bbox 1276 3209 1597 3283; x_wconf 84' lang='lat' dir='ltr'><strong>imaginem</strong></span> <span class='ocrx_word' id='word_1_244' title='bbox 1639 3229 1677 3266; x_wconf 85' lang='lat' dir='ltr'><strong>a</strong></span> <span class='ocrx_word' id='word_1_245' title='bbox 1732 3207 1928 3267; x_wconf 89' lang='lat' dir='ltr'><strong>reditu</strong></span> <span class='ocrx_word' id='word_1_246' title='bbox 1984 3208 2298 3266; x_wconf 90' lang='lat' dir='ltr'><strong>abhorrere</strong></span> <span class='ocrx_word' id='word_1_247' title='bbox 2354 3197 2771 3283; x_wconf 68' lang='lat' dir='ltr'><strong>ratu8,13n:e&#39;-</strong></span> 
     </span>
     <span class='ocr_line' id='line_1_32' title="bbox 378 3291 2774 3370; baseline 0 -21"><span class='ocrx_word' id='word_1_248' title='bbox 378 3302 406 3349; x_wconf 84' lang='lat'>7</span> <span class='ocrx_word' id='word_1_249' title='bbox 431 3314 516 3366; x_wconf 86' lang='grc' dir='ltr'><strong>τμ</strong></span> <span class='ocrx_word' id='word_1_250' title='bbox 537 3312 660 3370; x_wconf 75' lang='grc' dir='ltr'><strong><em>αγε</em></strong></span> <span class='ocrx_word' id='word_1_251' title='bbox 705 3293 965 3352; x_wconf 85' lang='lat' dir='ltr'><strong>refinxit.</strong></span> <span class='ocrx_word' id='word_1_252' title='bbox 1042 3292 1210 3361; x_wconf 84' lang='lat' dir='ltr'><strong>Quod</strong></span> <span class='ocrx_word' id='word_1_253' title='bbox 1242 3292 1523 3351; x_wconf 87' lang='lat' dir='ltr'><strong>iudicium</strong></span> <span class='ocrx_word' id='word_1_254' title='bbox 1554 3292 1815 3368; x_wconf 88' lang='lat' dir='ltr'><strong>probans</strong></span> <span class='ocrx_word' id='word_1_255' title='bbox 1845 3291 2205 3365; x_wconf 73' lang='lat' dir='ltr'><strong>SpitzneruS,</strong></span> <span class='ocrx_word' id='word_1_256' title='bbox 2250 3292 2312 3349; x_wconf 93' lang='lat' dir='ltr'><strong>in</strong></span> <span class='ocrx_word' id='word_1_257' title='bbox 2344 3291 2774 3351; x_wconf 81' lang='lat' dir='ltr'><strong>observationi-</strong></span> 
     </span>
     <span class='ocr_line' id='line_1_33' title="bbox 438 3372 2775 3472; baseline -0.001 -36"><span class='ocrx_word' id='word_1_258' title='bbox 438 3379 547 3436; x_wconf 88' lang='lat' dir='ltr'><strong>bus</strong></span> <span class='ocrx_word' id='word_1_259' title='bbox 602 3378 849 3452; x_wconf 76' lang='lat' dir='ltr'><strong>oriticiS,</strong></span> <span class='ocrx_word' id='word_1_260' title='bbox 908 3395 1058 3453; x_wconf 89' lang='lat' dir='ltr'><strong>quae</strong></span> <span class='ocrx_word' id='word_1_261' title='bbox 1111 3377 1319 3435; x_wconf 88' lang='lat' dir='ltr'><strong>eodem</strong></span> <span class='ocrx_word' id='word_1_262' title='bbox 1379 3378 1590 3436; x_wconf 86' lang='lat' dir='ltr'><strong>horreo</strong></span> <span class='ocrx_word' id='word_1_263' title='bbox 1646 3376 1732 3434; x_wconf 92' lang='lat' dir='ltr'><strong>IV</strong></span> <span class='ocrx_word' id='word_1_264' title='bbox 1789 3372 2014 3470; x_wconf 84' lang='grc'>(1837)</span> <span class='ocrx_word' id='word_1_265' title='bbox 2071 3378 2481 3472; x_wconf 88' lang='lat' dir='ltr'><strong>continentur,</strong></span> <span class='ocrx_word' id='word_1_266' title='bbox 2542 3376 2775 3435; x_wconf 70' lang='lat' dir='ltr'><strong>Boniti-i</strong></span> 
     </span>
     <span class='ocr_line' id='line_1_34' title="bbox 433 3447 2773 3540; baseline -0.002 -18"><span class='ocrx_word' id='word_1_267' title='bbox 433 3464 773 3522; x_wconf 88' lang='lat' dir='ltr'><strong>coniectura</strong></span> <span class='ocrx_word' id='word_1_268' title='bbox 817 3464 1063 3536; x_wconf 85' lang='lat' dir='ltr'><strong>reiecta,</strong></span> <span class='ocrx_word' id='word_1_269' title='bbox 1111 3462 1236 3535; x_wconf 88' lang='lat' dir='ltr'><strong>ipse</strong></span> <span class='ocrx_word' id='word_1_270' title='bbox 1282 3458 1367 3540; x_wconf 89' lang='lat' dir='ltr'><strong>[p</strong></span> <span class='ocrx_word' id='word_1_271' title='bbox 1421 3459 1614 3539; x_wconf 83' lang='lat'>1176]</span> <span class='ocrx_word' id='word_1_272' title='bbox 1674 3482 1711 3536; x_wconf 89' lang='grc' dir='ltr'><em>η</em></span> <span class='ocrx_word' id='word_1_273' title='bbox 1756 3459 1816 3518; x_wconf 82' lang='grc' dir='ltr'><strong>οἵ</strong></span> <span class='ocrx_word' id='word_1_274' title='bbox 1866 3447 2232 3519; x_wconf 78' lang='grc' dir='ltr'><strong><em>ὖπέκλασεν</em></strong></span> <span class='ocrx_word' id='word_1_275' title='bbox 2286 3451 2477 3520; x_wconf 82' lang='grc' dir='ltr'><strong><em>ὀστέ’</em></strong></span> <span class='ocrx_word' id='word_1_276' title='bbox 2537 3453 2773 3536; x_wconf 70' lang='grc' dir='ltr'><strong><em>(ἐπειρέ-</em></strong></span> 
     </span>
     <span class='ocr_line' id='line_1_35' title="bbox 436 3507 2768 3622; baseline -0 -18"><span class='ocrx_word' id='word_1_277' title='bbox 436 3564 566 3604; x_wconf 84' lang='grc' dir='ltr'><strong><em>σιον</em></strong></span> <span class='ocrx_word' id='word_1_278' title='bbox 611 3543 730 3604; x_wconf 80' lang='grc' dir='ltr'><strong>κτέ.</strong></span> <span class='ocrx_word' id='word_1_279' title='bbox 780 3507 1109 3622; x_wconf 88' lang='lat' dir='ltr'><strong>proposuit.</strong></span> <span class='ocrx_word' id='word_1_280' title='bbox 1184 3546 1311 3604; x_wconf 89' lang='lat' dir='ltr'><strong>Iam</strong></span> <span class='ocrx_word' id='word_1_281' title='bbox 1357 3564 1498 3605; x_wconf 87' lang='lat' dir='ltr'><strong>vero</strong></span> <span class='ocrx_word' id='word_1_282' title='bbox 1536 3550 1811 3604; x_wconf 83' lang='lat' dir='ltr'><strong>neutram</strong></span> <span class='ocrx_word' id='word_1_283' title='bbox 1844 3546 2319 3605; x_wconf 87' lang='lat' dir='ltr'><strong>emendationem</strong></span> <span class='ocrx_word' id='word_1_284' title='bbox 2363 3545 2635 3621; x_wconf 89' lang='lat' dir='ltr'><strong>pluribus</strong></span> <span class='ocrx_word' id='word_1_285' title='bbox 2680 3565 2768 3603; x_wconf 89' lang='lat' dir='ltr'><strong>re-</strong></span> 
     </span>
     <span class='ocr_line' id='line_1_36' title="bbox 440 3630 2766 3707; baseline 0 -19"><span class='ocrx_word' id='word_1_286' title='bbox 440 3631 643 3690; x_wconf 88' lang='lat' dir='ltr'><strong>fellere</strong></span> <span class='ocrx_word' id='word_1_287' title='bbox 689 3649 837 3707; x_wconf 88' lang='lat' dir='ltr'><strong>opus</strong></span> <span class='ocrx_word' id='word_1_288' title='bbox 881 3631 1146 3704; x_wconf 85' lang='lat' dir='ltr'><strong>videtur,</strong></span> <span class='ocrx_word' id='word_1_289' title='bbox 1194 3650 1327 3689; x_wconf 91' lang='lat' dir='ltr'><strong>cum</strong></span> <span class='ocrx_word' id='word_1_290' title='bbox 1372 3631 1489 3689; x_wconf 88' lang='lat' dir='ltr'><strong>loci</strong></span> <span class='ocrx_word' id='word_1_291' title='bbox 1532 3630 1835 3706; x_wconf 86' lang='lat' dir='ltr'><strong>Apollonii</strong></span> <span class='ocrx_word' id='word_1_292' title='bbox 1868 3634 1928 3688; x_wconf 89' lang='lat' dir='ltr'><strong>et</strong></span> <span class='ocrx_word' id='word_1_293' title='bbox 1960 3631 2167 3702; x_wconf 83' lang='lat' dir='ltr'><strong>Quinti</strong></span> <span class='ocrx_word' id='word_1_294' title='bbox 2212 3632 2357 3689; x_wconf 87' lang='lat' dir='ltr'><strong>satis</strong></span> <span class='ocrx_word' id='word_1_295' title='bbox 2405 3649 2466 3689; x_wconf 88' lang='lat' dir='ltr'><strong>se</strong></span> <span class='ocrx_word' id='word_1_296' title='bbox 2513 3630 2766 3690; x_wconf 83' lang='lat' dir='ltr'><strong>invicem</strong></span> 
     </span>
     <span class='ocr_line' id='line_1_37' title="bbox 440 3717 974 3776; baseline -0.004 -2"><span class='ocrx_word' id='word_1_297' title='bbox 440 3718 595 3775; x_wconf 89' lang='lat' dir='ltr'><strong>tueri</strong></span> <span class='ocrx_word' id='word_1_298' title='bbox 639 3717 974 3776; x_wconf 86' lang='lat' dir='ltr'><strong>videantur.</strong></span> 
     </span>
     <span class='ocr_line' id='line_1_38' title="bbox 611 3800 875 3860; baseline 0.008 -3"><span class='ocrx_word' id='word_1_299' title='bbox 611 3800 684 3859; x_wconf 89' lang='lat' dir='ltr'><strong>V.</strong></span> <span class='ocrx_word' id='word_1_300' title='bbox 734 3802 875 3860; x_wconf 82' lang='lat'><strong>737.</strong></span> 
     </span>
     <span class='ocr_line' id='line_1_39' title="bbox 1045 3873 1960 3964; baseline -0.001 -23"><span class='ocrx_word' id='word_1_301' title='bbox 1045 3916 1129 3928; x_wconf 92' lang='lat'><strong>—-</strong></span> <span class='ocrx_word' id='word_1_302' title='bbox 1220 3916 1293 3925; x_wconf 89' lang='lat'>—</span> <span class='ocrx_word' id='word_1_303' title='bbox 1385 3917 1466 3928; x_wconf 95' lang='lat'><strong>—</strong></span> <span class='ocrx_word' id='word_1_304' title='bbox 1552 3873 1657 3964; x_wconf 80' lang='grc' dir='ltr'><strong>ἦρι</strong></span> <span class='ocrx_word' id='word_1_305' title='bbox 1701 3881 1767 3943; x_wconf 80' lang='grc' dir='ltr'><strong>δὲ</strong></span> <span class='ocrx_word' id='word_1_306' title='bbox 1812 3873 1960 3958; x_wconf 79' lang='grc' dir='ltr'><strong><em>νηὸν</em></strong></span> 
     </span>
     <span class='ocr_line' id='line_1_40' title="bbox 740 3962 2396 4075; baseline -0.002 -47"><span class='ocrx_word' id='word_1_307' title='bbox 740 3967 972 4046; x_wconf 77' lang='grc' dir='ltr'><strong><em>εἴσομαι</em></strong></span> <span class='ocrx_word' id='word_1_308' title='bbox 1015 3968 1097 4038; x_wconf 81' lang='grc' dir='ltr'><strong><em>εἰς</em></strong></span> <span class='ocrx_word' id='word_1_309' title='bbox 1133 3962 1414 4044; x_wconf 74' lang='grc' dir='ltr'><strong>Ἑκάτης,</strong></span> <span class='ocrx_word' id='word_1_310' title='bbox 1458 3966 1786 4075; x_wconf 81' lang='grc' dir='ltr'><strong><em>θελκτήρια</em></strong></span> <span class='ocrx_word' id='word_1_311' title='bbox 1830 3963 2115 4047; x_wconf 75' lang='grc' dir='ltr'><strong><em>φάρμακα</em></strong></span> <span class='ocrx_word' id='word_1_312' title='bbox 2159 3989 2396 4045; x_wconf 86' lang='grc' dir='ltr'><strong><em>ταυρων</em></strong></span> 
     </span>
     <span class='ocr_line' id='line_1_41' title="bbox 740 4045 2276 4135; baseline 0.001 -24"><span class='ocrx_word' id='word_1_313' title='bbox 740 4051 1016 4130; x_wconf 82' lang='grc' dir='ltr'><strong><em>οἰσομένη</em></strong></span> <span class='ocrx_word' id='word_1_314' title='bbox 1060 4054 1265 4134; x_wconf 81' lang='grc' dir='ltr'><strong><em>ξείνῳ,</em></strong></span> <span class='ocrx_word' id='word_1_315' title='bbox 1316 4048 1461 4135; x_wconf 77' lang='grc' dir='ltr'><strong><em>ὑπὲρ</em></strong></span> <span class='ocrx_word' id='word_1_316' title='bbox 1505 4045 1581 4113; x_wconf 88' lang='grc' dir='ltr'><strong>ου</strong></span> <span class='ocrx_word' id='word_1_317' title='bbox 1623 4049 1752 4112; x_wconf 82' lang='grc' dir='ltr'><strong><em>τοδε</em></strong></span> <span class='ocrx_word' id='word_1_318' title='bbox 1799 4057 1992 4123; x_wconf 84' lang='grc' dir='ltr'><strong><em>νεῖκος</em></strong></span> <span class='ocrx_word' id='word_1_319' title='bbox 2033 4051 2276 4134; x_wconf 79' lang='grc' dir='ltr'><strong><em>ὄρωρεν.</em></strong></span> 
     </span>
    </p>
   </div>
   <div class='ocr_carea' id='block_1_12' title="bbox 437 4155 2772 4318">
    <p class='ocr_par' dir='ltr' id='par_1_12' title="bbox 437 4155 2772 4318">
     <span class='ocr_line' id='line_1_42' title="bbox 437 4155 2771 4218; baseline 0 -4"><span class='ocrx_word' id='word_1_320' title='bbox 437 4158 784 4215; x_wconf 88' lang='lat' dir='ltr'><strong>Postremus</strong></span> <span class='ocrx_word' id='word_1_321' title='bbox 828 4176 1034 4216; x_wconf 86' lang='lat' dir='ltr'><strong>versus</strong></span> <span class='ocrx_word' id='word_1_322' title='bbox 1087 4176 1118 4215; x_wconf 91' lang='lat' dir='ltr'><strong>e</strong></span> <span class='ocrx_word' id='word_1_323' title='bbox 1176 4159 1413 4218; x_wconf 87' lang='lat' dir='ltr'><strong>scholiis</strong></span> <span class='ocrx_word' id='word_1_324' title='bbox 1458 4158 1821 4217; x_wconf 84' lang='lat' dir='ltr'><strong>Florentinis</strong></span> <span class='ocrx_word' id='word_1_325' title='bbox 1874 4176 1911 4213; x_wconf 85' lang='lat' dir='ltr'><strong>a</strong></span> <span class='ocrx_word' id='word_1_326' title='bbox 1964 4156 2267 4216; x_wconf 77' lang='lat' dir='ltr'><strong>Brunckio</strong></span> <span class='ocrx_word' id='word_1_327' title='bbox 2322 4162 2383 4215; x_wconf 90' lang='lat' dir='ltr'><strong>et</strong></span> <span class='ocrx_word' id='word_1_328' title='bbox 2446 4155 2771 4215; x_wconf 71' lang='lat' dir='ltr'><strong>Wellauero</strong></span> 
     </span>
     <span class='ocr_line' id='line_1_43' title="bbox 439 4238 2772 4318; baseline 0 -20"><span class='ocrx_word' id='word_1_329' title='bbox 439 4247 713 4317; x_wconf 88' lang='lat' dir='ltr'><strong>receptus</strong></span> <span class='ocrx_word' id='word_1_330' title='bbox 758 4244 875 4317; x_wconf 86' lang='lat' dir='ltr'><strong>est,</strong></span> <span class='ocrx_word' id='word_1_331' title='bbox 926 4261 1042 4318; x_wconf 94' lang='lat' dir='ltr'><strong>quo</strong></span> <span class='ocrx_word' id='word_1_332' title='bbox 1088 4243 1304 4302; x_wconf 90' lang='lat' dir='ltr'><strong>omisso</strong></span> <span class='ocrx_word' id='word_1_333' title='bbox 1348 4245 1412 4302; x_wconf 90' lang='lat' dir='ltr'><strong>in</strong></span> <span class='ocrx_word' id='word_1_334' title='bbox 1451 4242 1664 4302; x_wconf 84' lang='lat' dir='ltr'><strong>ceteris</strong></span> <span class='ocrx_word' id='word_1_335' title='bbox 1706 4242 1876 4300; x_wconf 89' lang='lat' dir='ltr'><strong>libris</strong></span> <span class='ocrx_word' id='word_1_336' title='bbox 1920 4262 1976 4301; x_wconf 87' lang='lat' dir='ltr'><strong>v.</strong></span> <span class='ocrx_word' id='word_1_337' title='bbox 2012 4243 2132 4300; x_wconf 80' lang='lat'><strong>738</strong></span> <span class='ocrx_word' id='word_1_338' title='bbox 2178 4261 2287 4316; x_wconf 90' lang='lat' dir='ltr'><strong>pro</strong></span> <span class='ocrx_word' id='word_1_339' title='bbox 2332 4238 2567 4315; x_wconf 81' lang='grc' dir='ltr'><strong><em>εἴσομαι</em></strong></span> <span class='ocrx_word' id='word_1_340' title='bbox 2612 4241 2772 4316; x_wconf 85' lang='lat' dir='ltr'><strong>lege-</strong></span> 
     </span>
    </p>
   </div>
   <div class='ocr_carea' id='block_1_13' title="bbox 438 4323 2875 4401">
    <p class='ocr_par' dir='ltr' id='par_1_13' title="bbox 438 4323 2875 4401">
     <span class='ocr_line' id='line_1_44' title="bbox 438 4323 2875 4401; baseline 0 -18"><span class='ocrx_word' id='word_1_341' title='bbox 438 4327 620 4384; x_wconf 87' lang='lat' dir='ltr'><strong>batur</strong></span> <span class='ocrx_word' id='word_1_342' title='bbox 663 4323 922 4401; x_wconf 84' lang='grc' dir='ltr'><strong><em>οἴσομαι.</em></strong></span> <span class='ocrx_word' id='word_1_343' title='bbox 1000 4328 1096 4386; x_wconf 83' lang='lat' dir='ltr'><strong>Ita</strong></span> <span class='ocrx_word' id='word_1_344' title='bbox 1152 4327 1492 4389; x_wconf 79' lang='lat' dir='ltr'><strong>Gerhardus</strong></span> <span class='ocrx_word' id='word_1_345' title='bbox 1543 4329 1607 4385; x_wconf 89' lang='lat' dir='ltr'><strong>in</strong></span> <span class='ocrx_word' id='word_1_346' title='bbox 1652 4327 1817 4384; x_wconf 89' lang='lat' dir='ltr'><strong>lectt.</strong></span> <span class='ocrx_word' id='word_1_347' title='bbox 1878 4327 2077 4401; x_wconf 87' lang='lat' dir='ltr'><strong>Apoll.</strong></span> <span class='ocrx_word' id='word_1_348' title='bbox 2138 4345 2196 4400; x_wconf 90' lang='lat' dir='ltr'><strong>p.</strong></span> <span class='ocrx_word' id='word_1_349' title='bbox 2250 4329 2323 4384; x_wconf 94' lang='grc'>16</span> <span class='ocrx_word' id='word_1_350' title='bbox 2383 4325 2774 4400; x_wconf 87' lang='lat' dir='ltr'><strong>probabiliter</strong></span> <span class='ocrx_word' id='word_1_351' title='bbox 2860 4382 2875 4392; x_wconf 74' lang='grc'>,</span> 
     </span>
    </p>
   </div>
   <div class='ocr_carea' id='block_1_14' title="bbox 440 4410 2774 4486">
    <p class='ocr_par' dir='ltr' id='par_1_14' title="bbox 440 4410 2774 4486">
     <span class='ocr_line' id='line_1_45' title="bbox 440 4410 2774 4486; baseline 0 -18"><span class='ocrx_word' id='word_1_352' title='bbox 440 4411 697 4486; x_wconf 88' lang='lat' dir='ltr'><strong>priorem</strong></span> <span class='ocrx_word' id='word_1_353' title='bbox 755 4413 1156 4470; x_wconf 86' lang='lat' dir='ltr'><strong>recensionem</strong></span> <span class='ocrx_word' id='word_1_354' title='bbox 1214 4414 1553 4473; x_wconf 86' lang='lat' dir='ltr'><strong>restitutam</strong></span> <span class='ocrx_word' id='word_1_355' title='bbox 1615 4430 1742 4469; x_wconf 73' lang='lat' dir='ltr'><strong>esse</strong></span> <span class='ocrx_word' id='word_1_356' title='bbox 1801 4414 1991 4486; x_wconf 85' lang='lat' dir='ltr'><strong>putat.</strong></span> <span class='ocrx_word' id='word_1_357' title='bbox 2080 4410 2337 4468; x_wconf 81' lang='lat' dir='ltr'><strong>Videtur</strong></span> <span class='ocrx_word' id='word_1_358' title='bbox 2391 4411 2576 4486; x_wconf 86' lang='lat' dir='ltr'><strong>igitur</strong></span> <span class='ocrx_word' id='word_1_359' title='bbox 2631 4429 2774 4469; x_wconf 81' lang='lat' dir='ltr'><strong>sane</strong></span> 
     </span>
    </p>
   </div>
  </div>
 </body>
</html>
