3132 5129
1258 399 1553 463 —433
1646 439 1718 447 —-

325 558 503 615 dente
549 556 623 614 ad
668 556 913 615 verbum
959 557 1319 632 exscriptum
1367 558 1550 615 etiam
1596 557 1705 614 alii·
1743 558 1928 615 testes
1959 558 2262 631 omittunt,
2310 558 2658 631 rectissime,

324 643 373 699 si
421 641 567 716 quid
612 641 807 699 video,

495 725 661 796 XIX,
714 728 789 784 16
848 720 949 782 καὶ
1006 716 1263 803 ἤγαγον,
1322 726 1481 801 quod
1527 727 1588 783 in
1633 728 1874 801 recepta
1917 727 2158 784 additur
2215 730 2354 802 post
2405 718 2661 801 Ἰησοῦν,

323 813 441 869 iam
484 810 644 868 LTB
690 810 1055 869 deleverunt.
1130 810 1283 868 Item
1313 810 1470 883 XXI,
1505 812 1542 868 3
1576 802 1800 885 εὐθύς,
1845 811 2005 886 quod
2050 811 2232 887 vulgo
2278 815 2416 887 post
2456 814 2665 869 πλοῖον

324 895 653 971 legebatur.

491 981 661 1039 Alios
707 980 883 1052 locos,
931 981 993 1038 in
1021 979 1238 1055 quibus
1270 980 1612 1039 decurtatus
1643 980 1898 1040 Nonnici
1942 981 2237 1056 evangelii
2284 984 2481 1041 textus
2527 1001 2658 1057 par-

322 1067 433 1124 tim
478 1069 636 1124 certe
667 1065 1141 1124 testimoniorum
1188 1065 1422 1124 indiciis
1455 1064 1791 1139 adiuvatur,
1838 1066 1994 1124 infra
2023 1066 2242 1141 passim
2271 1067 2661 1125 inveniemus.

495 1151 847 1209 Accedimus
904 1150 1059 1208 enim
1116 1151 1229 1207 iam
1290 1150 1364 1207 ad
1419 1169 1520 1209 eos
1573 1150 1768 1223 locOS,
1835 1169 2015 1225 quos
2080 1150 2290 1209 solus
2356 1152 2664 1210 Nonnus

325 1236 709 1295 breviores
762 1235 1117 1293 habuisse
1172 1234 1508 1305 videtur,
1570 1254 1749 1309 quam
1805 1236 2009 1309 quales
2053 1235 2230 1293 hodie
2280 1236 2342 1293 in
2389 1236 2662 1294 omnibus

322 1320 493 1378 libris
550 1321 849 1397 leguntur.
940 1320 1165 1377 Eorum
1222 1338 1435 1395 agmen
1491 1320 1719 1378 ducunt
1785 1320 2013 1395 aliquot
2080 1321 2439 1391 sententiae,
2513 1339 2664 1395 quae

324 1424 460 1463 cum
507 1405 679 1463 hodie
725 1406 992 1464 membro
1038 1404 1259 1464 causali
1304 1423 1410 1480 per
1455 1404 1813 1480 particulam
1859 1399 1978 1463 ὅτι
2040 1405 2267 1464 adiecto
2314 1406 2659 1476 fulciantur,

324 1491 505 1548 etiam
551 1491 677 1548 sine
723 1490 831 1548 hoc
874 1489 1065 1548 fulcro
1110 1489 1333 1564 optime
1379 1492 1535 1548 stare
1581 1493 1858 1564 possunt,
1917 1489 1978 1547 id
2023 1489 2181 1565 quod
2228 1509 2360 1548 cum
2406 1510 2476 1548 ex
2520 1490 2659 1547 reli-

323 1576 460 1650 quis
517 1574 918 1651 evangelistae
973 1574 1170 1633 verbis
1226 1574 1578 1649 simpliciter
1634 1575 1912 1649 perlectis
1958 1578 2086 1632 tum
2132 1594 2200 1632 ex
2246 1575 2448 1633 Nonni
2492 1593 2660 1650 para·

323 1660 526 1735 phrasi
573 1660 784 1734 cuique
829 1660 957 1718 sine
1014 1658 1417 1733 praeiudicata
1462 1659 1741 1734 opinione
1786 1660 2067 1718 iudicanti
2110 1664 2236 1737 tam
2282 1660 2438 1717 clare
2480 1663 2662 1735 patet,

322 1748 392 1802 ut
440 1744 545 1803 hos
589 1744 750 1803 locos
795 1743 1142 1819 simpliciter
1184 1762 1527 1802 enumerare
1585 1744 1706 1803 fere
1751 1744 2028 1804 sufficiat.
2118 1743 2274 1813 Quid
2317 1745 2476 1820 quod
2521 1744 2663 1802 mihi

320 1829 564 1904 quidem
611 1827 767 1888 bona
811 1828 957 1887 adeo
1003 1828 1216 1887 horum
1262 1829 1525 1887 locorum
1572 1848 1709 1904 pars
1753 1830 1945 1888 multo
1991 1830 2189 1905 aptius
2221 1830 2470 1904 proferri
2504 1829 2663 1887 vide-

323 1919 444 1986 tur,
492 1915 543 1973 si
590 1932 720 1972 cum
767 1913 982 1973 Nonno
1029 1917 1233 1972 nostro
1278 1914 1352 1971 ab
1397 1914 1713 1973 inutilibus
1744 1914 2009 1990 adeoque
2039 1915 2258 1989 ineptis
2288 1914 2665 1990 glossematis

321 1998 692 2057 liberentur?
778 1998 892 2057 Sed
940 1998 1013 2057 de
1056 2018 1125 2057 ea
1167 2017 1231 2057 re
1276 1998 1540 2056 breviter
1584 2003 1818 2057 tantum
1864 1999 2181 2057 admonere
2226 2018 2347 2057 non
2390 1999 2664 2073 pluribus

325 2082 586 2142 edissere
635 2084 784 2156 volO,
829 2102 904 2142 ne
951 2084 1012 2142 in
1057 2083 1471 2158 theologorum
1516 2084 1886 2158 provinciam
1917 2084 2204 2143 invasisse
2234 2102 2469 2159 arguar.
2544 2083 2661 2142 Ab·

325 2167 571 2228 fuerunt
610 2169 797 2245 igitur
840 2188 875 2226 a
917 2167 1175 2227 Ioanneo
1221 2168 1553 2243 evangelie,
1603 2169 1761 2243 quod
1806 2172 1984 2243 poeta
2026 2169 2333 2242 versabat,
2379 2168 2523 2226 haec
2566 2168 2663 2225 ad-

328 2253 686 2312 ditamenta.

498 2338 547 2409 I,
594 2340 678 2397 30
721 2333 840 2394 ὅτι
881 2327 1109 2416 πρῶτός
1150 2358 1267 2415 μου
1313 2325 1414 2413 ἦν,
1461 2337 1619 2413 quod
1665 2357 1734 2395 ex
1782 2340 1859 2395 15
1906 2338 2214 2412 irrepsisse
2259 2337 2512 2396 videtur.

500 2421 603 2495 IV,
653 2424 730 2480 22
778 2419 887 2480 ὅτι
932 2417 969 2498 ἡ
1015 2421 1272 2500 σωτηρία
1319 2419 1383 2481 ἐκ
1430 2442 1552 2478 των
1602 2414 1906 2479 Ἰουδαίων
1951 2416 2129 2497 ἐστίν,
2188 2441 2338 2497 quae
2382 2422 2661 2497 gloriatio

330 2507 682 2566 Iudaeorum
741 2509 1243 2584 vaniloquentiam
1301 2508 1490 2583 sapit,
1549 2508 1651 2566 sed
1708 2526 1742 2563 a
1796 2526 1969 2567 verae
2013 2507 2320 2585 religionis
2365 2507 2656 2582 praedica·

328 2594 526 2665 tione,
573 2613 753 2668 quam
790 2592 1059 2654 Christus
1104 2594 1337 2652 mulieri
1386 2592 1789 2652 Samaritanae
1831 2594 2089 2664 revelat,
2149 2593 2511 2651 alienissima
2553 2597 2662 2652 est.

496 2678 629 2753 VII,
678 2680 756 2736 35
803 2673 912 2735 ὅτι
957 2672 1127 2755 ἡμεῖς
1173 2673 1281 2755 οὐχ
1326 2672 1661 2757 εὑρήσομεν
1703 2671 1911 2754 αὐτόν,
1957 2678 2116 2753 quod
2161 2696 2664 2753 supervacaneum

327 2781 452 2822 esse
497 2766 779 2839 sequente
825 2765 1026 2822 statim
1071 2765 1152 2822 36
1199 2765 1515 2823 verborum
1559 2782 1595 2820 a
1625 2762 1864 2822 Christo
1908 2763 2433 2838 pronuntiaturum
2465 2761 2664 2838 Ζητή-

329 2843 458 2905 σετέ
498 2866 567 2921 με
615 2845 714 2905 καὶ
758 2842 865 2923 οὐχ
910 2841 1187 2924 εὑρήσετέ
1227 2869 1299 2924 με
1343 2848 1795 2924 indignabunda
1840 2847 2201 2924 repetitione
2230 2867 2353 2907 non
2383 2851 2475 2906 est
2503 2847 2662 2923 quod

331 2933 535 2992 multis
579 2934 777 2992 verbis
822 2936 1132 3008 probetur.

331 3096 359 3158 ἐ
499 3017 686 3076 Porro
732 3017 898 3091 VIII,
948 3020 1025 3076 22
1071 3038 1180 3075 οτι
1223 3013 1376 3096 λέγει
1409 3008 1606 3077 Όπου
1652 3008 1760 3095 ἐγώ
1807 3010 2022 3095 ὑπάγω
2065 3003 2233 3095 ὖμεις
2279 3009 2352 3074 οὗ
2398 3009 2666 3078 δυνασθε

359 3105 550 3160 mciv.

500 3187 601 3260 IX,
658 3189 729 3246 17
775 3207 893 3245 οτι
939 3175 1181 3260 ἤνοιξέν
1220 3203 1330 3247 σου
1377 3207 1513 3258 τους
1559 3180 1932 3264 ὄφθαλμους.

502 3272 575 3347 X,
622 3274 661 3330 4
706 3261 814 3330 ’ὅτι
860 3268 1100 3330 οἴδασιν
1146 3268 1256 3352 τὴν
1299 3269 1514 3349 φωνὴν
1556 3265 1766 3332 αυτοῦ.

498 3318 603 3429 XI,
650 3359 686 3416 9
741 3351 856 3415 ὅτι
911 3346 974 3414 τὸ
1029 3378 1162 3431 φως
1220 3359 1322 3417 τοῦ
1374 3352 1602 3434 κόσμου
1658 3354 1872 3416 τούτου
1928 3353 2131 3434 βλέπει
2186 3361 2246 3417 et
2292 3359 2372 3416 10
2421 3350 2541 3416 ὅτι
2600 3353 2665 3415 τὸ

333 3439 465 3516 φῶς
510 3437 618 3499 οὐκ
664 3438 823 3501 ἔστιν
866 3437 933 3499 ἕν
973 3437 1154 3540 αυτῷ.

501 3526 643 3603 XII,
694 3531 770 3586 18
833 3518 943 3585 ότι
1006 3503 1274 3603 ἥκουσαν
1340 3532 1514 3585 τοῦτο
1575 3515 1759 3585 αὐτὸν
1823 3522 2209 3630 πεποιηκέναι
2278 3523 2344 3585 τὸ
2399 3531 2666 3604 σημεῖον,

332 3611 493 3688 quod
538 3630 779 3686 prorsus
825 3613 1034 3672 inutile
1082 3633 1208 3674 esse
1252 3616 1387 3688 post
1443 3603 1755 3688 ἐμαρτύρει
1807 3631 1923 3670 ουν
1978 3605 2010 3669 ὁ
2069 3607 2244 3687 ὄχλος
2302 3601 2334 3670 ὃ
2393 3633 2486 3671 ων
2527 3607 2657 3688 μετ’

331 3691 547 3771 αὐτοῦ,
616 3717 709 3754 οτι
764 3685 870 3754 τὸν
927 3690 1211 3773 Λάζαρον
1262 3693 1580 3771 ἐφώνησεν
1634 3691 1699 3754 ἐκ
1757 3698 1860 3754 τοῦ
1912 3695 2225 3798 μνημείου
2260 3692 2360 3754 καὶ
2423 3693 2665 3774 ἤγειρεν

334 3774 521 3839 αὐτὸν
566 3776 632 3839 ἐκ
674 3779 921 3861 νεκρῶν.
1000 3778 1122 3839 διὰ
1169 3781 1385 3840 τοῦτο
1428 3777 1551 3840 καὶ
1597 3775 1947 3856 ὑπήντησεν
1989 3770 2150 3862 αὐτῷ
2201 3774 2232 3839 ὃ
2277 3778 2446 3858 ὄχλος
2490 3802 2665 3841 nemo

332 3885 454 3925 non
499 3868 646 3926 mihi
691 3866 993 3927 concedet.

499 3951 659 4027 XIV,
709 3954 787 4011 28
832 3972 946 4009 οτι
1001 3945 1034 4010 ὁ
1091 3948 1286 4029 πατήρ
1318 3948 1514 4030 <μου>
1559 3949 1777 4047 μείζων
1803 3969 1922 4023 μου
1970 3945 2149 4026 ἐστίν,
2195 3969 2313 4026 qua
2357 3952 2666 4011 ratiocina-

332 4037 493 4095 tione
557 4037 1000 4096 antecedentem
1065 4038 1416 4096 sententiam
1485 4034 1539 4094 εἰ
1600 4026 1864 4111 ἠγαπᾶτέ
1924 4055 2028 4112 με,
2096 4029 2338 4111 ἕχαρητε
2400 4026 2510 4110 ἄν,
2574 4026 2663 4093 ὅτι
2711 4046 2771 4094 14

334 4117 661 4198 πορεύομαι
715 4119 861 4198 πρὸς
914 4118 1017 4180 τὸν
1071 4118 1292 4199 πατέρα
1336 4123 1481 4181 satis
1526 4121 1676 4179 mire
1720 4120 1958 4195 probari
2005 4121 2256 4179 fortasse
2300 4140 2422 4182 non
2466 4142 2664 4181 meum

334 4209 567 4264 tantum
624 4207 884 4266 hominis
941 4207 1102 4267 Laici
1156 4213 1249 4267 est
1303 4206 1607 4265 iudicium.
1697 4204 1983 4281 Theologi
2045 4207 2321 4280 „certant
2376 4210 2437 4265 et
2479 4207 2669 4266 adhuc

335 4289 447 4348 sub
491 4289 683 4350 iudice
726 4291 800 4350 lis
844 4291 1004 4350 est“l

509 4374 636 4449 XV,
670 4377 705 4433 5
735 4366 846 4434 ὅτι
889 4373 1067 4453 χωρὶς
1097 4373 1242 4451 ἐμοῦ
1285 4369 1358 4433 οὐ
1403 4369 1680 4433 δύνασθε
1725 4377 1922 4433 ποιεῖν
1964 4365 2161 4450 οὐδέν,
2210 4395 2327 4450 quo
2357 4377 2666 4452 egregium

337 4459 528 4518 simile
588 4460 660 4518 de
717 4463 840 4521 vite
895 4465 1074 4537 atque
1119 4462 1366 4521 racemis
1410 4461 1552 4520 satis
1599 4478 1890 4537 superque
1935 4460 2301 4521 illustratum
2347 4463 2499 4521 male
2545 4467 2664 4520 tur-

439 4568 686 4617 Kbchly,
717 4566 959 4608 Schriften.
1012 4569 1050 4608 1.
1745 4597 1752 4604 .
2199 4561 2266 4609 28
