3132 5129
1445 374 1904 439 „506-

505 536 574 591 ut
628 532 924 592 consimili
979 532 1084 591 illo
1129 533 1412 609 Aeschyli
1466 533 1599 593 loco
1645 535 1880 607 custos,
1934 534 2255 608 postquam
2303 535 2371 591 ut
2414 532 2689 591 reducem
2734 532 2844 591 do-

504 619 734 678 minum
791 617 931 676 data
989 617 1196 677 dextra
1249 619 1509 677 salutare
1565 617 1680 676 sibi
1735 617 1914 677 liceat
1972 618 2232 721 optavit,
2291 617 2449 677 idem
2494 617 2692 693 prodit
2735 619 2847 677 sed

504 704 621 762 alia
676 703 747 762 de
808 722 981 780 causa
1026 706 1381 780 conceptum
1427 702 1739 763 consilium
1785 703 1906 762 his:
1963 699 2081 760 τὰ·
2072 689 2145 759 -’δ
2193 699 2376 759 ἄλλα
2421 709 2632 779 σιγῶ·
2689 696 2848 778 βοῦς

507 783 601 846 ἐπὶ
642 771 879 867 γλτόσσῃ
921 783 1100 865 μέγας
1139 784 1149 865 Ι
1186 784 1462 866 βέβηκεν.
1545 787 1818 863 Utroque
1862 788 1993 847 loco
2038 786 2287 846 eandem
2332 786 2689 847 locutionem
2738 789 2845 846 ha-

507 873 662 947 bere,
708 872 925 948 quibus
970 876 1322 949 opponatur,
1367 876 1552 948 patet.
1617 872 1818 932 Aliter
1849 892 1989 933 vero
2020 874 2215 933 visum
2246 873 2688 948 interpolatori,
2735 874 2843 949 qui

507 975 639 1016 cum
685 977 740 1016 v.
773 959 853 1016 35
898 960 1014 1034 ita,
1062 961 1131 1016 ut
1173 960 1236 1018 in
1279 957 1449 1017 libris
1492 958 1749 1035 legitur,

907 1070 1064 1136 ὅθεν
1106 1074 1339 1152 νόμοισι
1384 1068 1648 1133 τοῖσιδ’
1698 1071 1907 1151 ἥδεται
1951 1071 2087 1152 θεά,

506 1196 792 1268 scriptum
838 1195 1190 1273 invenisset,
1250 1197 1581 1255 necessario
1644 1198 1706 1255 et
1742 1195 2348 1255 demonstratum
2393 1189 2578 1254 ritum
2622 1195 2849 1256 diserte

501 1279 915 1354 explicandum
971 1299 1207 1340 censere
1271 1286 1331 1340 et
1375 1280 1760 1357 sequentibus
1805 1268 1884 1338 τὰ
1928 1273 1991 1338 δ’
2039 1303 2078 1339 α
2054 1275 2226 1337 '‘l-Ala
2272 1288 2421 1357 σιγῶ
2464 1301 2614 1356 quae
2659 1300 2846 1355 oppo-

407 1362 469 1409 10
503 1367 746 1423 neretur
786 1367 1088 1425 notionem
1136 1365 1470 1425 desiderare
1515 1365 1791 1425 debebat.
1865 1366 2074 1441 Itaque
2119 1370 2181 1424 et
2225 1364 2381 1425 infra
2423 1384 2658 1424 versum
2690 1368 2845 1424 satis

505 1450 798 1508 insulsum
843 1450 1119 1525 intrusit,
1182 1455 1244 1510 et
1285 1450 1380 1510 hic
1421 1452 1777 1526 ineptiorem
1824 1451 2032 1526 etiam,
2079 1469 2307 1529 memor
2353 1446 2550 1509 tamen
2597 1445 2848 1525 ὄνομα

505 1552 646 1593 sane
709 1533 868 1593 haud
925 1554 1058 1594 raro
1102 1538 1173 1593 ut
1215 1554 1428 1595 vanam
1472 1536 1776 1595 cuiusdam
1822 1538 1930 1594 aut
1973 1534 2260 1612 personae
2304 1538 2409 1594 aut
2451 1535 2536 1594 rei
2581 1536 2844 1611 speciem

506 1638 641 1676 cum
686 1619 947 1678 eiusdem
992 1621 1116 1679 vita
1159 1622 1221 1679 et
1262 1621 1516 1679 veritate
1559 1621 1837 1696 componi
1882 1620 2032 1679 nihil
2062 1620 2395 1697 promptius
2423 1619 2633 1679 habuit
2661 1640 2847 1696 quam

506 1701 616 1761 hoc
660 1704 856 1779 ipsum
899 1723 1194 1780 nomen,
1242 1705 1402 1780 quod
1446 1705 1697 1764 fortasse
1742 1724 1811 1763 ex
1855 1707 1987 1781 ipsa
2030 1704 2141 1764 hac
2183 1705 2385 1764 fabula
2427 1725 2480 1764 v.
2514 1706 2665 1766 504:

912 1817 976 1879 τὸ
1022 1820 1224 1898 σῶμα
1269 1815 1480 1893 θύσεις
1523 1813 1776 1899 τούμόν,
1785 1816 1953 1900 ,ου’χὶ
1999 1818 2330 1900 τοῦνομα

506 1940 813 1999 commode
857 1939 1258 2015 succurrebat,
1304 1941 1603 1999 contrario
1633 1941 1855 2000 modo
1839 1960 1903 2000 m
1937 1941 2126 2002 Orest.
2155 1945 2280 2002 390
2307 1942 2620 2002 variatum.
2691 1942 2841 2001 Pro-

504 2026 635 2101 pius
683 2028 882 2083 tamen
927 2025 1107 2084 etiam
1135 2024 1363 2084 accedit
1384 2025 1607 2087 Phoen.
1634 2026 1789 2084 553:
1834 2023 1918 2083 τί
1937 2019 1992 2083 δ’
2042 2023 2161 2085 ἔστι
2207 2025 2284 2085 τὸ
2327 2023 2576 2091 albon:
2621 2019 2841 2102 ὄνομ’

506 2106 621 2185 ἔχει
662 2101 893 2186 μόνον
922 2113 983 2170 et
1012 2110 1224 2187 fragm.
1258 2110 1620 2185 Antiphanis
1651 2111 1810 2187 apud
1841 2110 2063 2170 Athen.
2096 2111 2239 2170 XIII
2271 2133 2329 2188 p.
2358 2113 2541 2171 571f.
2577 2108 2835 2190 (Comm.

505 2194 642 2255 Grr.
689 2195 789 2257 frr
835 2195 967 2255 Vol.
1014 2194 1107 2253 111
1149 2216 1210 2271 p.
1247 2197 1366 2253 124
1412 2192 1715 2272 Meineke)
1762 2196 1835 2254 de
1880 2197 2070 2271 proba
2115 2197 2330 2281 amica:

908 2307 1100 2383 ὅντως
1143 2309 1408 2394 ἑταίρας·
1453 2312 1521 2371 αἳ
1563 2308 1674 2390 μὲν
1715 2310 1888 2372 αλλαι
1933 2332 2057 2372 του
2075 2333 2153 2372 νο
2168 2335 2261 2388 μα

908 2389 1237 2475 βλάπτουσι
1281 2401 1445 2469 τοῖς
1491 2391 1890 2476 τρόποισιν
1935 2389 2203 2469 ὀ’ντως”
2169 2419 2239 2458 ον
2282 2390 2530 2457 καλόν.

506 2518 737 2578 Similia
782 2518 1072 2595 quaedam
1116 2517 1449 2578 adscribere
1478 2518 1708 2594 placet.
1758 2517 1955 2579 Orest.
1980 2518 2103 2577 454
2147 2512 2378 2594 ὄνομα
2421 2538 2563 2595 γαρ,
2610 2514 2847 2596 ἔργον

504 2597 564 2660 δ’
614 2623 725 2661 ουκ
768 2600 1012 2678 ἔχουσιν
1054 2602 1117 2661 οἰ
1153 2601 1350 2678 φίλοι,
1395 2603 1637 2705 Hippol.
1664 2606 1782 2662 501
1817 2624 1907 2679 sq.
1941 2607 2218 2680 κρεῖσσον
2262 2600 2325 2662 δὲ
2370 2596 2687 2681 τούργον
2722 2637 2797 2647 —
2832 2605 2840 2680 Ι

501 2682 544 2763 ἢ
573 2682 871 2784 τοῦνομ’
878 2729 897 2763 ,
927 2687 1057 2763 Iph.
1082 2689 1220 2747 Aul.
1250 2691 1368 2748 128
1398 2680 1608 2763 ὄνομ’
1643 2681 1752 2746 ἆντ
1765 2683 2033 2766 ’ἔργον
2062 2684 2370 2765 παρέχων,
2418 2689 2571 2747 Med.
2610 2691 2838 2765 125sq.

505 2770 623 2828 τῶν
664 2792 779 2849 γαρ
821 2769 1074 2848 μετρίων
1115 2780 1323 2868 πρῶτα
1364 2769 1476 2848 μὲν
1518 2771 1709 2831 εἰπεῖν
1745 2768 1756 2851 Ι
1795 2769 2124 2849 τουνομα
2171 2771 2367 2874 νικᾷ,
2401 2777 2729 2876 χῊρῆσθαι
2771 2770 2844 2832 δὲ

504 2853 647 2931 (sicl
693 2875 812 2915 non
842 2856 929 2932 τε)
961 2855 1168 2937 μακρῷ
1207 2857 1216 2931 Ι
1255 2855 1445 2961 λῷστα
1474 2854 1798 2933 βροτοῖσιν,
1846 2858 1978 2917 Hel.
2005 2860 2123 2918 601
2173 2849 2367 2933 θαῦμ’
2417 2853 2541 2915 ἔστ’
2591 2855 2845 2917 ἔλασσον
2891 2896 2909 2904 ·

510 2930 808 3017 τοῦνομ’
855 2935 901 3018 ἦ
943 2937 1008 2998 τὸ
1056 2916 1332 3020 πρᾶγμ’
1383 2938 1534 3019 ἔχον.

675 3127 867 3204 Magis
923 3129 1102 3187 etiam
1162 3128 1496 3188 dubitatum
1556 3132 1648 3188 est
1692 3129 1764 3188 de
1806 3150 1865 3190 v.
1900 3130 2225 3204 96—103,
2287 3130 2388 3205 qui
2434 3130 2495 3189 in
2541 3130 2711 3189 libris
2756 3132 2844 3190 sic

505 3213 559 3270 le
686 3215 813 3271 tur·

561 3232 685 3290 gun
908 3295 968 3354 τί
1006 3293 1268 3371 δρῶμενς
1312 3290 1729 3375 ἀμφίβληστρα
1772 3318 1883 3375 γαρ
1931 3297 2147 3375 τοίχων
2191 3287 2338 3381 ὁρᾷς

908 3374 1153 3455 ὖψηλα
1197 3374 1416 3457 πότερα
1463 3377 1751 3459 δωμάτων
1774 3378 2232 3486 προσαμβάσεις

909 3461 1357 3544 ἐκβησόμεσθα;
1402 3466 1527 3538 πῶς
1570 3461 1675 3544 ἄρ’
1725 3457 1838 3526 οὖν
1878 3461 2176 3546 μαθοιμεν
2219 3490 2331 3533 αν;

907 3546 962 3656 ἢ
992 3550 1385 3628 χαλκότευκτα
1429 3553 1669 3654 κλῇθρα
1714 3544 1998 3623 λύσαντες
2042 3556 2275 3630 μοχλοῖς

911 3658 1000 3695 ων
1043 3630 1224 3695 οὐδὲν
1267 3635 1471 3710 ἴσμεν;
1515 3632 1596 3713 ἢν
1642 3630 1695 3692 δ’
1743 3630 2082 3732 ἀνοίγοντες
2126 3632 2318 3707 πύλας

908 3725 1256 3824 ληφθωμεν
1286 3714 1579 3824 εἰσβᾶσεις
1623 3741 1683 3781 τε
1724 3713 2170 3799 μηχανώμενοι,

907 3798 1277 3901 θανούμεθ’.
1360 3799 1512 3866 ἀλλὰ
1556 3803 1701 3909 πριν
1741 3810 1987 3883 θανεῖν,
2038 3827 2186 3878 νεως
2232 3803 2328 3864 ἔστι

909 3881 1256 3967 φεύγωμεν,
1303 3880 1457 3972 ᾗπερ
1504 3884 1670 3967 δεῦρ’
1720 3885 2243 3972 ἐναυστολήσαμεν.

503 4011 574 4070 111
618 4011 712 4071 his
756 4031 813 4071 v.
849 4013 928 4070 98
973 4003 1076 4088 α’ρ’
1126 4012 1361 4070 tantum
1405 4011 1469 4070 in
1502 4009 1813 4089 elegitur,
1861 4030 1969 4087 pro
2014 4030 2129 4087 quo
2167 4007 2340 4070 Βαν
2381 4011 2561 4070 habet
2604 4011 2704 4070 sed
2750 4031 2839 4072 se-

505 4096 699 4155 cunda
741 4116 923 4157 manu
966 4096 1253 4172 additum,
1300 4099 1371 4154 ut
1413 4096 1710 4155 defectum
1756 4095 1941 4155 fuisse
1984 4098 2047 4154 in
2092 4097 2415 4173 archetypo
2449 4096 2839 4171 probabiliter

510 4180 866 4241 indicaverit
909 4179 1345 4256 Kirchhoffiu83
1405 4184 1534 4240 tum
1579 4185 1780 4239 utrum
1823 4170 2153 4281 μαθοιμεν,
2199 4183 2358 4258 quod
2403 4182 2581 4240 habet
2625 4180 2836 4256 Aldus,

506 4284 581 4324 an
641 4260 929 4341 λάθοιμει
944 4308 963 4342 ,
1021 4266 1180 4341 quod
1224 4225 1477 4325 con’iecit
1519 4265 1827 4341 Reiskius,
1883 4269 1948 4326 in
1992 4267 2162 4326 libris
2205 4267 2472 4344 legatur,
2527 4285 2648 4325 non
2693 4268 2838 4325 satis

507 4353 671 4410 certo
713 4351 991 4411 traditur.
1052 4349 1169 4409 Sed
1213 4353 1520 4426 praeterea
1563 4352 1627 4411 in
1669 4351 1762 4411 his
1804 4372 1955 4428 quae
1985 4352 2173 4412 insint
2201 4352 2606 4428 difficultates,
2652 4352 2835 4410 nemi·

506 4453 644 4493 nem
698 4434 875 4512 latet,
932 4453 1078 4511 quas
1132 4435 1347 4511 quibus
1399 4435 1686 4496 machinis
1743 4437 1953 4497 tollere
2012 4436 2201 4497 adhuc
2248 4438 2445 4498 conati
2488 4438 2610 4498 sint
2651 4437 2836 4497 intor-
