3132 5129
1309 404 1375 415 -—
1468 366 1761 430 315-

367 523 533 582 tasse
564 522 934 582 rarissimum
964 524 1114 584 latet
1140 524 1528 585 adiectivum:
1577 524 1930 601 βουβροότιν,
1963 522 2123 599 quod
2155 541 2514 598 quamquam
2544 540 2703 580 nunc

360 627 486 667 non
517 626 760 684 possum
785 608 901 668 alio
927 610 1214 669 vocabulo
1245 610 1419 684 tueri,
1452 629 1629 685 quam
1659 609 1818 684 quod
1841 628 1911 667 ex
1943 607 2134 667 Schol.
2151 606 2300 666 Ven.
2327 606 2395 665 B.
2421 606 2495 664 ad
2523 605 2697 664 Hom.

364 693 422 750 E
450 695 571 752 385
618 693 827 751 attulit
868 693 1189 755 Lobeckius
1232 694 1487 770 Paralip.
1523 693 1785 753 Gramm.
1820 693 1920 755 Gr.
1956 714 2012 769 p.
2049 694 2203 751 238:
2253 690 2699 769 σιδηροβρῶτις,
2733 698 2799 745 22

359 782 563 837 tamen
592 797 714 837 non
746 778 985 838 videtur
1017 780 1166 839 illud
1199 778 1517 838 barbarum
1550 782 1654 838 aut
1684 777 2016 837 incredibili
2050 777 2226 836 modo
2259 776 2524 835 effictum
2553 794 2697 835 esse.

363 863 448 922 Et
474 863 651 923 huius
682 862 964 924 adiectivi
994 866 1154 924 haud
1183 866 1384 941 inepte
1419 865 1739 924 conieceris
1769 864 2028 939 vestigia
2051 861 2224 921 nobis
2255 861 2508 920 relicta
2492 881 2557 920 m
2581 879 2698 919 uno

367 947 846 1024 scholiastarum,
914 950 1017 1025 qui
1081 951 1165 1009 ita
1229 950 1464 1008 scribit.
1532 943 1942 1026 βούβρωστιν,
2007 943 2273 1025 μεγάλην
2326 948 2545 1004 πεῖναν
2596 941 2698 1003 καὶ

360 1027 656 1090 λύσσαν
697 1027 1164 1112 πολυφάγον,
1208 1024 1327 1093 ἀπὸ
1370 1041 1475 1091 τοῦ
1513 1032 1686 1110 βοῦ,
1733 1028 2073 1091 έπιτατικοῦ
2102 1030 2312 1109 μορίου
2356 1025 2554 1106 ὄντος,
2598 1024 2699 1086 καὶ

362 1123 473 1175 τοῦ
515 1113 823 1195 βρωτής.
916 1119 1028 1178 Hic
1080 1119 1316 1196 quidem
1363 1119 1790 1179 Rittcrshusius
1843 1118 2061 1195 βρῶσις
2116 1116 2360 1191 conicit,
2419 1116 2520 1173 sed
2580 1116 2696 1173 for-

364 1206 524 1261 tasse
587 1205 835 1263 accentu
902 1207 1138 1264 tantum
1204 1207 1436 1263 mutato
1503 1203 1880 1263 scribendum
1943 1196 2198 1280 βρωτης.
2298 1201 2376 1259 Et
2430 1201 2507 1260 ab
2566 1199 2698 1258 aliis

360 1284 743 1366 πολυφάγον,
787 1284 1051 1366 μεγάλην
1094 1290 1429 1366 exponitur.

668 1473 752 1534 Εἰ
789 1472 904 1554 γάρ
947 1474 1036 1546 τίς
1081 1496 1186 1552 μιν
1229 1464 1378 1535 ἔλων
1422 1470 1660 1555 θήρης
1703 1469 2298 1555 ἂποπειρήσαιτο

670 1557 816 1637 χειρὶ
861 1558 1053 1638 βορὴν
1093 1554 1340 1639 ὀρέγειν,
1387 1556 1492 1621 οδε
1540 1558 1793 1636 δέξεται,
1838 1558 2075 1621 εἰσόκεν
2118 1556 2309 1621 αυτοῦ

675 1643 1037 1723 λαβροτάτου
1082 1644 1364 1723 στόματος
1416 1642 1691 1723 νηησεται
1734 1643 1903 1726 ἄχρις
1950 1642 2164 1725 έδωδή.

359 1780 642 1854 Ineptum
687 1785 779 1841 est
820 1782 973 1841 illud
1017 1780 1215 1860 θήρης
1258 1776 1757 1860 ἆποπειρήσαιτο,
1815 1802 1923 1843 nec
1968 1784 2165 1844 minus
2210 1784 2413 1860 inepta
2454 1782 2700 1842 Reuers-

359 1865 519 1925 lzusii
559 1866 1008 1943 interpretatio.
1058 1871 1149 1945 „si
1193 1869 1326 1945 quis
1372 1888 1506 1927 eum
1540 1871 1890 1943 piscationis
1933 1887 2112 1929 causa
2168 1868 2423 1929 tentetf‘
2512 1867 2698 1943 Idem,

363 1951 509 2009 duce
557 1951 685 2009 cod.
718 1952 908 2016 Palat.
943 1957 998 2030 1,
1042 1956 1104 2012 in
1148 1973 1265 2030 quo
1310 1953 1549 2014 divisim
1596 1955 1819 2031 legitur
1863 1943 2058 2031 θήρης
2102 1948 2221 2011 ἀπὸ
2265 1973 2328 2010 π.
2352 1995 2371 2030 ,
2415 1971 2536 2012 non
2580 1973 2700 2011 me-

360 2035 478 2099 lius
517 2036 762 2096 conicit:
808 2035 1008 2115 θήρης
1050 2057 1173 2098 απο
1215 2059 1368 2116 πειρ.
1355 2079 1392 2115 .,
1445 2040 1607 2116 quod
1650 2040 1777 2115 ipse
1807 2039 2088 2116 explicat:
2134 2044 2431 2113 sumptum
2475 2055 2543 2096 ex
2575 2040 2701 2111 pis-

366 2125 606 2182 catione.
695 2122 809 2182 Illa
863 2125 1082 2183 etenim
1139 2125 1322 2184 verba
1375 2143 1566 2200 neque
1611 2129 1748 2199 post
1807 2129 2081 2183 venatum
2135 2142 2328 2199 neque
2372 2139 2440 2182 ex
2471 2125 2701 2196 pracda

363 2205 698 2282 significare
726 2211 993 2284 possunt.
1070 2210 1162 2269 Ne
1190 2210 1410 2269 multa:
1459 2212 1609 2285 puto
1640 2227 1753 2285 ego
1786 2207 2125 2285 Oppianum
2176 2208 2434 2268 dedisse:
2481 2206 2699 2283 ξηρῆς

365 2288 484 2350 ἔπι
527 2287 907 2370 πειρήσαιτο,
955 2295 992 2356 i.
1026 2313 1079 2352 e.
1128 2296 1380 2370 „siquis
1425 2313 1560 2352 eum
1606 2294 1834 2369 ceperit
1877 2296 2231 2371 captumque
2274 2295 2342 2351 in
2386 2294 2704 2351 continenti

366 2378 483 2436 iam
529 2375 659 2435 cibo
703 2382 988 2453 protenso
1035 2378 1422 2439 tentaverit.“
1510 2377 1741 2437 Habuit
1784 2378 1932 2437 hanc
1976 2378 2291 2438 lectionem
2336 2396 2411 2436 ne
2464 2375 2699 2434 dubites

368 2463 688 2523 scholiasta
716 2463 791 2521 ad
823 2484 880 2522 v.
916 2465 1069 2540 216,
1117 2465 1219 2523 ubi
1266 2468 1460 2523 totum
1506 2463 1702 2525 locum
1742 2463 2052 2538 perspicue
2092 2464 2177 2521 ita
2205 2463 2481 2563 exponit
2528 2450 2701 2518 τοῦτό

364 2540 524 2606 ἔστιν
581 2540 615 2607 ὃ
670 2543 821 2625 λέγει
877 2552 1125 2626 σημεῖον
1178 2556 1288 2625 τῆς
1352 2540 1676 2625 ἆβυθήτου
1741 2546 2089 2627 λαιμαργίας
2154 2539 2375 2622 αὐτοῦ,
2443 2535 2531 2605 ότι
2596 2566 2698 2603 και

362 2626 682 2711 ἇγρευθεὶς
722 2629 823 2691 καὶ
866 2628 1283 2710 ἀποθνήσκων
1324 2629 1443 2710 ἤδη
1490 2628 1610 2691 ἐπὶ
1658 2627 1911 2732 ξηροῖς,
1955 2631 2036 2691 ἄν
2079 2654 2162 2703 τις
2205 2625 2367 2714 αὐτῷ
2410 2626 2532 2689 καὶ
2579 2625 2704 2690 ἐπὶ

365 2717 495 2792 τῆς
539 2717 673 2796 γῆς
719 2713 1030 2796 κειμένῳ
1075 2714 1243 2799 ὀρέξῃ
1274 2739 1328 2777 τι
1355 2714 1504 2795 πρὸς
1538 2711 1793 2795 τροφήν,
1838 2712 1978 2777 οὐδὲ
2023 2710 2149 2776 τότε
2192 2718 2298 2789 τῆς
2343 2715 2535 2788 οἰκίας
2577 2720 2701 2774 λαι-

362 2800 618 2880 μαργίας
663 2795 982 2875 ἀφίσταται
1027 2807 1140 2864 etc.
1227 2803 1387 2873 Quae
1431 2804 1533 2864 ille
1579 2804 1897 2880 participia
1938 2802 2187 2863 adiecit.
2235 2794 2553 2881 ἆγρευθεὶς
2597 2821 2698 2859 και

362 2881 778 2964 ἀποθνήσκων
823 2909 891 2948 ea
932 2907 1054 2948 non
1099 2889 1174 2947 ad
1217 2890 1534 2950 lectionem
1577 2884 1776 2967 θήρης
1818 2884 1939 2947 ἄπο
1983 2889 2419 2965 explicandam,
2476 2888 2576 2947 sed
2623 2887 2697 2945 ad

365 2977 554 3034 totam
598 2992 724 3032 rem
770 2974 1184 3035 illustrandam
1228 2976 1429 3053 posita
1471 2978 1629 3035 sunt.

534 3058 605 3116 V.
640 3047 761 3118 296
787 3078 918 3136 sqq.

768 3209 851 3220 —
939 3173 1079 3238 οὐδέ
1125 3174 1153 3236 ἒ
1192 3185 1362 3256 μῆτις
1407 3174 1816 3256 ἐπιφροσύνης
1859 3170 2079 3236 ἕσαωσε

666 3259 973 3340 πετραίης·
1021 3264 1077 3324 εἰ
1114 3286 1226 3343 γαρ
1269 3257 1424 3322 ποτ’
1472 3257 1825 3340 αλευόμενος
1870 3260 2003 3342 περὶ
2048 3260 2272 3341 πέτρην

666 3368 711 3406 π
709 3343 974 3426 λέξηται,
1019 3344 1223 3432 χροιήν
1267 3367 1324 3407 τε
1367 3346 1721 3408 πανείκελον
1761 3345 2196 3445 ἆμφιέσηται,
2733 3346 2798 3394 23

669 3427 821 3490 οὐδ’
873 3428 954 3505 (ὃς
996 3433 1290 3515 μυραίνης
1337 3430 1555 3494 ἔλαθεν
1599 3430 1770 3510 κέαρ·
1817 3430 1964 3493 αλλά
2011 3429 2041 3491 ἒ
2079 3426 2272 3510 μούνη

669 3513 951 3597 φράζεται
994 3523 1108 3584 eto.

367 3637 559 3698 Versu
605 3638 793 3697 altero
837 3639 996 3714 quod
1039 3640 1262 3715 legitur
1304 3655 1480 3694 ποτε
1523 3657 1643 3697 ιιοιι
1687 3638 1830 3697 satis
1875 3638 2178 3715 intellego,
2224 3658 2415 3715 neque
2460 3641 2694 3714 piaetu-

365 3722 535 3782 lerim
578 3742 751 3798 που,
795 3724 954 3799 quod
1000 3724 1250 3798 praebet
1292 3723 1479 3782 Palat.
1529 3726 1586 3782 1.
1676 3723 1986 3783 Sententia
2029 3725 2308 3800 requirit,
2366 3724 2602 3799 opinor,
2651 3721 2703 3782 εἰ

364 3828 476 3885 γαρ
530 3804 685 3883 καί,
751 3810 979 3868 etiamsi
1034 3809 1188 3868 circa
1241 3807 1547 3884 scopulum
1605 3828 1732 3869 sese
1786 3810 2259 3885 complicaverit,
2325 3815 2521 3869 tamen
2576 3827 2698 3868 non

365 3893 578 3969 effugit
636 3912 996 3952 muraenam.
1085 3891 1177 3953 Cf.
1223 3913 1279 3955 v.
1313 3895 1465 3967 306,
1527 3894 1629 3952 ubi
1685 3913 1758 3952 ex
1812 3895 2086 3969 plurimis
2138 3895 2309 3953 libris
2363 3891 2426 3949 εἴ
2473 3907 2538 3951 σε
2593 3890 2695 3950 καὶ

365 3975 506 4035 εἴσω
550 3978 854 4037 restituas.
932 3978 1084 4037 Tum
1115 3999 1171 4038 v.
1207 3980 1327 4036 299
1374 3972 1509 4035 οὐδ’
1559 3999 1642 4047 ως
1677 3979 1968 4042 Brunckii
2007 3982 2100 4037 est
2142 3980 2495 4053 coniectura,
2544 3997 2695 4054 quae

363 4062 659 4139 quomodo
716 4081 786 4122 ex
839 4082 897 4123 v.
931 4065 1056 4123 630
1110 4064 1301 4138 petita
1354 4063 1470 4122 dici
1526 4064 1744 4138 possit,
1801 4081 1922 4121 non
1981 4063 2173 4122 video.
2280 4063 2352 4122 In
2404 4063 2575 4122 libris
2632 4067 2696 4121 et

365 4147 605 4206 scholiis
634 4146 855 4223 legitur
896 4141 1048 4206 ἀλλ’
1098 4143 1211 4223 οὐ,
1258 4147 1417 4224 quod
1461 4148 1708 4207 retineri
1738 4148 1979 4222 poterit.
2047 4147 2230 4208 Nulla
2258 4150 2417 4208 enim
2444 4149 2690 4208 offensio

364 4231 430 4291 in
476 4232 768 4306 particula
810 4225 957 4290 ἄλλα
1003 4233 1232 4293 duobus
1277 4232 1578 4292 continuis
1621 4233 1902 4291 membris
1956 4234 2191 4294 iterata.
2283 4233 2400 4293 Sed
2444 4234 2696 4294 fortasse

366 4314 678 4392 Oppianus
722 4337 957 4378 versum
1001 4319 1087 4379 sic
1128 4318 1476 4395 scripserat:

565 4503 572 4508 ‚
669 4430 820 4494 ἀλλ’
869 4431 952 4494 οὐ
996 4436 1310 4514 μυραίνης
1354 4432 1578 4495 ἔλαθεν
1618 4431 1790 4513 κέαρ·
1836 4425 1878 4511 ἥ
1921 4429 2008 4516 ῥά
2052 4430 2082 4492 ἑ
2120 4428 2315 4516 μούνη
2359 4439 2469 4498 eto.
