3132 5129
1386 375 1800 437 -18-

429 530 669 589 modum
717 531 867 589 bene
912 531 1211 606 perspexit
1254 531 1454 590 Schol.
1500 531 1574 589 ad
1627 553 1679 589 v.
1719 533 1856 604 199,
1901 533 1972 588 ut
2013 549 2256 606 prorsus
2303 531 2644 590 dissentiam
2685 533 2759 589 ab

426 615 547 674 illis
604 615 1058 692 Naegelsbacbii
1115 635 1176 691 p.
1228 618 1376 675 187:
1445 616 1798 685 „Wc'ihrend
1849 616 2206 675 Scheltworte
2263 618 2472 690 iryend
2523 617 2763 676 welcher

425 698 541 759 Art
582 703 712 760 dem
752 719 869 766 von,
913 699 1197 775 odysseus
1250 701 1741 778 anqescmayenen
1799 701 1957 760 Tone
2011 702 2488 775 wider-smechen,
2537 719 2762 775 possen

424 787 505 844 sie
548 786 794 858 trefflieh
836 788 903 844 in
946 785 1184 846 Nestors
1228 786 1516 846 Munde.“
1605 787 1760 844 Tum
1806 787 1971 845 illam
2003 785 2568 845 discriminationem
2601 787 2764 846 inter

428 889 629 944 spem
695 870 768 928 ab
814 870 989 928 Ulixe
1044 871 1286 944 factam,
1348 871 1688 930 officium
1733 891 1768 929 a
1823 871 2078 929 Nestore
2133 871 2490 930 inculcatum
2547 890 2760 930 vanam

427 973 555 1013 esse
600 956 738 1014 inde
783 959 977 1030 patet,
1034 955 1191 1031 quod
1239 956 1313 1014 ad
1358 955 1621 1015 officium
1663 957 1968 1032 pertinent
2011 955 2190 1014 etiam
2233 957 2525 1032 promissa
2569 955 2759 1016 Grae-

428 1058 629 1098 corum
674 1040 749 1099 ab
794 1040 971 1100 Ulixe
1015 1060 1074 1099 v.
1122 1041 1244 1100 286
1262 1041 1457 1099 -288
1502 1045 1858 1111 memorata,
1903 1039 1979 1098 ad
2025 1059 2190 1116 spem
2235 1042 2416 1099 etiam
2462 1041 2758 1118 prodigia,

426 1142 680 1199 quorum
722 1125 945 1184 Nestor
988 1125 1263 1184 meminit
1304 1146 1361 1185 v.
1411 1127 1766 1185 3504353.
1841 1125 2031 1185 Porro
2087 1143 2199 1184 nec
2253 1125 2489 1184 Ulixem
2541 1126 2762 1184 leniter

428 1227 602 1285 agere
646 1229 703 1268 v.
752 1211 872 1269 289
906 1229 993 1286 sq.
1028 1216 1089 1268 et
1119 1212 1239 1270 298
1272 1213 1551 1286 arguunt.
1629 1211 1939 1270 Postremo
1969 1209 2394 1286 Naegelsbach.
2426 1230 2486 1286 p.
2522 1211 2644 1268 295
2669 1229 2757 1284 sq.

426 1294 513 1351 ita
557 1297 764 1353 contra
810 1313 902 1354 me
961 1294 1258 1370 disputat:
1334 1295 1463 1364 „Es
1514 1297 1732 1355 scleeint
1787 1297 1878 1354 als
1920 1297 1988 1354 ob
2031 1295 2254 1369 Ko‘cMy
2297 1297 2448 1354 nach
2491 1297 2652 1354 einer
2691 1298 2762 1354 in

322 1387 389 1434 22
423 1379 536 1438 den
598 1379 783 1438 Sehol.
838 1380 965 1438 BL
992 1379 1048 1436 V
1107 1381 1415 1440 berfflerten
1468 1379 1716 1440 Ansieht
1759 1381 1868 1439 das
1925 1373 2270 1457 ἀγοράασθε
2323 1381 2584 1456 lediylich
2649 1381 2772 1452 auf

428 1462 715 1538 odysseus
759 1466 992 1524 beziehe.
1067 1465 1213 1524 Dies
1266 1467 1343 1524 ist
1384 1466 1525 1524 aber
1564 1467 1717 1524 nach
1773 1464 1837 1522 V.
1887 1466 2009 1523 342
2039 1465 2083 1535 s.
2139 1465 2498 1525 entschieden
2552 1464 2757 1537 fals-eh.

426 1547 638 1608 Nestor
678 1551 857 1607 nze-int
900 1550 1225 1625 iiberhaiipt
1254 1551 1346 1608 die
1383 1568 1572 1624 qanze
1604 1551 1880 1624 bisheriqe
1921 1549 2338 1624 Verhcmffluny
2381 1551 2758 1626 einschliissiy

424 1634 523 1692 des
562 1633 799 1692 Streites
840 1636 945 1692 mit
992 1635 1300 1694 Thersites.
1387 1635 1531 1694 Was
1573 1635 1735 1706 hilft,
1791 1640 1921 1710 sayt
1964 1651 2052 1703 er,
2097 1634 2196 1694 (ια’
2239 1636 2349 1694 das
2390 1635 2624 1705 Redem
2679 1637 2758 1694 da

424 1720 535 1776 wir
578 1719 761 1778 durch
802 1716 1045 1778 Schwur
1084 1721 1213 1778 und
1253 1719 1638 1795 Handschlay
1677 1720 1986 1795 qebwnden
2025 1719 2193 1787 sind,
2237 1737 2301 1778 so
2343 1719 2504 1791 mass
2540 1720 2760 1794 yehan-

424 1801 535 1862 dele
576 1803 867 1864 werdenf‘
939 1803 1147 1879 Neque
1189 1803 1363 1862 aliter
1407 1823 1516 1881 ego
1564 1804 1734 1862 illum
1767 1803 1964 1863 locum
1995 1803 2294 1877 intellexi,
2341 1804 2445 1863 sed
2475 1805 2756 1880 quoniam

423 1888 632 1958 „tota
675 1886 813 1945 illa
855 1888 1093 1946 actio“
1138 1891 1370 1947 tantum
1414 1908 1534 1947 una
1579 1889 1916 1958 Thersitae,
1963 1887 2191 1946 duabus
2239 1888 2430 1947 Ulixis
2476 1890 2756 1948 orationi·

426 1972 536 2031 bus
582 1975 845 2047 constat,
892 1976 1060 2048 patet
1088 1992 1330 2050 gravem
1362 1973 1525 2032 illam
1559 1974 2056 2048 vituperationem
2103 1974 2167 2031 in
2209 1972 2366 2032 bunc
2409 1974 2600 2050 magis
2633 1973 2757 2031 fere
2803 2043 2810 2048 Ι

424 2075 601 2131 quam
669 2058 733 2114 in
798 2057 965 2116 illum
1024 2057 1259 2130 cadere,
1328 2077 1684 2134 quamquam
1751 2057 2154 2132 iniquissime,
2215 2061 2532 2134 propterea
2596 2058 2757 2133 quod

422 2141 603 2200 etiam
646 2141 853 2200 Ulixes
899 2145 959 2201 et
1000 2143 1292 2218 promissa
1324 2142 1809 2202 commemoravit
1847 2144 1909 2200 et
1953 2141 2029 2200 ad
2057 2143 2356 2218 agendum
2386 2143 2755 2218 provocavit.

590 2225 902 2285 Postremo
945 2231 1291 2285 notaveram
1333 2246 1445 2286 nec
1489 2228 1552 2286 in
1601 2226 2064 2303 Agamemnonis
2107 2227 2372 2285 oratione
2413 2245 2611 2286 rerum
2640 2227 2756 2286 huc

422 2329 609 2386 usque
651 2315 957 2387 gestarum
1012 2311 1196 2370 ullam
1240 2314 1533 2371 rationem
1579 2312 1816 2387 haberi3
1874 2312 2046 2369 illum
2090 2329 2200 2370 nec
2253 2331 2316 2370 se
2359 2313 2636 2370 simulate
2681 2313 2754 2370 ad

421 2395 627 2473 fugam
672 2394 1049 2456 adhortatum
1093 2415 1220 2456 esse
1248 2416 1408 2456 nunc
1452 2396 1694 2455 tandem
1723 2396 2024 2472 profiteri,
2070 2396 2174 2454 sed
2215 2399 2450 2454 tantum
2495 2398 2794 2455 rixarum·

423 2481 793 2539 internarum
838 2481 1029 2540 facere
1074 2483 1465 2556 mentionem;
1512 2500 1622 2540 nec
1664 2481 1884 2552 Ulixis,
1931 2481 2031 2555 qui
2076 2483 2272 2539 tamen
2321 2482 2480 2539 solus
2525 2482 2756 2558 agendo

425 2566 757 2625 restituerit
799 2585 953 2639 rem,
1009 2586 1225 2626 nomen
1282 2568 1615 2643 appellare,
1675 2568 1780 2625 sed
1823 2566 2067 2625 Nestori
2117 2570 2354 2625 tantum
2412 2568 2757 2626 immodicas

423 2650 629 2709 laudes
672 2650 966 2726 tribuere;
1015 2671 1219 2711 omnes
1266 2652 1519 2727 denique
1564 2652 1850 2729 gravibus
1893 2650 2070 2709 minis
2115 2652 2485 2727 interpositis
2531 2651 2604 2710 ad
2649 2672 2755 2727 pu-

422 2734 728 2811 gnandum
769 2736 1034 2795 incitare.
1112 2736 1335 2795 Contra
1363 2735 1794 2811 Naegelsbach.
1826 2756 1884 2811 p.
1918 2737 2039 2794 296
2071 2754 2160 2810 sq.
2204 2736 2313 2795 boc
2343 2736 2520 2795 modo
2553 2737 2754 2811 dispu-

422 2820 603 2878 tavit:
652 2819 1103 2887 „Vornehmlich
1145 2820 1265 2892 auf
1297 2823 1409 2880 den
1450 2822 1654 2879 Inhalt
1713 2822 1900 2881 dieser
1956 2820 2124 2880 Verse
2183 2817 2264 2897 (v.
2313 2823 2439 2880 360
2469 2821 2586 2896 ΗΖ),
2645 2822 2769 2893 anf·

422 2906 535 2962 den
573 2910 755 2981 quien
796 2904 951 2965 Rath
968 2950 984 2974 ,
1042 2907 1287 2965 ‘ee-elehem.
1330 2905 1541 2965 Nestor
1593 2908 1662 2964 in
1704 2906 2008 2965 taktischer
2051 2906 2326 2965 Hinsicht
2371 2906 2588 2965 ertheilt
2601 2950 2619 2974 ,
2665 2907 2758 2965 be-

420 2990 621 3049 ziehen
661 2990 783 3048 sich
826 2991 918 3049 die
960 2990 1361 3065 Lobsprilche,
1420 2993 1527 3050 mit
1569 2991 1814 3050 welchen
1855 2984 2148 3049 nuozmehr
2213 2990 2275 3052 V.
2325 2993 2452 3049 370
2477 2991 2539 3063 ff.
2594 2990 2754 3066 Δρα-

418 3090 694 3133 memnon
749 3076 863 3133 den
907 3074 1117 3135 Nestor
1158 3077 1365 3135 erhebt.
1438 3076 1600 3147 Dass
1655 3094 1718 3134 er
1770 3077 1854 3134 im
1897 3073 2220 3149 Geqensatz
2270 3092 2343 3135 zu
2397 3092 2460 3135 so
2516 3080 2752 3143 treuem,

420 3160 843 3234 verstcindiyem
886 3158 1073 3228 Rath,
1132 3162 1364 3220 wele-her
1418 3162 1509 3221 die
1552 3161 1756 3220 Madet
1799 3162 1898 3219 des
1939 3161 2156 3219 Heeres
2197 3161 2410 3228 sumet,
2468 3161 2570 3218 der
2613 3160 2744 3218 Zer-

422 3244 735 3316 uwrfnssse
784 3245 1025 3318 qedenkt
1040 3290 1056 3313 ,
1114 3247 1315 3305 welche
1367 3249 1449 3305 sie
1492 3247 1753 3315 linimen,
1813 3262 1936 3305 was
1985 3246 2156 3313 doch,
2211 3245 2487 3303 nebenbei
2536 3250 2752 3321 yesayt,

422 3329 715 3401 offenbare
758 3330 1237 3405 Rackbeziehunq
1280 3332 1399 3404 auf
1431 3333 1539 3391 das
1569 3336 1714 3389 erste
1757 3330 1926 3389 Buch
1969 3332 2071 3398 ist,
2117 3330 2282 3389 kann
2323 3330 2466 3389 doch
2509 3330 2649 3388 eben
2689 3348 2753 3389 so

421 3416 608 3488 wenta
648 3414 755 3486 fiir
796 3414 1127 3487 auffallend
1165 3418 1381 3490 yelten,
1438 3416 1528 3476 als
1583 3416 1719 3486 dass
1775 3432 1866 3483 er,
1923 3432 2046 3473 was
2101 3414 2323 3489 Ko’chly
2380 3416 2585 3483 tadelt,
2643 3432 2758 3473 von

419 3500 611 3557 seiner
650 3498 1083 3575 misslunyenen
1123 3500 1405 3576 Priae'fvmq
1449 3502 1547 3560 des
1591 3500 1806 3559 Heeres
1857 3500 2118 3574 schweiqt
2134 3544 2151 3567 ,
2207 3516 2319 3559 aus
2361 3500 2596 3559 weleleer
2637 3518 2757 3558 nur

432 3582 643 3643 Unleeil
685 3585 1011 3643 erwaehsen
1052 3587 1187 3643 ist.“
1216 3648 1225 3655 ‚

594 3667 711 3727 Sed
764 3666 916 3727 illud
972 3670 1313 3741 consilium,
1380 3670 1476 3729 cui
1528 3671 1762 3728 tantum
1819 3668 2032 3727 tribuit
2082 3668 2543 3744 Naegelsbach.,
2601 3670 2754 3727 nibil

422 3754 581 3813 aliud
630 3753 925 3826 continet,
973 3754 1088 3812 nisi
1132 3754 1295 3829 quod
1340 3757 1410 3812 ut
1440 3753 1799 3813 Graecorum
1845 3754 1932 3812 ita
1955 3754 2218 3812 omnium
2248 3754 2518 3829 gentium
2562 3754 2753 3813 heroi-

422 3839 505 3897 cis
550 3838 923 3913 temporibus
979 3839 1063 3895 ita
1118 3839 1423 3914 proprium
1470 3839 1614 3905 fuit,
1669 3834 1758 3896 ut'
1784 3858 2087 3914 nunquam
2131 3837 2247 3897 alio
2293 3840 2468 3898 modo
2525 3858 2751 3915 pugna-

422 3926 552 3980 tum
596 3924 693 3981 sit.
768 3922 976 3999 Itaque
1035 3941 1395 3999 magnopere
1438 3942 1673 3996 vereor,
1719 3942 1795 3982 ne
1839 3944 1897 3983 v.
1947 3924 2281 3982 360—368
2326 3927 2470 3982 tunc
2514 3924 2750 3983 demum

421 4007 635 4066 adiecti
694 4008 844 4080 sint,
904 4026 1035 4066 cum
1093 4008 1227 4083 quis
1282 4009 1393 4067 boc
1437 4027 1670 4067 carmen
1727 4009 1998 4084 catalogo
2053 4008 2433 4083 praemittere
2485 4008 2752 4084 parabat.

420 4091 573 4149 Tum
620 4090 1045 4150 discordiarum
1078 4096 1237 4151 recte
1281 4094 1365 4151 ita
1396 4096 1632 4153 tantum
1661 4090 2057 4165 meminisset,
2109 4094 2157 4151 si
2204 4094 2278 4152 iis
2323 4093 2543 4152 factum
2574 4100 2750 4167 esset,

422 4178 493 4233 ut
546 4178 959 4252 Agamemnon
1028 4176 1101 4236 de
1167 4178 1451 4253 capienda
1507 4179 1690 4237 Troia
1746 4178 2106 4252 desperaret.
2191 4176 2418 4237 Versus
2475 4180 2594 4237 377
2635 4198 2750 4255 sq.,

421 4261 524 4335 qui
568 4279 639 4319 ex
686 4262 745 4317 A
777 4262 919 4321 298.
966 4262 1107 4322 304.
1178 4264 1231 4319 T
1260 4264 1375 4323 183
1409 4265 1642 4323 consuti
1691 4265 1857 4336 sunt,
1904 4263 2093 4321 multo
2137 4262 2508 4337 probabilius
2537 4282 2752 4339 vagam

421 4346 717 4421 quandam
772 4346 900 4404 eius
945 4348 1029 4405 rei
1086 4348 1387 4408 notionem
1448 4349 1738 4425 produnt,
1801 4366 1978 4423 quam
2035 4366 2164 4406 eam
2219 4348 2603 4407 antecedente
2657 4349 2755 4407 die

423 4431 641 4490 factam
686 4450 814 4491 esse
858 4431 1134 4494 innuunt.
1212 4434 1380 4504 Quae
1424 4435 1582 4493 mala
1623 4436 1824 4492 autem
1865 4452 1938 4491 ex
1995 4432 2100 4492 illa
2161 4434 2490 4492 tentatione
2533 4432 2748 4492 redun-
