3132 5129
1353 351 1768 412 -17-

398 506 595 585 (quasi
643 527 765 567 non
809 508 950 566 haec
994 509 1193 566 omnia
1245 508 1424 565 etiam
1470 508 1794 582 praemissa
1850 506 1926 564 ad
1972 508 2269 564 certamen
2315 505 2728 564 adhortatione

396 593 697 652 introduci
723 588 1056 669 potuerint!
1105 593 1240 651 vide
1271 612 1450 668 supra
1492 612 1549 667 p.
1584 588 1673 668 9),
1726 609 1790 649 so
1830 592 1961 650 sehr
2001 592 2102 649 hat
2129 594 2211 649 sie
2252 592 2374 649 sich
2418 592 2521 663 fiir
2565 589 2726 666 Aqu-

391 697 666 738 memnon
720 679 901 737 durch
945 678 1057 736 den
1111 678 1323 752 Erfoly
1376 678 1466 736 als
1519 679 1646 736 eine
1698 676 1965 748 verfehltc
2019 676 2378 751 Maassreqel
2433 678 2725 734 erwiesen.

392 765 595 823 Duker
637 766 713 822 ist
768 764 871 822 cler
911 763 1146 822 Redner
1194 762 1485 838 qemthiqt
1539 780 1656 821 von
1709 762 1804 821 ihr
1859 780 1936 820 zu
1987 762 2362 836 schweiyenf‘
2449 761 2639 819 Immo
2694 779 2727 817 e

392 849 695 907 contrario
741 852 986 923 propter
1028 848 1196 906 illam
1242 848 1433 922 ipsam
1478 865 1747 916 causam,
1795 846 1952 921 quod
1997 846 2252 921 populus
2297 849 2417 904 tam
2450 847 2727 921 prompte

392 933 559 991 illam
623 933 1101 991 adhortationem
1161 936 1399 991 secutus
1459 932 1679 1000 fuerat,
1750 935 1885 989 ante
1945 932 2144 989 omnia
2195 930 2529 989 edocendus
2582 932 2727 998 erat,

394 1037 526 1076 eam
573 1018 914 1076 simulatam
958 1018 1172 1089 fuisse,
1227 1036 1345 1092 quo
1391 1018 1584 1075 omnis
1629 1017 1755 1074 eius
1800 1016 2121 1075 auctoritas
2167 1015 2478 1074 tolleretur
2521 1019 2583 1073 et
2625 1034 2729 1089 pu-

393 1104 505 1161 dor
547 1103 895 1161 tentaminis
937 1102 1093 1160 male
1122 1103 1439 1161 sustentati
1483 1103 1546 1159 in
1593 1101 1856 1159 omnium
1887 1102 2101 1159 animis
2131 1101 2505 1159 excitaretur.
2569 1100 2731 1169 Quae

394 1187 609 1246 deinde
658 1187 1084 1263 Naegelsbach.
1143 1207 1200 1262 p.
1250 1188 1372 1246 295
1432 1186 1503 1245 de
1560 1186 1844 1261 obsequio
1901 1186 2207 1261 exposuit,
2269 1184 2507 1243 silentio
2565 1203 2729 1259 prae-

392 1276 592 1344 tereo,
643 1271 921 1347 quoniam
967 1272 1150 1330 verba
1190 1290 1323 1330 mea
1364 1290 1486 1330 non
1538 1273 1700 1330 reete
1757 1269 2072 1329 intellexit.
2149 1270 2321 1339 Quod
2375 1287 2552 1345 porro
2610 1269 2730 1326 dixi

392 1357 501 1415 illa
527 1378 586 1417 v.
621 1358 742 1416 284
776 1376 910 1432 sqq.
948 1350 1252 1434 Ἀτρεΐδη,
1296 1362 1417 1414 νῦν
1460 1352 1537 1431 δή
1568 1369 1664 1431 σε,
1720 1350 1905 1429 ἅναξ,
1952 1349 2265 1411 ἐθέλουσιν
2311 1348 2535 1429 Ἀχαιοὶ
2575 1348 2585 1432 Ι
2624 1359 2731 1409 πᾶ·-

395 1457 497 1499 σιν
540 1436 873 1518 ἐλέγχιστον
913 1437 1168 1517 θέμεναι
1212 1444 1274 1500 et
1319 1459 1469 1516 quae
1500 1445 1863 1516 sequuntur,
1910 1440 2126 1514 quibus
2170 1438 2610 1515 Agamemnoni
2640 1457 2733 1496 ex-

394 1532 565 1586 cusat
608 1526 895 1599 Graecos,
942 1527 1103 1601 quod
1147 1526 1437 1585 redeundi
1480 1525 1775 1584 desiderio
1806 1525 1966 1599 capti
2012 1526 2164 1596 sint,
2210 1542 2280 1581 ea
2323 1529 2452 1583 tum
2495 1525 2732 1581 tantum

391 1612 591 1671 locum
638 1611 854 1670 habere
898 1630 1104 1687 posse,
1153 1613 1202 1670 si
1235 1610 1675 1687 Agamemnoni
1721 1610 1795 1668 ad
1839 1628 2102 1685 pugnam
2146 1608 2497 1683 provocanti
2529 1627 2734 1683 parere

390 1697 733 1757 noluissent
776 1696 1029 1767 milites,
1074 1696 1225 1755 nihil
1270 1714 1512 1772 prorsus
1557 1694 1869 1771 respondit
1911 1693 2434 1770 Naegelsbachius.
2510 1691 2735 1753 Contra
2771 1707 2832 1754 21

389 1781 552 1856 quod
600 1785 945 1840 notaveram
990 1784 1226 1839 tantum
1272 1781 1546 1840 draconis
1589 1780 1939 1838 miraculum
1987 1779 2061 1837 ab
2092 1778 2266 1837 Ulixe
2310 1779 2542 1838 narrari
2573 1777 2738 1835 nulla

392 1867 614 1925 somnii
672 1866 832 1925 facta
889 1866 1225 1938 mentione,
1282 1866 1346 1924 id
1402 1865 1443 1923 l.
1490 1884 1540 1923 c.
1597 1867 1683 1923 ita
1726 1866 2067 1940 impugnat,
2135 1866 2204 1921 ut
2256 1863 2406 1921 illud
2462 1862 2737 1922 omnibus

395 1953 611 2011 notum
658 1954 723 2008 et
776 1950 1212 2022 indubitatum,
1270 1950 1384 2008 hoc
1439 1968 1582 2009 vero
1637 1950 1710 2009 iis
1767 1948 1943 2008 modo
1999 1966 2182 2024 grave
2235 1949 2419 2006 fuisse
2475 1950 2737 2018 moneat,

397 2036 499 2111 qui
546 2036 621 2093 de
665 2038 920 2109 patrono
965 2035 1430 2111 Agamemnonis
1463 2033 1606 2093 Iove
1635 2052 1981 2110 persuasum
2015 2033 2128 2092 sibi
2159 2032 2494 2092 habuerint.
2557 2032 2736 2102 Quasi

394 2140 518 2180 non
563 2120 874 2196 aptissime
917 2122 1237 2194 utrumque
1282 2120 1367 2178 sic
1413 2119 1843 2187 coniunxisset,
1891 2122 1962 2177 ut
1991 2117 2196 2177 Ulixes
2241 2136 2416 2193 quam
2462 2119 2598 2175 ante
2629 2117 2737 2175 hos

394 2224 611 2265 novem
657 2223 845 2264 annos
889 2204 1161 2280 Iuppiter
1215 2200 1299 2281 (v.
1348 2206 1490 2264 309.
1540 2206 1684 2263 319.
1733 2202 1882 2279 324)
1941 2201 2340 2278 portendisset
2384 2201 2486 2260 illo
2533 2201 2735 2277 prodi-

397 2292 495 2367 gio
548 2290 647 2348 Ilii
705 2291 1238 2364 expugnationem,
1310 2307 1438 2347 eam
1504 2289 1757 2348 eundem
1813 2307 1971 2346 nune
2027 2288 2110 2363 (v.
2159 2282 2310 2363 330)
2381 2287 2604 2344 factum
2663 2286 2738 2343 iri

400 2376 634 2435 somnio
680 2375 947 2433 immisso
979 2374 1324 2449 promisisse
1370 2372 1651 2433 dixisset!
1723 2373 1973 2448 Singula
2007 2371 2297 2446 quaedam
2328 2371 2563 2429 notavit
2592 2368 2735 2428 Cur·

397 2462 517 2518 tius
572 2478 633 2534 p.
702 2460 978 2529 13—16,
1048 2478 1198 2533 quae
1255 2457 1540 2533 explicuit
1594 2456 2131 2534 Naegelsbachius‚
2190 2456 2295 2515 sed
2353 2455 2739 2514 insolentiora

397 2564 527 2605 esse
569 2562 691 2603 non
737 2544 938 2618 potuit
980 2561 1217 2620 negare.

567 2629 771 2687 Etiam
843 2627 1117 2688 Nestoris
1188 2629 1519 2688 orationem
1587 2631 1717 2687 tum
1793 2626 2209 2687 tantummodo
2273 2626 2617 2696 convenire,
2688 2626 2738 2684 si

400 2715 838 2790 Agamemnoni
894 2714 966 2771 ad
1027 2714 1414 2790 pugnandum
1480 2713 1764 2772 excitanti
1835 2712 2107 2772 nonnulli
2168 2711 2374 2770 Graeci
2433 2730 2494 2770 se
2552 2728 2738 2785 oppo-

400 2800 629 2859 suerint
687 2797 762 2872 (ν.
811 2799 933 2857 345
977 2788 1186 2874 ἄρχευ’
1230 2792 1543 2876 Ἀργείοισι
1608 2794 1756 2856 κατὰ
1814 2793 2098 2876 κρατερὰς
2155 2791 2438 2870 ὑσμίνας,
2479 2792 2489 2872 Ι
2529 2792 2740 2853 τούσδε

400 2876 460 2941 δ’
511 2879 578 2940 ἔα
624 2876 999 2957 φθινύθειν,
1045 2878 1151 2941 ἕνα
1196 2880 1295 2940 καὶ
1339 2875 1452 2940 δύο
1497 2878 1672 2959 etc.);
1732 2901 1865 2941 eum
1912 2900 2133 2958 niagno
2180 2882 2282 2941 sed
2328 2881 2530 2955 inepto
2571 2880 2740 2940 hiatu

402 2969 663 3043 incipere
707 2960 759 3025 ὦ
786 2963 989 3042 πόποι,
1032 2957 1072 3043 ἦ
1118 2963 1194 3042 δὴ
1240 2964 1450 3025 παισὶν
1493 2963 1746 3038 ἐοικότες
1791 2959 2137 3043 ἀγοράασθε
2175 2963 2185 3044 Ι
2225 2963 2561 3041 νηπιάχοις,
2607 2984 2738 3024 cum

403 3059 603 3112 tamen
647 3056 709 3110 et
751 3053 878 3127 ipse
936 3051 1085 3111 nihil
1129 3053 1371 3125 adiciat,
1430 3052 1548 3112 nisi
1595 3053 1751 3127 quod
1811 3052 2016 3111 Ulixes
2068 3051 2184 3110 iam
2244 3051 2547 3123 attulerit,
2609 3069 2738 3126 pro-

402 3140 650 3198 missum
707 3156 743 3194 a
797 3135 1041 3195 Graecis
1104 3139 1168 3195 et
1224 3137 1566 3214 prodigium
1626 3157 1660 3195 a
1715 3137 1856 3196 Iove
1929 3138 2162 3209 datum3
2228 3136 2368 3195 hinc
2428 3137 2740 3210 utramque

403 3223 733 3281 orationem
788 3220 860 3278 ad
922 3226 1343 3297 argumentum
1410 3222 1779 3281 simillimam
1846 3240 2004 3295 esse3
2066 3221 2310 3280 omnino
2366 3239 2566 3279 rerum
2626 3220 2739 3278 huc

406 3326 591 3382 usque
636 3309 943 3382 gestarum
985 3305 1137 3365 nihil
1182 3325 1216 3363 a
1260 3307 1514 3366 Nestore
1559 3306 1807 3381 respici,
1867 3305 2089 3364 ibidem
2146 3306 2411 3381 exposui.
2484 3303 2738 3364 Contra-

404 3392 553 3451 dixit
604 3390 1035 3466 Naegelsbach.
1094 3392 1399 3450 subtiliter
1454 3392 1606 3449 hanc
1647 3411 1773 3452 esse
1829 3391 2023 3450 Ulixis
2081 3395 2142 3449 et
2194 3390 2464 3450 Nestoris
2525 3391 2740 3448 oratio-

402 3496 544 3534 num
604 3476 898 3534 rationem
954 3476 1349 3549 contendens,
1419 3479 1487 3534 ut
1543 3476 1648 3534 illa
1702 3475 2056 3535 consolatrix
2114 3475 2303 3551 magis
2368 3476 2584 3534 leniter
2641 3476 2740 3534 do-

404 3561 590 3620 cendo
637 3579 867 3635 spem,
914 3578 1091 3634 quam
1120 3562 1409 3620 exercitus
1440 3561 1658 3619 habere
1703 3561 1942 3631 debeat,
1990 3560 2387 3631 demonstret,
2431 3560 2574 3619 haec
2605 3578 2739 3619 con-

407 3645 681 3705 viciati-ix
750 3644 965 3703 acriter
1029 3644 1388 3721 increpando
1455 3646 1534 3704 of
1543 3646 1573 3705 f
1580 3645 1803 3704 icium
1881 3643 2238 3704 Graecorum
2305 3645 2434 3702 iure
2489 3644 2742 3702 iurando

407 3729 705 3789 firmatum
760 3731 970 3805 urgeat
1027 3726 1117 3806 (p.
1180 3731 1321 3788 144.
1387 3731 1523 3788 176.
1588 3732 1726 3789 187.
1785 3725 1956 3809 292).
2054 3729 2266 3805 Itaque
2322 3728 2539 3788 falsum
2596 3747 2742 3800 esse,

410 3814 571 3890 quod
618 3818 758 3890 post
802 3833 899 3872 me
944 3813 1186 3874 Curtius
1243 3835 1300 3890 p.
1357 3817 1429 3873 13
1476 3815 1722 3888 dixerit,
1789 3815 1982 3874 Ulixis
2029 3815 2355 3873 orationem
2411 3814 2484 3871 ad
2529 3814 2741 3872 Nesto-

404 3919 536 3959 reae
580 3898 923 3974 exemplum
968 3899 1043 3957 ab
1089 3898 1389 3960 imitatore
1443 3899 1776 3958 confectam
1837 3919 1964 3959 esse
2009 3895 2097 3977 (p.
2146 3896 2328 3973 291),
2387 3899 2490 3957 sed
2533 3898 2742 3974 grada-

402 3985 629 4043 tionem
674 3985 867 4043 inesse
908 3986 1156 4042 naturae
1213 3985 1713 4044 accommodatam
1763 3979 1849 4063 (p.
1900 3982 2070 4062 187).
2144 3983 2305 4043 Haec
2358 4002 2563 4042 rursus
2607 3983 2740 4042 sub-

407 4069 599 4142 tilius,
647 4087 828 4144 quam
872 4068 1068 4128 verius
1127 4069 1436 4144 disputata
1480 4072 1637 4128 sunt.
1711 4070 1802 4128 Ac
1854 4070 2112 4144 primum
2172 4067 2441 4143 quidem,
2502 4068 2551 4127 si
2604 4069 2744 4127 data

409 4172 591 4228 opera
635 4153 878 4213 volebat
922 4153 1211 4212 eiusmodi
1257 4155 1476 4214 inferre
1520 4154 1960 4230 gradationem,
2007 4153 2273 4229 profecto
2317 4154 2508 4212 acrior
2552 4155 2743 4212 oratio

407 4257 530 4297 non
572 4239 816 4297 Nestori
861 4237 1059 4296 danda
1100 4242 1261 4310 erat,
1308 4239 1435 4299 seni
1475 4238 1707 4314 placido
1751 4243 1814 4299 et
1860 4238 2145 4313 sapienti,
2194 4237 2297 4296 sed
2344 4237 2523 4310 Ulixi,
2570 4257 2744 4313 quem

414 4323 696 4383 conviciis
764 4322 940 4382 modo
1009 4325 1069 4380 et
1137 4323 1481 4383 verberibus
1550 4342 1681 4382 eum
1750 4324 1813 4381 in
1881 4324 2030 4380 alios
2097 4326 2226 4381 tum
2284 4324 2345 4381 in
2406 4322 2745 4382 Thersitam

417 4413 757 4484 grassatum
812 4410 1272 4467 consentaneum
1333 4413 1459 4467 erat
1504 4409 1703 4467 animo
1765 4411 2063 4467 commoto
2120 4410 2412 4480 aestuare,
2469 4406 2744 4482 quemad·

515 4513 760 4564 Kochly,
790 4511 1019 4555 Schriften
1074 4512 1113 4552 1.
2307 4509 2338 4557 2
