3132 5129
1354 367 1811 428 -112—

415 526 515 600 qui
561 543 764 584 versus
809 543 930 584 non
976 523 1186 583 dubito
1234 525 1379 599 quin
1425 544 1494 582 ex
1537 524 1657 582 alia
1701 524 2096 583 remanserint
2139 523 2371 598 sabula,
2421 544 2540 598 qua
2572 523 2758 584 Proe-

415 615 513 668 tus
557 614 765 685 aperta
809 611 867 668 vi
913 610 1113 667 uxoris
1177 628 1350 683 quem
1393 608 1647 684 putabat
1691 612 2097 684 corruptorem
2144 628 2175 667 e
2222 610 2342 667 suis
2387 608 2606 667 finibus
2651 628 2759 684 pe·

414 696 636 771 pulisse
682 695 1053 755 narrabatur.

337 792 370 835 4
584 780 750 838 Infra
795 781 896 855 qui
955 778 1026 836 de
1072 777 1382 837 Chimaera
1437 780 1771 854 iunguntur
1829 779 2194 837 celeberrimi
2254 797 2457 837 versus
2507 781 2622 838 181
2658 798 2755 855 sq.

413 867 812 939 importunius
856 865 1036 923 etiam
1082 864 1143 921 in
1190 863 1436 922 Hesiodi
1482 863 1887 939 Theogoniam
1934 864 2058 923 323
2082 883 2172 939 sq.
2218 863 2374 922 illati

665 977 893 1059 πρόσθε
939 977 1119 1056 λέων,
1167 977 1390 1039 ὄπιθεν
1432 975 1498 1038 δὲ
1545 977 1812 1056 δράκων,
1855 977 2041 1056 μέσση
2087 976 2151 1038 δὲ
2195 979 2463 1058 χίμαιρα,

664 1064 865 1126 δεινὸν
905 1061 1325 1125 ἀποπνείουσα
1367 1063 1556 1143 πυρὸς
1600 1061 1776 1141 μένος
1822 1062 2201 1142 αἰθομένοιο,

411 1206 511 1246 eos
555 1163 709 1244 inter
753 1206 814 1244 se
856 1205 977 1244 non
1024 1187 1166 1244 satis
1214 1184 1502 1260 quadrare
1545 1185 1662 1242 iam
1707 1183 2053 1260 Heynius
2098 1185 2319 1244 diserte
2350 1186 2628 1259 exposuit
2658 1185 2759 1242 bis

411 1272 633 1344 verbiS,
683 1291 834 1347 quae
876 1272 1007 1346 ipsa
1046 1269 1400 1346 apponenda
1444 1270 1672 1342 curavi,
1720 1272 1789 1328 ut
1831 1271 1943 1328 viri
1974 1271 2340 1329 meritissimi
2394 1271 2749 1328 memoriam

409 1358 469 1414 in
514 1356 606 1413 his
638 1356 850 1413 studiis
894 1357 1071 1413 nimis
1103 1355 1510 1413 oblitteratam
1552 1354 1992 1428 aliquantulum
2038 1357 2487 1413 resuscitarem:
2538 1355 2751 1429 „Mibi,

409 1443 643 1515 quoties
688 1442 1003 1499 Homerica
1058 1440 1205 1516 legi,
1273 1458 1392 1497 non
1453 1440 1651 1497 minus
1713 1440 1966 1514 suspicio
2013 1440 2269 1498 subnata
2326 1442 2444 1512 est,
2513 1458 2757 1498 versum

422 1527 532 1584 181
598 1545 634 1583 a
689 1527 885 1600 primo
950 1527 1192 1583 auctore
1259 1525 1536 1582 carminis
1593 1543 1715 1583 non
1775 1543 1899 1582 csse
1958 1524 2313 1599 profectum.
2406 1523 2759 1599 Simplicior

410 1614 538 1668 erat
580 1611 890 1686 antiquior
934 1610 1235 1667 narratio:
1301 1601 1338 1683 ἡ
1398 1601 1459 1664 δ’
1517 1601 1627 1680 ἄρ’
1689 1603 1795 1681 ἔην
1836 1611 2011 1666 θεῖον
2070 1604 2270 1685 γένος,
2328 1602 2460 1665 οὐδ’
2510 1603 2754 1685 ἀνθρώ-

411 1714 573 1768 πων,
613 1691 622 1771 Ι
662 1690 865 1752 δεινὸν
908 1687 1312 1751 ἀποπνείουσα
1373 1689 1562 1770 πυρὸς
1618 1688 1796 1769 μένος
1841 1689 2206 1768 αἰθομένοιο.
2281 1693 2376 1751 Ita
2419 1694 2568 1751 bene
2611 1712 2757 1768 pro-

413 1780 572 1837 cedit
629 1781 821 1837 omnis
879 1781 1196 1837 sententia.
1268 1777 1444 1835 Nunc
1499 1779 1660 1836 enim
1717 1781 1809 1836 est
1861 1773 2046 1853 μέσση
2116 1774 2183 1835 δὲ
2249 1776 2489 1853 χίμαιρα
2546 1775 2759 1835 δεινὸν

411 1857 820 1921 ἀποπνείουσα
863 1860 1050 1940 πυρὸς
1093 1858 1304 1938 μένος,
1350 1862 1544 1921 medio
1592 1881 1837 1938 corpore
1882 1881 2087 1937 capra,
2135 1864 2327 1939 capite
2374 1867 2573 1921 tamen
2617 1862 2745 1920 leo-

412 1950 583 2021 nin0,
641 1967 747 2023 per
803 1947 961 2044 quod
1017 1966 1219 2022 capra,
1288 1946 1399 2004 hoc
1464 1952 1559 2006 est
1615 1948 1876 2005 medium
1932 1965 2178 2022 corpuS,
2238 1947 2438 2006 efflare
2497 1947 2752 2022 fingitur

415 2035 640 2109 ignem:
690 2052 842 2107 quae
888 2034 985 2091 vix
1029 2030 1262 2107 p'lacere
1307 2036 1589 2105 possunt:
1647 2036 1715 2090 ut
1757 2050 1865 2090 nec
1910 2034 2036 2090 tota
2081 2032 2337 2090 monstri
2384 2033 2610 2108 species
2653 2051 2748 2090 ca·

412 2118 584 2193 prino
632 2136 902 2192 corpore,
951 2119 1143 2191 capite
1174 2116 1443 2191 leonin0,
1492 2115 1679 2174 cauda
1723 2118 2060 2213 serpentisf
2047 2117 2081 2146 “
2169 2116 2349 2176 Posse
2396 2135 2535 2175 vero
2578 2116 2755 2175 addit

415 2201 851 2278 quodammodo
911 2202 1143 2260 occurri
1188 2201 1404 2274 speciei
1451 2187 1821 2274 Homericae,
1871 2203 1919 2258 si
1965 2201 2249 2278 iungatur
2299 2195 2336 2276 ἡ
2383 2195 2445 2258 δ’
2492 2195 2592 2277 αρ’
2642 2197 2752 2276 ἔην

412 2289 588 2344 θεῖον
631 2282 840 2363 γένος,
885 2277 1292 2344 ἀποπνείουσα
1351 2281 1540 2354 πυρὸς
1584 2280 1778 2361 μένος.
1868 2284 1963 2343 Ita
2006 2305 2145 2345 vero
2191 2288 2334 2345 satis
2379 2286 2752 2344 incommode

413 2372 755 2430 intercalari
814 2390 987 2429 nemo
1043 2389 1162 2429 non
1224 2370 1408 2428 sentit
1459 2388 1694 2429 versum
1746 2372 1893 2444 181,
1950 2389 2124 2444 quem
2180 2389 2253 2430 ne
2309 2389 2442 2429 cum
2499 2372 2749 2429 monstri

416 2456 657 2531 quidem
703 2457 952 2532 proprio
996 2456 1239 2514 nomine
1284 2455 1429 2512 satis
1474 2456 1787 2512 convenire
1833 2457 2069 2513 monuit
2111 2457 2308 2514 nescio
2357 2457 2490 2530 quis
2534 2475 2603 2513 ex
2647 2474 2751 2513 an·

414 2542 599 2616 tiquis
643 2540 1102 2634 interpretibus,
1153 2539 1225 2598 de
1269 2556 1388 2614 quo
1434 2541 1495 2597 in
1542 2539 1781 2598 scholiis
1827 2539 1970 2598 haec
2000 2541 2309 2615 leguntur:
2356 2539 2410 2598 εἰ
2452 2537 2515 2597 τὸ
2544 2543 2753 2598 πλεῖον

413 2622 514 2682 καὶ
561 2616 925 2701 ἐμπρόσθιον
966 2620 1138 2701 μέρος
1170 2614 1283 2699 εἶχε
1314 2620 1568 2697 λέοντος,
1615 2621 1734 2682 ἔδει
1776 2618 1922 2682 αὐτὸ
1952 2623 2229 2702 χίμαιραν
2271 2622 2351 2701 μὴ
2398 2628 2743 2698 καλεῖσθαι,

409 2704 554 2767 ἀλλὰ
600 2705 822 2767 λέοντα.
898 2710 1077 2767 Recte
1132 2709 1372 2783 quidem
1415 2710 1544 2783 ille,
1606 2729 1962 2785 quamquam
2019 2729 2126 2768 nec
2167 2712 2325 2785 quod
2388 2712 2439 2768 ei
2487 2729 2751 2785 oppone·

416 2797 578 2853 retur
622 2793 878 2851 defuisse
935 2793 1140 2851 eadem
1187 2793 1410 2851 scholia
1454 2794 1686 2853 docent.
1778 2795 1894 2853 Sed
1944 2795 2045 2869 qui
2105 2814 2338 2853 versum
2384 2796 2510 2852 sine
2564 2794 2751 2853 dubio

414 2877 819 2937 memorialem
878 2878 950 2935 de
997 2880 1260 2936 monstro
1304 2877 1536 2937 addidit
1583 2880 1837 2936 multum
1893 2881 2143 2955 iactato,
2204 2898 2339 2938 eum
2394 2881 2522 2938 vice
2577 2898 2752 2938 versa

415 2964 629 3037 opinor
683 2981 918 3020 versum
981 2964 1098 3020 182
1159 2964 1441 3021 omisisse.
1529 2962 1743 3037 Itaque
1799 2964 2049 3023 duarum
2112 2965 2518 3024 recensionum
2575 2965 2752 3040 signa

422 3048 517 3106 bic
561 3047 801 3122 quidem
847 3047 1123 3122 ponenda
1167 3052 1325 3108 sunt.

585 3132 673 3190 De
720 3132 811 3190 bis
855 3151 987 3191 cum
1032 3133 1343 3207 paululum
1390 3131 1652 3189 dubitari
1696 3134 1909 3207 possit,
1967 3137 2174 3192 contra
2233 3135 2291 3191 in
2351 3134 2558 3191 eadem
2618 3152 2749 3191 ora-

414 3217 574 3273 tione
636 3218 734 3274 vix
811 3218 1125 3291 quisquam
1207 3215 1506 3274 dubitabit
1581 3218 1725 3291 quin
1819 3218 2031 3276 miselli
2113 3219 2557 3293 interpolatoris
2626 3220 2754 3276 sint

413 3321 469 3358 v.
525 3302 640 3358 194
675 3320 764 3374 sq.

667 3396 765 3457 καὶ
812 3395 923 3474 μέν
966 3399 1029 3457 οἱ
1066 3397 1287 3458 Λύκιοι
1333 3396 1569 3478 τέμενος
1620 3394 1804 3478 τάμον
1846 3399 2055 3480 ἔξοχον
2098 3401 2329 3479 ἄλλων,

667 3481 852 3543 καλὸν
895 3488 1190 3561 φυταλιῆς
1236 3484 1334 3544 και
1377 3479 1669 3563 ἀρουρης,
1714 3483 1874 3565 ὄφρα
1927 3486 2181 3565 νέμοιτο,

412 3589 514 3662 qui
558 3587 1030 3646 commodissime
1076 3607 1214 3645 sane
1257 3588 1540 3663 leguntur
1584 3590 1645 3646 in
1689 3589 1939 3648 notabili
1985 3591 2114 3649 loco
2167 3591 2224 3647 Y
2264 3591 2460 3648 184-
2474 3591 2621 3649 186·

665 3695 705 3781 ἦ
756 3698 827 3764 νύ
873 3726 926 3762 τι
970 3725 1082 3762 τοι
1133 3706 1328 3780 Τρῶες
1373 3701 1678 3806 τέμενος
1724 3728 1956 3783 ταμον
2000 3702 2255 3784 ἔξοχον
2296 3704 2573 3781 ἀλλων,

664 3786 898 3848 καλὸν
941 3791 1306 3866 φυταλιῆς
1350 3787 1473 3848 καὶ
1513 3781 1875 3894 ἀρούρης,
1922 3789 2115 3869 ὄφρα
2163 3789 2459 3868 νέμηαι,

664 3896 728 3932 αι
776 3894 880 3933 κεν
925 3871 1022 3950 ἐμὲ
1067 3873 1330 3955 κτείνῃςς
1388 3878 1656 3951 χαλεπῶς
1701 3876 1768 3934 δέ
1811 3869 1868 3932 σ’
1916 3874 2093 3935 ἔολπα
2138 3872 2200 3935 τὸ
2248 3875 2459 3955 ῥέξειν.

415 3995 600 4063 Quem
659 3993 853 4052 locum
911 3997 1104 4052 totum
1158 4014 1216 4053 v.
1285 3994 1611 4052 180—186
1672 3999 1878 4072 utpote
1937 3998 2199 4055 ieiunum
2255 4000 2434 4072 atque
2494 3997 2752 4055 Achillis

411 4097 664 4153 persona
708 4079 1019 4154 indignum
1068 4077 1396 4136 Aristarchi
1434 4078 1685 4138 athetesi
1724 4083 2009 4140 reiectum
2045 4100 2170 4140 esse
2205 4081 2429 4141 scholia
2462 4082 2748 4155 referunt,

412 4163 577 4220 cuius
600 4166 797 4221 tamen
832 4163 1034 4222 iudicii
1075 4163 1460 4238 principalem
1493 4182 1625 4222 eam
1656 4166 1836 4223 fuisse
1869 4166 2127 4224 arbitror
2156 4184 2408 4241 causam,
2439 4167 2512 4224 de
2536 4185 2653 4241 qua
2684 4167 2750 4224 in

412 4247 707 4304 dissertat.
739 4246 830 4304 111
861 4269 916 4322 p.
950 4249 1026 4304 22
1064 4245 1268 4323 [supra
1298 4267 1357 4322 p.
1385 4246 1494 4323 66]
1542 4250 1804 4308 breviter
1846 4251 2159 4324 admonui,
2220 4252 2475 4326 positam
2521 4252 2581 4308 in
2628 4252 2747 4308 sin·

411 4331 603 4405 gulari
651 4334 711 4388 et
756 4333 961 4406 ignota
1016 4333 1284 4408 alioquin
1328 4333 1566 4390 Aeneae
1622 4335 1967 4394 condicione
2010 4340 2191 4411 atque
2247 4341 2463 4398 mente.
2555 4335 2745 4405 Quam

338 4423 369 4473 5
413 4434 648 4475 causam
694 4416 868 4473 nobis
912 4417 1149 4489 quidem
1195 4435 1310 4474 non
1357 4417 1534 4473 nimis
1580 4438 1821 4494 gravem
1854 4440 1978 4478 esse
2026 4422 2141 4479 iarn
2189 4420 2515 4479 identidem
2562 4420 2749 4496 signi·
