<?xml version="1.0" encoding="UTF-8"?>
<!DOCTYPE html PUBLIC "-//W3C//DTD XHTML 1.0 Transitional//EN"
    "http://www.w3.org/TR/xhtml1/DTD/xhtml1-transitional.dtd">
<html xmlns="http://www.w3.org/1999/xhtml" xml:lang="en" lang="en">
 <head>
  <title>
</title>
<meta http-equiv="Content-Type" content="text/html;charset=utf-8" />
  <meta name='ocr-system' content='tesseract 3.04.00' />
  <meta name='ocr-capabilities' content='ocr_page ocr_carea ocr_par ocr_line ocrx_word'/>
</head>
<body>
  <div class='ocr_page' id='page_1' title='image "./opusculaphilolo00koecgoog_0317.png"; bbox 0 0 3132 5129; ppageno 0'>
   <div class='ocr_carea' id='block_1_1' title="bbox 1307 399 1773 462">
    <p class='ocr_par' dir='ltr' id='par_1_1' title="bbox 1307 399 1773 462">
     <span class='ocr_line' id='line_1_1' title="bbox 1307 399 1773 462; baseline 0 0"><span class='ocrx_word' id='word_1_1' title='bbox 1307 399 1773 462; x_wconf 85' lang='lat'>-305—</span> 
     </span>
    </p>
   </div>
   <div class='ocr_carea' id='block_1_2' title="bbox 365 553 2705 1396">
    <p class='ocr_par' dir='ltr' id='par_1_2' title="bbox 365 553 2705 1396">
     <span class='ocr_line' id='line_1_2' title="bbox 370 553 2703 631; baseline 0 -18"><span class='ocrx_word' id='word_1_2' title='bbox 370 553 680 630; x_wconf 74' lang='lat' dir='ltr'><strong>vulgatam</strong></span> <span class='ocrx_word' id='word_1_3' title='bbox 712 554 1068 629; x_wconf 79' lang='lat' dir='ltr'><strong>scripturam</strong></span> <span class='ocrx_word' id='word_1_4' title='bbox 1109 555 1459 630; x_wconf 89' lang='lat' dir='ltr'><strong>posterioris</strong></span> <span class='ocrx_word' id='word_1_5' title='bbox 1488 555 1847 614; x_wconf 82' lang='lat' dir='ltr'><strong>recensionis</strong></span> <span class='ocrx_word' id='word_1_6' title='bbox 1879 556 2198 631; x_wconf 87' lang='lat' dir='ltr'><strong>putavisse.</strong></span> <span class='ocrx_word' id='word_1_7' title='bbox 2274 554 2497 615; x_wconf 84' lang='lat' dir='ltr'><strong>Contra</strong></span> <span class='ocrx_word' id='word_1_8' title='bbox 2527 575 2703 631; x_wconf 90' lang='lat' dir='ltr'><strong>quam</strong></span> 
     </span>
     <span class='ocr_line' id='line_1_3' title="bbox 372 639 2704 716; baseline 0.001 -20"><span class='ocrx_word' id='word_1_9' title='bbox 372 639 716 713; x_wconf 76' lang='lat' dir='ltr'><strong>opinionem</strong></span> <span class='ocrx_word' id='word_1_10' title='bbox 774 641 933 698; x_wconf 90' lang='lat' dir='ltr'><strong>recte</strong></span> <span class='ocrx_word' id='word_1_11' title='bbox 992 640 1226 698; x_wconf 89' lang='lat' dir='ltr'><strong>monuit</strong></span> <span class='ocrx_word' id='word_1_12' title='bbox 1293 640 1686 707; x_wconf 68' lang='lat' dir='ltr'><strong>Wellauerus‘,</strong></span> <span class='ocrx_word' id='word_1_13' title='bbox 1756 639 2057 716; x_wconf 77' lang='lat' dir='ltr'><strong>vulgatam</strong></span> <span class='ocrx_word' id='word_1_14' title='bbox 2116 640 2503 715; x_wconf 72' lang='lat' dir='ltr'><strong>scripturam,</strong></span> <span class='ocrx_word' id='word_1_15' title='bbox 2529 659 2704 699; x_wconf 88' lang='lat' dir='ltr'><strong>sensu</strong></span> 
     </span>
     <span class='ocr_line' id='line_1_4' title="bbox 368 723 2704 799; baseline 0.001 -20"><span class='ocrx_word' id='word_1_16' title='bbox 368 742 615 797; x_wconf 86' lang='lat' dir='ltr'><strong>prorsus</strong></span> <span class='ocrx_word' id='word_1_17' title='bbox 660 742 877 782; x_wconf 88' lang='lat' dir='ltr'><strong>carere.</strong></span> <span class='ocrx_word' id='word_1_18' title='bbox 956 723 1072 782; x_wconf 85' lang='lat' dir='ltr'><strong>Sed</strong></span> <span class='ocrx_word' id='word_1_19' title='bbox 1119 742 1251 782; x_wconf 89' lang='lat' dir='ltr'><strong>cum</strong></span> <span class='ocrx_word' id='word_1_20' title='bbox 1297 724 1609 798; x_wconf 73' lang='lat' dir='ltr'><strong>scholiasta</strong></span> <span class='ocrx_word' id='word_1_21' title='bbox 1651 724 1871 783; x_wconf 80' lang='lat' dir='ltr'><strong>diserte</strong></span> <span class='ocrx_word' id='word_1_22' title='bbox 1901 727 2170 799; x_wconf 87' lang='lat' dir='ltr'><strong>moneat,</strong></span> <span class='ocrx_word' id='word_1_23' title='bbox 2217 744 2273 783; x_wconf 87' lang='lat' dir='ltr'><strong>v.</strong></span> <span class='ocrx_word' id='word_1_24' title='bbox 2311 726 2431 784; x_wconf 84' lang='lat'><strong>739</strong></span> <span class='ocrx_word' id='word_1_25' title='bbox 2477 726 2540 783; x_wconf 90' lang='lat' dir='ltr'><strong>in</strong></span> <span class='ocrx_word' id='word_1_26' title='bbox 2572 726 2704 783; x_wconf 88' lang='lat' dir='ltr'><strong>aliis</strong></span> 
     </span>
     <span class='ocr_line' id='line_1_5' title="bbox 369 799 2703 887; baseline 0.001 -23"><span class='ocrx_word' id='word_1_27' title='bbox 369 808 544 866; x_wconf 88' lang='lat' dir='ltr'><strong>libris</strong></span> <span class='ocrx_word' id='word_1_28' title='bbox 589 809 742 884; x_wconf 86' lang='lat' dir='ltr'><strong>legi,</strong></span> <span class='ocrx_word' id='word_1_29' title='bbox 789 808 852 866; x_wconf 89' lang='lat' dir='ltr'><strong>in</strong></span> <span class='ocrx_word' id='word_1_30' title='bbox 898 809 1029 867; x_wconf 86' lang='lat' dir='ltr'><strong>aliis</strong></span> <span class='ocrx_word' id='word_1_31' title='bbox 1076 809 1272 867; x_wconf 87' lang='lat' dir='ltr'><strong>omitti</strong></span> <span class='ocrx_word' id='word_1_32' title='bbox 1320 803 1413 887; x_wconf 78' lang='grc' dir='ltr'><strong><em>(ἕν</em></strong></span> <span class='ocrx_word' id='word_1_33' title='bbox 1456 823 1580 865; x_wconf 87' lang='grc' dir='ltr'><strong><em>τισι</em></strong></span> <span class='ocrx_word' id='word_1_34' title='bbox 1624 804 1862 886; x_wconf 81' lang='grc' dir='ltr'><strong><em>φέρεται</em></strong></span> <span class='ocrx_word' id='word_1_35' title='bbox 1916 842 1985 852; x_wconf 93' lang='grc'><strong>-</strong></span> <span class='ocrx_word' id='word_1_36' title='bbox 2035 805 2100 866; x_wconf 81' lang='grc' dir='ltr'><strong>ἒν</strong></span> <span class='ocrx_word' id='word_1_37' title='bbox 2143 823 2262 866; x_wconf 83' lang='grc' dir='ltr'><strong><em>τισι</em></strong></span> <span class='ocrx_word' id='word_1_38' title='bbox 2307 804 2368 866; x_wconf 82' lang='grc' dir='ltr'><strong>δὲ</strong></span> <span class='ocrx_word' id='word_1_39' title='bbox 2414 799 2485 866; x_wconf 79' lang='grc' dir='ltr'><strong>οὖ</strong></span> <span class='ocrx_word' id='word_1_40' title='bbox 2531 805 2703 885; x_wconf 79' lang='grc' dir='ltr'><strong><em>φέρε-</em></strong></span> 
     </span>
     <span class='ocr_line' id='line_1_6' title="bbox 366 889 2702 970; baseline 0.001 -22"><span class='ocrx_word' id='word_1_41' title='bbox 366 889 523 969; x_wconf 86' lang='grc' dir='ltr'><strong><em>ται),</em></strong></span> <span class='ocrx_word' id='word_1_42' title='bbox 570 912 691 951; x_wconf 87' lang='lat' dir='ltr'><strong>nou</strong></span> <span class='ocrx_word' id='word_1_43' title='bbox 738 896 884 969; x_wconf 90' lang='lat' dir='ltr'><strong>puto</strong></span> <span class='ocrx_word' id='word_1_44' title='bbox 928 895 1153 952; x_wconf 87' lang='lat' dir='ltr'><strong>temere</strong></span> <span class='ocrx_word' id='word_1_45' title='bbox 1198 894 1527 953; x_wconf 88' lang='lat' dir='ltr'><strong>coniectum</strong></span> <span class='ocrx_word' id='word_1_46' title='bbox 1577 912 1703 952; x_wconf 90' lang='lat' dir='ltr'><strong>esse</strong></span> <span class='ocrx_word' id='word_1_47' title='bbox 1749 913 1783 951; x_wconf 88' lang='lat' dir='ltr'><strong>a</strong></span> <span class='ocrx_word' id='word_1_48' title='bbox 1816 892 2151 963; x_wconf 75' lang='lat' dir='ltr'><strong>Gerhardo,</strong></span> <span class='ocrx_word' id='word_1_49' title='bbox 2196 895 2290 952; x_wconf 90' lang='lat' dir='ltr'><strong>hic</strong></span> <span class='ocrx_word' id='word_1_50' title='bbox 2334 912 2568 970; x_wconf 90' lang='lat' dir='ltr'><strong>quoque</strong></span> <span class='ocrx_word' id='word_1_51' title='bbox 2600 895 2702 952; x_wconf 90' lang='lat' dir='ltr'><strong>du-</strong></span> 
     </span>
     <span class='ocr_line' id='line_1_7' title="bbox 365 977 2702 1055; baseline 0.001 -21"><span class='ocrx_word' id='word_1_52' title='bbox 365 977 535 1051; x_wconf 86' lang='lat' dir='ltr'><strong>plicis</strong></span> <span class='ocrx_word' id='word_1_53' title='bbox 568 978 929 1037; x_wconf 84' lang='lat' dir='ltr'><strong>recensionis</strong></span> <span class='ocrx_word' id='word_1_54' title='bbox 963 978 1221 1055; x_wconf 86' lang='lat' dir='ltr'><strong>vestigia</strong></span> <span class='ocrx_word' id='word_1_55' title='bbox 1264 997 1390 1037; x_wconf 89' lang='lat' dir='ltr'><strong>esse</strong></span> <span class='ocrx_word' id='word_1_56' title='bbox 1422 978 1755 1054; x_wconf 86' lang='lat' dir='ltr'><strong>conspicua.</strong></span> <span class='ocrx_word' id='word_1_57' title='bbox 1831 978 1904 1036; x_wconf 87' lang='lat' dir='ltr'><strong>In</strong></span> <span class='ocrx_word' id='word_1_58' title='bbox 1935 980 2124 1037; x_wconf 87' lang='lat' dir='ltr'><strong>altera</strong></span> <span class='ocrx_word' id='word_1_59' title='bbox 2168 979 2326 1039; x_wconf 91' lang='lat' dir='ltr'><strong>enim</strong></span> <span class='ocrx_word' id='word_1_60' title='bbox 2373 979 2702 1053; x_wconf 88' lang='lat' dir='ltr'><strong>legebatur,</strong></span> 
     </span>
     <span class='ocr_line' id='line_1_8' title="bbox 367 1062 2705 1139; baseline 0 -20"><span class='ocrx_word' id='word_1_61' title='bbox 367 1063 458 1120; x_wconf 91' lang='lat' dir='ltr'><strong>uti</strong></span> <span class='ocrx_word' id='word_1_62' title='bbox 501 1062 691 1121; x_wconf 78' lang='lat' dir='ltr'><strong>edidit</strong></span> <span class='ocrx_word' id='word_1_63' title='bbox 746 1062 1138 1131; x_wconf 74' lang='lat' dir='ltr'><strong>WellaueruS,</strong></span> <span class='ocrx_word' id='word_1_64' title='bbox 1183 1064 1246 1122; x_wconf 91' lang='lat' dir='ltr'><strong>in</strong></span> <span class='ocrx_word' id='word_1_65' title='bbox 1289 1063 1480 1122; x_wconf 89' lang='lat' dir='ltr'><strong>altera</strong></span> <span class='ocrx_word' id='word_1_66' title='bbox 1530 1063 1907 1139; x_wconf 85' lang='lat' dir='ltr'><strong>Apollonius,</strong></span> <span class='ocrx_word' id='word_1_67' title='bbox 1956 1066 2175 1123; x_wconf 89' lang='lat' dir='ltr'><strong>omisso</strong></span> <span class='ocrx_word' id='word_1_68' title='bbox 2210 1082 2383 1123; x_wconf 87' lang='lat' dir='ltr'><strong>versu</strong></span> <span class='ocrx_word' id='word_1_69' title='bbox 2429 1065 2571 1137; x_wconf 80' lang='lat'><strong>739,</strong></span> <span class='ocrx_word' id='word_1_70' title='bbox 2618 1065 2705 1121; x_wconf 88' lang='lat' dir='ltr'><strong>ita</strong></span> 
     </span>
     <span class='ocr_line' id='line_1_9' title="bbox 365 1146 979 1221; baseline 0.005 -18"><span class='ocrx_word' id='word_1_71' title='bbox 365 1146 670 1221; x_wconf 85' lang='lat' dir='ltr'><strong>scripsisse</strong></span> <span class='ocrx_word' id='word_1_72' title='bbox 714 1147 979 1207; x_wconf 82' lang='lat' dir='ltr'><strong>videtur:</strong></span> 
     </span>
     <span class='ocr_line' id='line_1_10' title="bbox 1162 1222 1938 1309; baseline 0.001 -20"><span class='ocrx_word' id='word_1_73' title='bbox 1162 1264 1242 1275; x_wconf 90' lang='lat'><em>-</em></span> <span class='ocrx_word' id='word_1_74' title='bbox 1331 1267 1411 1278; x_wconf 92' lang='lat'>—</span> <span class='ocrx_word' id='word_1_75' title='bbox 1498 1222 1601 1309; x_wconf 81' lang='grc' dir='ltr'><strong><em>ἦρι</em></strong></span> <span class='ocrx_word' id='word_1_76' title='bbox 1643 1226 1711 1290; x_wconf 82' lang='grc' dir='ltr'><strong>δὲ</strong></span> <span class='ocrx_word' id='word_1_77' title='bbox 1756 1239 1938 1309; x_wconf 82' lang='grc' dir='ltr'><strong><em>νηοῦ</em></strong></span> 
     </span>
     <span class='ocr_line' id='line_1_11' title="bbox 669 1308 2311 1396; baseline 0.002 -23"><span class='ocrx_word' id='word_1_78' title='bbox 669 1313 908 1393; x_wconf 81' lang='grc' dir='ltr'><strong><em>οἴσομαι</em></strong></span> <span class='ocrx_word' id='word_1_79' title='bbox 952 1310 1021 1387; x_wconf 73' lang='grc' dir='ltr'><strong>ἐξ</strong></span> <span class='ocrx_word' id='word_1_80' title='bbox 1058 1310 1307 1394; x_wconf 76' lang='grc' dir='ltr'><strong><em>Ἑκάτης</em></strong></span> <span class='ocrx_word' id='word_1_81' title='bbox 1352 1313 1685 1395; x_wconf 75' lang='grc' dir='ltr'><strong><em>θελκτήρια</em></strong></span> <span class='ocrx_word' id='word_1_82' title='bbox 1729 1313 2016 1396; x_wconf 76' lang='grc' dir='ltr'><strong><em>φάρμακα</em></strong></span> <span class='ocrx_word' id='word_1_83' title='bbox 2059 1308 2311 1396; x_wconf 74' lang='grc' dir='ltr'><strong><em>ταύρων.</em></strong></span> 
     </span>
    </p>
   </div>
   <div class='ocr_carea' id='block_1_3' title="bbox 371 1417 2226 1599">
    <p class='ocr_par' dir='ltr' id='par_1_3' title="bbox 371 1417 2226 1599">
     <span class='ocr_line' id='line_1_12' title="bbox 371 1417 1528 1497; baseline 0.004 -22"><span class='ocrx_word' id='word_1_84' title='bbox 371 1417 573 1476; x_wconf 82' lang='lat' dir='ltr'><strong>Etiam</strong></span> <span class='ocrx_word' id='word_1_85' title='bbox 618 1417 682 1494; x_wconf 88' lang='lat'><strong>1,</strong></span> <span class='ocrx_word' id='word_1_86' title='bbox 730 1420 883 1493; x_wconf 82' lang='lat'><strong>285,</strong></span> <span class='ocrx_word' id='word_1_87' title='bbox 931 1418 1037 1477; x_wconf 88' lang='lat' dir='ltr'><strong>ubi</strong></span> <span class='ocrx_word' id='word_1_88' title='bbox 1080 1438 1238 1480; x_wconf 90' lang='lat' dir='ltr'><strong>nunc</strong></span> <span class='ocrx_word' id='word_1_89' title='bbox 1283 1420 1528 1497; x_wconf 86' lang='lat' dir='ltr'><strong>legitur:</strong></span> 
     </span>
     <span class='ocr_line' id='line_1_13' title="bbox 669 1511 2226 1599; baseline 0.003 -24"><span class='ocrx_word' id='word_1_90' title='bbox 669 1515 929 1597; x_wconf 70' lang='grc' dir='ltr'><strong><em>δμωις”</em></strong></span> <span class='ocrx_word' id='word_1_91' title='bbox 892 1540 1056 1590; x_wconf 85' lang='grc' dir='ltr'><strong><em>οπως</em></strong></span> <span class='ocrx_word' id='word_1_92' title='bbox 1099 1525 1350 1580; x_wconf 81' lang='grc' dir='ltr'><strong><em>κενεοῖσι</em></strong></span> <span class='ocrx_word' id='word_1_93' title='bbox 1393 1519 1738 1597; x_wconf 84' lang='grc' dir='ltr'><strong><em>λελείψομαι</em></strong></span> <span class='ocrx_word' id='word_1_94' title='bbox 1782 1517 1847 1580; x_wconf 79' lang='grc' dir='ltr'><strong>ἐν</strong></span> <span class='ocrx_word' id='word_1_95' title='bbox 1888 1511 2226 1599; x_wconf 76' lang='grc' dir='ltr'><strong><em>μεγάροισι,</em></strong></span> 
     </span>
    </p>
   </div>
   <div class='ocr_carea' id='block_1_4' title="bbox 363 1638 2698 1803">
    <p class='ocr_par' dir='ltr' id='par_1_4' title="bbox 363 1638 2698 1803">
     <span class='ocr_line' id='line_1_14' title="bbox 363 1638 2698 1718; baseline 0.003 -23"><span class='ocrx_word' id='word_1_96' title='bbox 363 1638 626 1696; x_wconf 86' lang='lat' dir='ltr'><strong>nondum</strong></span> <span class='ocrx_word' id='word_1_97' title='bbox 671 1643 902 1698; x_wconf 88' lang='lat' dir='ltr'><strong>erutam</strong></span> <span class='ocrx_word' id='word_1_98' title='bbox 947 1642 1097 1715; x_wconf 91' lang='lat' dir='ltr'><strong>puto</strong></span> <span class='ocrx_word' id='word_1_99' title='bbox 1128 1660 1287 1716; x_wconf 88' lang='lat' dir='ltr'><strong>eam,</strong></span> <span class='ocrx_word' id='word_1_100' title='bbox 1335 1660 1512 1717; x_wconf 91' lang='lat' dir='ltr'><strong>quam</strong></span> <span class='ocrx_word' id='word_1_101' title='bbox 1544 1642 1609 1700; x_wconf 88' lang='lat' dir='ltr'><strong>in</strong></span> <span class='ocrx_word' id='word_1_102' title='bbox 1637 1643 1835 1718; x_wconf 91' lang='lat' dir='ltr'><strong>priore</strong></span> <span class='ocrx_word' id='word_1_103' title='bbox 1866 1642 2127 1701; x_wconf 83' lang='lat' dir='ltr'><strong>editione</strong></span> <span class='ocrx_word' id='word_1_104' title='bbox 2182 1646 2462 1717; x_wconf 89' lang='lat' dir='ltr'><strong>posuerat</strong></span> <span class='ocrx_word' id='word_1_105' title='bbox 2502 1644 2698 1718; x_wconf 84' lang='lat' dir='ltr'><strong>poeta,</strong></span> 
     </span>
     <span class='ocr_line' id='line_1_15' title="bbox 364 1722 1987 1803; baseline 0.003 -23"><span class='ocrx_word' id='word_1_106' title='bbox 364 1722 699 1782; x_wconf 85' lang='lat' dir='ltr'><strong>lectionem.</strong></span> <span class='ocrx_word' id='word_1_107' title='bbox 775 1724 919 1783; x_wconf 87' lang='lat' dir='ltr'><strong>Fuit</strong></span> <span class='ocrx_word' id='word_1_108' title='bbox 960 1744 1029 1783; x_wconf 87' lang='lat' dir='ltr'><strong>ea</strong></span> <span class='ocrx_word' id='word_1_109' title='bbox 1071 1726 1397 1785; x_wconf 90' lang='lat' dir='ltr'><strong>secundum</strong></span> <span class='ocrx_word' id='word_1_110' title='bbox 1442 1727 1667 1786; x_wconf 86' lang='lat' dir='ltr'><strong>scholia</strong></span> <span class='ocrx_word' id='word_1_111' title='bbox 1712 1728 1987 1803; x_wconf 86' lang='lat' dir='ltr'><strong>vulgata:</strong></span> 
     </span>
    </p>
   </div>
   <div class='ocr_carea' id='block_1_5' title="bbox 668 1837 2257 1923">
    <p class='ocr_par' dir='ltr' id='par_1_5' title="bbox 668 1837 2257 1923">
     <span class='ocr_line' id='line_1_16' title="bbox 668 1837 2257 1923; baseline 0.003 -24"><span class='ocrx_word' id='word_1_112' title='bbox 668 1838 850 1918; x_wconf 82' lang='grc' dir='ltr'><strong><em>δμωὶς</em></strong></span> <span class='ocrx_word' id='word_1_113' title='bbox 898 1837 1057 1913; x_wconf 77' lang='grc' dir='ltr'><strong><em>ὅπως</em></strong></span> <span class='ocrx_word' id='word_1_114' title='bbox 1101 1847 1355 1903; x_wconf 83' lang='grc' dir='ltr'><strong><em>κενεοῖσι</em></strong></span> <span class='ocrx_word' id='word_1_115' title='bbox 1398 1838 1756 1921; x_wconf 80' lang='grc' dir='ltr'><strong><em>βιώσομαι</em></strong></span> <span class='ocrx_word' id='word_1_116' title='bbox 1814 1839 1881 1903; x_wconf 81' lang='grc' dir='ltr'><strong>ἔν</strong></span> <span class='ocrx_word' id='word_1_117' title='bbox 1922 1838 2257 1923; x_wconf 73' lang='grc' dir='ltr'><strong><em>μεγάροισι,</em></strong></span> 
     </span>
    </p>
   </div>
   <div class='ocr_carea' id='block_1_6' title="bbox 361 1954 2757 2382">
    <p class='ocr_par' dir='ltr' id='par_1_6' title="bbox 361 1954 2757 2382">
     <span class='ocr_line' id='line_1_17' title="bbox 368 1954 2701 2042; baseline 0.002 -25"><span class='ocrx_word' id='word_1_118' title='bbox 368 1960 470 2018; x_wconf 88' lang='lat' dir='ltr'><strong>sed</strong></span> <span class='ocrx_word' id='word_1_119' title='bbox 515 1961 577 2018; x_wconf 89' lang='lat' dir='ltr'><strong>in</strong></span> <span class='ocrx_word' id='word_1_120' title='bbox 625 1960 866 2020; x_wconf 89' lang='lat' dir='ltr'><strong>scholiis</strong></span> <span class='ocrx_word' id='word_1_121' title='bbox 912 1961 1195 2021; x_wconf 85' lang='lat' dir='ltr'><strong>Parisinis</strong></span> <span class='ocrx_word' id='word_1_122' title='bbox 1224 1983 1331 2039; x_wconf 92' lang='lat' dir='ltr'><strong>pro</strong></span> <span class='ocrx_word' id='word_1_123' title='bbox 1361 1954 1653 2041; x_wconf 78' lang='grc' dir='ltr'><strong><em>βιώσομαι</em></strong></span> <span class='ocrx_word' id='word_1_124' title='bbox 1682 1965 1970 2040; x_wconf 88' lang='lat' dir='ltr'><strong>scriptum</strong></span> <span class='ocrx_word' id='word_1_125' title='bbox 2014 1967 2210 2023; x_wconf 84' lang='lat' dir='ltr'><strong>exstat</strong></span> <span class='ocrx_word' id='word_1_126' title='bbox 2236 1961 2491 2042; x_wconf 78' lang='grc' dir='ltr'><strong><em>βείομαι,</em></strong></span> <span class='ocrx_word' id='word_1_127' title='bbox 2523 1984 2701 2024; x_wconf 85' lang='lat' dir='ltr'><strong>versu</strong></span> 
     </span>
     <span class='ocr_line' id='line_1_18' title="bbox 365 2045 2698 2128; baseline 0.001 -26"><span class='ocrx_word' id='word_1_128' title='bbox 365 2045 686 2105; x_wconf 80' lang='lat' dir='ltr'><strong>laborante.</strong></span> <span class='ocrx_word' id='word_1_129' title='bbox 776 2046 947 2105; x_wconf 85' lang='lat' dir='ltr'><strong>Unde</strong></span> <span class='ocrx_word' id='word_1_130' title='bbox 1003 2048 1160 2122; x_wconf 92' lang='lat' dir='ltr'><strong>quod</strong></span> <span class='ocrx_word' id='word_1_131' title='bbox 1216 2049 1578 2109; x_wconf 80' lang='lat' dir='ltr'><strong>Wellaucrus</strong></span> <span class='ocrx_word' id='word_1_132' title='bbox 1637 2050 1919 2109; x_wconf 88' lang='lat' dir='ltr'><strong>coniecit:</strong></span> <span class='ocrx_word' id='word_1_133' title='bbox 1974 2052 2261 2107; x_wconf 83' lang='grc' dir='ltr'><strong><em>κενεοῖσι</em></strong></span> <span class='ocrx_word' id='word_1_134' title='bbox 2316 2070 2390 2128; x_wconf 81' lang='grc' dir='ltr'><strong><em>γε</em></strong></span> <span class='ocrx_word' id='word_1_135' title='bbox 2448 2047 2698 2126; x_wconf 81' lang='grc' dir='ltr'><strong><em>βείομαι,</em></strong></span> 
     </span>
     <span class='ocr_line' id='line_1_19' title="bbox 366 2124 2696 2211; baseline 0.003 -24"><span class='ocrx_word' id='word_1_136' title='bbox 366 2148 500 2187; x_wconf 92' lang='lat' dir='ltr'><strong>cum</strong></span> <span class='ocrx_word' id='word_1_137' title='bbox 546 2130 643 2191; x_wconf 81' lang='lat' dir='ltr'><strong>vix</strong></span> <span class='ocrx_word' id='word_1_138' title='bbox 688 2131 963 2190; x_wconf 83' lang='lat' dir='ltr'><strong>videatur</strong></span> <span class='ocrx_word' id='word_1_139' title='bbox 1007 2133 1292 2207; x_wconf 88' lang='lat' dir='ltr'><strong>scriptum</strong></span> <span class='ocrx_word' id='word_1_140' title='bbox 1354 2135 1536 2194; x_wconf 83' lang='lat' dir='ltr'><strong>fuisse</strong></span> <span class='ocrx_word' id='word_1_141' title='bbox 1582 2135 1656 2193; x_wconf 91' lang='lat' dir='ltr'><strong>ob</strong></span> <span class='ocrx_word' id='word_1_142' title='bbox 1701 2134 2055 2210; x_wconf 85' lang='lat' dir='ltr'><strong>particulam</strong></span> <span class='ocrx_word' id='word_1_143' title='bbox 2100 2124 2167 2211; x_wconf 85' lang='grc' dir='ltr'><strong><em>γε’</em></strong></span> <span class='ocrx_word' id='word_1_144' title='bbox 2210 2137 2550 2209; x_wconf 87' lang='lat' dir='ltr'><strong>importune</strong></span> <span class='ocrx_word' id='word_1_145' title='bbox 2594 2153 2696 2210; x_wconf 94' lang='lat' dir='ltr'><strong>po-</strong></span> 
     </span>
     <span class='ocr_line' id='line_1_20' title="bbox 367 2215 2757 2295; baseline 0.003 -23"><span class='ocrx_word' id='word_1_146' title='bbox 367 2215 575 2290; x_wconf 84' lang='lat' dir='ltr'><strong>sitam,</strong></span> <span class='ocrx_word' id='word_1_147' title='bbox 637 2215 888 2275; x_wconf 82' lang='lat' dir='ltr'><strong>fortasse</strong></span> <span class='ocrx_word' id='word_1_148' title='bbox 941 2235 1059 2276; x_wconf 91' lang='lat' dir='ltr'><strong>non</strong></span> <span class='ocrx_word' id='word_1_149' title='bbox 1118 2219 1272 2277; x_wconf 88' lang='lat' dir='ltr'><strong>male</strong></span> <span class='ocrx_word' id='word_1_150' title='bbox 1329 2220 1664 2294; x_wconf 87' lang='lat' dir='ltr'><strong>suspicatus</strong></span> <span class='ocrx_word' id='word_1_151' title='bbox 1734 2220 1930 2295; x_wconf 83' lang='lat' dir='ltr'><strong>suer0,</strong></span> <span class='ocrx_word' id='word_1_152' title='bbox 1992 2220 2380 2295; x_wconf 87' lang='lat' dir='ltr'><strong>Apollonium</strong></span> <span class='ocrx_word' id='word_1_153' title='bbox 2436 2221 2697 2295; x_wconf 89' lang='lat' dir='ltr'><strong>primum</strong></span> <span class='ocrx_word' id='word_1_154' title='bbox 2724 2230 2757 2278; x_wconf 87' lang='lat'>8</span> 
     </span>
     <span class='ocr_line' id='line_1_21' title="bbox 361 2297 1998 2382; baseline 0.004 -26"><span class='ocrx_word' id='word_1_155' title='bbox 361 2298 448 2357; x_wconf 86' lang='lat' dir='ltr'><strong>ita</strong></span> <span class='ocrx_word' id='word_1_156' title='bbox 492 2299 751 2359; x_wconf 87' lang='lat' dir='ltr'><strong>dedisse:</strong></span> <span class='ocrx_word' id='word_1_157' title='bbox 800 2304 1072 2370; x_wconf 81' lang='grc' dir='ltr'><strong><em>κενεοῖς</em></strong></span> <span class='ocrx_word' id='word_1_158' title='bbox 1117 2297 1243 2360; x_wconf 83' lang='grc' dir='ltr'><strong><em>σέο</em></strong></span> <span class='ocrx_word' id='word_1_159' title='bbox 1285 2303 1518 2381; x_wconf 84' lang='grc' dir='ltr'><strong><em>βείομαι</em></strong></span> <span class='ocrx_word' id='word_1_160' title='bbox 1565 2298 1630 2361; x_wconf 79' lang='grc' dir='ltr'><strong>ἔν</strong></span> <span class='ocrx_word' id='word_1_161' title='bbox 1674 2299 1998 2382; x_wconf 78' lang='grc' dir='ltr'><strong><em>μεγάροισι.</em></strong></span> 
     </span>
    </p>
   </div>
   <div class='ocr_carea' id='block_1_7' title="bbox 532 2416 2350 2501">
    <p class='ocr_par' dir='ltr' id='par_1_7' title="bbox 532 2416 2350 2501">
     <span class='ocr_line' id='line_1_22' title="bbox 532 2416 2350 2501; baseline 0.003 -25"><span class='ocrx_word' id='word_1_162' title='bbox 532 2417 605 2477; x_wconf 89' lang='lat' dir='ltr'><strong>V.</strong></span> <span class='ocrx_word' id='word_1_163' title='bbox 656 2421 841 2481; x_wconf 88' lang='lat'><strong>1136.</strong></span> <span class='ocrx_word' id='word_1_164' title='bbox 885 2418 1072 2497; x_wconf 80' lang='grc' dir='ltr'><strong><em>Αἰαίη</em></strong></span> <span class='ocrx_word' id='word_1_165' title='bbox 1119 2416 1398 2499; x_wconf 86' lang='grc' dir='ltr'><strong><em>Μήδεια,</em></strong></span> <span class='ocrx_word' id='word_1_166' title='bbox 1443 2416 1702 2481; x_wconf 70' lang='grc' dir='ltr'><strong><em>λιποῦσα</em></strong></span> <span class='ocrx_word' id='word_1_167' title='bbox 1745 2442 1809 2501; x_wconf 88' lang='grc' dir='ltr'><strong><em>γε</em></strong></span> <span class='ocrx_word' id='word_1_168' title='bbox 1853 2419 2111 2501; x_wconf 77' lang='grc' dir='ltr'><strong><em>πατρίδα</em></strong></span> <span class='ocrx_word' id='word_1_169' title='bbox 2153 2425 2350 2500; x_wconf 87' lang='grc' dir='ltr'><strong><em>γαῖαν.</em></strong></span> 
     </span>
    </p>
   </div>
   <div class='ocr_carea' id='block_1_8' title="bbox 362 2534 2696 2874">
    <p class='ocr_par' dir='ltr' id='par_1_8' title="bbox 362 2534 2696 2874">
     <span class='ocr_line' id='line_1_23' title="bbox 363 2534 2693 2620; baseline 0.002 -23"><span class='ocrx_word' id='word_1_170' title='bbox 363 2537 745 2598; x_wconf 88' lang='lat' dir='ltr'><strong>Alienissima</strong></span> <span class='ocrx_word' id='word_1_171' title='bbox 788 2542 878 2599; x_wconf 89' lang='lat' dir='ltr'><strong>est</strong></span> <span class='ocrx_word' id='word_1_172' title='bbox 919 2539 1212 2616; x_wconf 87' lang='lat' dir='ltr'><strong>particula</strong></span> <span class='ocrx_word' id='word_1_173' title='bbox 1253 2534 1352 2620; x_wconf 77' lang='grc' dir='ltr'><strong>γέ,</strong></span> <span class='ocrx_word' id='word_1_174' title='bbox 1407 2561 1587 2619; x_wconf 89' lang='lat' dir='ltr'><strong>quam</strong></span> <span class='ocrx_word' id='word_1_175' title='bbox 1645 2541 1935 2601; x_wconf 89' lang='lat' dir='ltr'><strong>omittunt</strong></span> <span class='ocrx_word' id='word_1_176' title='bbox 1977 2541 2147 2601; x_wconf 92' lang='lat' dir='ltr'><strong>codd.</strong></span> <span class='ocrx_word' id='word_1_177' title='bbox 2205 2539 2367 2603; x_wconf 89' lang='lat' dir='ltr'><strong>Vatt.</strong></span> <span class='ocrx_word' id='word_1_178' title='bbox 2411 2541 2483 2601; x_wconf 88' lang='lat' dir='ltr'><strong>A.</strong></span> <span class='ocrx_word' id='word_1_179' title='bbox 2518 2539 2586 2602; x_wconf 88' lang='lat' dir='ltr'><strong>C.</strong></span> <span class='ocrx_word' id='word_1_180' title='bbox 2620 2541 2693 2619; x_wconf 92' lang='lat' dir='ltr'><strong>D,</strong></span> 
     </span>
     <span class='ocr_line' id='line_1_24' title="bbox 362 2622 2695 2702; baseline 0.002 -20"><span class='ocrx_word' id='word_1_181' title='bbox 362 2622 551 2700; x_wconf 86' lang='lat' dir='ltr'><strong>Regg.</strong></span> <span class='ocrx_word' id='word_1_182' title='bbox 598 2628 749 2699; x_wconf 76' lang='lat' dir='ltr'><strong>treS,</strong></span> <span class='ocrx_word' id='word_1_183' title='bbox 796 2623 1074 2701; x_wconf 89' lang='lat' dir='ltr'><strong>Vratisl.,</strong></span> <span class='ocrx_word' id='word_1_184' title='bbox 1133 2624 1395 2687; x_wconf 89' lang='lat' dir='ltr'><strong>Vindob.</strong></span> <span class='ocrx_word' id='word_1_185' title='bbox 1469 2628 1692 2687; x_wconf 84' lang='lat' dir='ltr'><strong>Mirum</strong></span> <span class='ocrx_word' id='word_1_186' title='bbox 1734 2630 1853 2702; x_wconf 88' lang='lat' dir='ltr'><strong>est,</strong></span> <span class='ocrx_word' id='word_1_187' title='bbox 1912 2627 2025 2685; x_wconf 90' lang='lat' dir='ltr'><strong>hoc</strong></span> <span class='ocrx_word' id='word_1_188' title='bbox 2067 2647 2103 2685; x_wconf 88' lang='lat' dir='ltr'><strong>a</strong></span> <span class='ocrx_word' id='word_1_189' title='bbox 2144 2628 2378 2686; x_wconf 89' lang='lat' dir='ltr'><strong>nemine</strong></span> <span class='ocrx_word' id='word_1_190' title='bbox 2423 2645 2549 2686; x_wconf 90' lang='lat' dir='ltr'><strong>esse</strong></span> <span class='ocrx_word' id='word_1_191' title='bbox 2593 2628 2695 2686; x_wconf 90' lang='lat' dir='ltr'><strong>ob-</strong></span> 
     </span>
     <span class='ocr_line' id='line_1_25' title="bbox 363 2705 2696 2783; baseline 0.002 -18"><span class='ocrx_word' id='word_1_192' title='bbox 363 2713 692 2783; x_wconf 83' lang='lat' dir='ltr'><strong>servatum,</strong></span> <span class='ocrx_word' id='word_1_193' title='bbox 740 2728 872 2768; x_wconf 90' lang='lat' dir='ltr'><strong>cum</strong></span> <span class='ocrx_word' id='word_1_194' title='bbox 918 2711 1205 2769; x_wconf 85' lang='lat' dir='ltr'><strong>facillima</strong></span> <span class='ocrx_word' id='word_1_195' title='bbox 1233 2718 1392 2772; x_wconf 87' lang='lat' dir='ltr'><strong>esset</strong></span> <span class='ocrx_word' id='word_1_196' title='bbox 1423 2713 1672 2776; x_wconf 86' lang='lat' dir='ltr'><strong>medela.</strong></span> <span class='ocrx_word' id='word_1_197' title='bbox 1747 2713 1933 2771; x_wconf 87' lang='lat' dir='ltr'><strong>Poeta</strong></span> <span class='ocrx_word' id='word_1_198' title='bbox 1974 2714 2163 2770; x_wconf 89' lang='lat' dir='ltr'><strong>enim:</strong></span> <span class='ocrx_word' id='word_1_199' title='bbox 2210 2705 2505 2769; x_wconf 82' lang='grc' dir='ltr'><strong><em>λιποῦσ’</em></strong></span> <span class='ocrx_word' id='word_1_200' title='bbox 2552 2705 2696 2770; x_wconf 71' lang='grc' dir='ltr'><strong>ἄπο</strong></span> 
     </span>
     <span class='ocr_line' id='line_1_26' title="bbox 363 2785 2452 2874; baseline 0.002 -26"><span class='ocrx_word' id='word_1_201' title='bbox 363 2813 422 2854; x_wconf 85' lang='grc' dir='ltr'><strong>π.</strong></span> <span class='ocrx_word' id='word_1_202' title='bbox 466 2815 518 2871; x_wconf 80' lang='grc' dir='ltr'><strong>γ.</strong></span> <span class='ocrx_word' id='word_1_203' title='bbox 564 2794 824 2857; x_wconf 84' lang='lat' dir='ltr'><strong>dederat.</strong></span> <span class='ocrx_word' id='word_1_204' title='bbox 901 2793 995 2854; x_wconf 87' lang='lat' dir='ltr'><strong>Cf.</strong></span> <span class='ocrx_word' id='word_1_205' title='bbox 1041 2795 1146 2871; x_wconf 86' lang='lat' dir='ltr'><strong>IV,</strong></span> <span class='ocrx_word' id='word_1_206' title='bbox 1195 2798 1347 2857; x_wconf 81' lang='lat'><strong>752:</strong></span> <span class='ocrx_word' id='word_1_207' title='bbox 1392 2800 1597 2856; x_wconf 77' lang='grc' dir='ltr'><strong><em>λεῖπον</em></strong></span> <span class='ocrx_word' id='word_1_208' title='bbox 1642 2785 1706 2854; x_wconf 82' lang='grc' dir='ltr'><strong>δ’</strong></span> <span class='ocrx_word' id='word_1_209' title='bbox 1753 2786 1873 2854; x_wconf 64' lang='lat' dir='ltr'><strong>Eiuro</strong></span> <span class='ocrx_word' id='word_1_210' title='bbox 1917 2788 2158 2872; x_wconf 74' lang='grc' dir='ltr'><strong><em>δώματα</em></strong></span> <span class='ocrx_word' id='word_1_211' title='bbox 2204 2793 2452 2874; x_wconf 84' lang='grc' dir='ltr'><strong><em>Κίρκης.</em></strong></span> 
     </span>
    </p>
   </div>
   <div class='ocr_carea' id='block_1_9' title="bbox 660 2951 2398 3402">
    <p class='ocr_par' dir='ltr' id='par_1_9' title="bbox 660 2951 2398 3316">
     <span class='ocr_line' id='line_1_27' title="bbox 664 2951 2398 3086; baseline 0 -48"><span class='ocrx_word' id='word_1_212' title='bbox 664 2972 913 3056; x_wconf 85' lang='grc' dir='ltr'><strong><em>Γυμνὸν</em></strong></span> <span class='ocrx_word' id='word_1_213' title='bbox 957 2975 1015 3043; x_wconf 83' lang='grc' dir='ltr'><strong>δ’</strong></span> <span class='ocrx_word' id='word_1_214' title='bbox 1064 2979 1130 3044; x_wconf 73' lang='grc' dir='ltr'><strong>ἐκ</strong></span> <span class='ocrx_word' id='word_1_215' title='bbox 1174 2986 1398 3043; x_wconf 82' lang='grc' dir='ltr'><strong><em>κολεοῖο</em></strong></span> <span class='ocrx_word' id='word_1_216' title='bbox 1430 2976 1584 3086; x_wconf 79' lang='grc' dir='ltr'><strong><em>φέρε</em></strong></span> <span class='ocrx_word' id='word_1_217' title='bbox 1631 2983 1829 3056; x_wconf 80' lang='grc' dir='ltr'><strong><em>ξίφος·</em></strong></span> <span class='ocrx_word' id='word_1_218' title='bbox 1875 2957 2024 3042; x_wconf 81' lang='grc' dir='ltr'><strong><em>οὖτα</em></strong></span> <span class='ocrx_word' id='word_1_219' title='bbox 2067 2975 2135 3041; x_wconf 74' lang='grc' dir='ltr'><strong>δὲ</strong></span> <span class='ocrx_word' id='word_1_220' title='bbox 2176 2951 2398 3061; x_wconf 79' lang='grc' dir='ltr'><strong><em>μίγδην</em></strong></span> 
     </span>
     <span class='ocr_line' id='line_1_28' title="bbox 660 3058 2203 3172; baseline 0.001 -48"><span class='ocrx_word' id='word_1_221' title='bbox 660 3058 911 3169; x_wconf 68' lang='grc' dir='ltr'><strong><em>ἀμώων,</em></strong></span> <span class='ocrx_word' id='word_1_222' title='bbox 956 3064 1167 3140; x_wconf 82' lang='grc' dir='ltr'><strong><em>πολέας</em></strong></span> <span class='ocrx_word' id='word_1_223' title='bbox 1211 3064 1321 3146; x_wconf 84' lang='grc' dir='ltr'><strong>μὲν</strong></span> <span class='ocrx_word' id='word_1_224' title='bbox 1365 3061 1445 3126; x_wconf 78' lang='grc' dir='ltr'><strong>ἔτ’</strong></span> <span class='ocrx_word' id='word_1_225' title='bbox 1497 3065 1556 3139; x_wconf 79' lang='grc' dir='ltr'><strong><em>ἐς</em></strong></span> <span class='ocrx_word' id='word_1_226' title='bbox 1601 3064 1800 3142; x_wconf 77' lang='grc' dir='ltr'><strong><em>νηδὺν</em></strong></span> <span class='ocrx_word' id='word_1_227' title='bbox 1845 3060 2139 3172; x_wconf 77' lang='grc' dir='ltr'><strong><em>λαγόνας</em></strong></span> <span class='ocrx_word' id='word_1_228' title='bbox 2142 3088 2203 3126; x_wconf 88' lang='grc' dir='ltr'><strong><em>τε</em></strong></span> 
     </span>
     <span class='ocr_line' id='line_1_29' title="bbox 660 3145 2269 3249; baseline -0.001 -39"><span class='ocrx_word' id='word_1_229' title='bbox 660 3145 908 3226; x_wconf 80' lang='grc' dir='ltr'><strong><em>ἡμίσεας</em></strong></span> <span class='ocrx_word' id='word_1_230' title='bbox 951 3147 1271 3249; x_wconf 77' lang='grc' dir='ltr'><strong><em>ἀνέχοντας</em></strong></span> <span class='ocrx_word' id='word_1_231' title='bbox 1318 3149 1377 3223; x_wconf 77' lang='grc' dir='ltr'><strong><em>ἐς</em></strong></span> <span class='ocrx_word' id='word_1_232' title='bbox 1420 3145 1596 3231; x_wconf 78' lang='grc' dir='ltr'><strong><em>ἡερα·</em></strong></span> <span class='ocrx_word' id='word_1_233' title='bbox 1658 3150 1797 3225; x_wconf 79' lang='grc' dir='ltr'><strong><em>τοὺς</em></strong></span> <span class='ocrx_word' id='word_1_234' title='bbox 1842 3150 1910 3212; x_wconf 79' lang='grc' dir='ltr'><strong>δὲ</strong></span> <span class='ocrx_word' id='word_1_235' title='bbox 1951 3149 2051 3211; x_wconf 80' lang='grc' dir='ltr'><strong><em>καὶ</em></strong></span> <span class='ocrx_word' id='word_1_236' title='bbox 2096 3148 2269 3230; x_wconf 71' lang='grc' dir='ltr'><strong><em>ἄχρις</em></strong></span> 
     </span>
     <span class='ocr_line' id='line_1_30' title="bbox 661 3230 2136 3335; baseline -0.001 -39"><span class='ocrx_word' id='word_1_237' title='bbox 661 3258 841 3310; x_wconf 87' lang='grc' dir='ltr'><strong><em>ωμων</em></strong></span> <span class='ocrx_word' id='word_1_238' title='bbox 884 3230 1290 3335; x_wconf 75' lang='grc' dir='ltr'><strong><em>τελλομένους·</em></strong></span> <span class='ocrx_word' id='word_1_239' title='bbox 1338 3235 1473 3308; x_wconf 83' lang='grc' dir='ltr'><strong><em>τοὺς</em></strong></span> <span class='ocrx_word' id='word_1_240' title='bbox 1516 3235 1583 3297; x_wconf 80' lang='grc' dir='ltr'><strong>δὲ</strong></span> <span class='ocrx_word' id='word_1_241' title='bbox 1627 3233 1768 3298; x_wconf 78' lang='grc' dir='ltr'><strong><em>νέον</em></strong></span> <span class='ocrx_word' id='word_1_242' title='bbox 1811 3233 2136 3335; x_wconf 74' lang='grc' dir='ltr'><strong><em>ἑστηῶτας·</em></strong></span> 
     </span>
    </p>

    <p class='ocr_par' dir='ltr' id='par_1_10' title="bbox 664 3313 2270 3402">
     <span class='ocr_line' id='line_1_31' title="bbox 664 3313 2270 3402; baseline 0 -22"><span class='ocrx_word' id='word_1_243' title='bbox 664 3342 801 3394; x_wconf 90' lang='grc' dir='ltr'><strong><em>τους</em></strong></span> <span class='ocrx_word' id='word_1_244' title='bbox 846 3313 906 3381; x_wconf 87' lang='grc' dir='ltr'><strong>δ’</strong></span> <span class='ocrx_word' id='word_1_245' title='bbox 953 3321 1074 3400; x_wconf 82' lang='grc' dir='ltr'><strong>ἤδη</strong></span> <span class='ocrx_word' id='word_1_246' title='bbox 1118 3320 1220 3381; x_wconf 77' lang='grc' dir='ltr'><strong><em>καὶ</em></strong></span> <span class='ocrx_word' id='word_1_247' title='bbox 1264 3321 1485 3383; x_wconf 71' lang='grc' dir='ltr'><strong><em>ποσσὶν</em></strong></span> <span class='ocrx_word' id='word_1_248' title='bbox 1528 3318 1947 3402; x_wconf 79' lang='grc' dir='ltr'><strong><em>ἐπειγομένους</em></strong></span> <span class='ocrx_word' id='word_1_249' title='bbox 1991 3314 2135 3393; x_wconf 76' lang='grc' dir='ltr'><strong><em>ἕς”</em></strong></span> <span class='ocrx_word' id='word_1_250' title='bbox 2094 3343 2270 3401; x_wconf 90' lang='grc' dir='ltr'><strong><em>αρηα.</em></strong></span> 
     </span>
    </p>
   </div>
   <div class='ocr_carea' id='block_1_10' title="bbox 355 3439 2688 4617">
    <p class='ocr_par' dir='ltr' id='par_1_11' title="bbox 355 3439 2688 4617">
     <span class='ocr_line' id='line_1_32' title="bbox 358 3439 2687 3520; baseline 0.001 -23"><span class='ocrx_word' id='word_1_251' title='bbox 358 3439 574 3499; x_wconf 85' lang='lat' dir='ltr'><strong>Totum</strong></span> <span class='ocrx_word' id='word_1_252' title='bbox 621 3441 903 3517; x_wconf 83' lang='lat' dir='ltr'><strong>adscripsi</strong></span> <span class='ocrx_word' id='word_1_253' title='bbox 949 3443 1173 3518; x_wconf 90' lang='lat' dir='ltr'><strong>locum,</strong></span> <span class='ocrx_word' id='word_1_254' title='bbox 1232 3463 1350 3520; x_wconf 90' lang='lat' dir='ltr'><strong>quo</strong></span> <span class='ocrx_word' id='word_1_255' title='bbox 1405 3444 1623 3504; x_wconf 87' lang='lat' dir='ltr'><strong>clarius</strong></span> <span class='ocrx_word' id='word_1_256' title='bbox 1667 3445 2010 3518; x_wconf 83' lang='lat' dir='ltr'><strong>appareret,</strong></span> <span class='ocrx_word' id='word_1_257' title='bbox 2059 3443 2335 3502; x_wconf 85' lang='lat' dir='ltr'><strong>vitiatum</strong></span> <span class='ocrx_word' id='word_1_258' title='bbox 2381 3459 2507 3500; x_wconf 89' lang='lat' dir='ltr'><strong>esse</strong></span> <span class='ocrx_word' id='word_1_259' title='bbox 2538 3442 2687 3501; x_wconf 90' lang='lat' dir='ltr'><strong>illud</strong></span> 
     </span>
     <span class='ocr_line' id='line_1_33' title="bbox 360 3520 2685 3603; baseline 0.002 -22"><span class='ocrx_word' id='word_1_260' title='bbox 360 3520 588 3597; x_wconf 77' lang='grc' dir='ltr'><strong><em>ὤμων.</em></strong></span> <span class='ocrx_word' id='word_1_261' title='bbox 665 3527 1016 3602; x_wconf 88' lang='lat' dir='ltr'><strong>Requiritur</strong></span> <span class='ocrx_word' id='word_1_262' title='bbox 1059 3529 1218 3587; x_wconf 90' lang='lat' dir='ltr'><strong>enim</strong></span> <span class='ocrx_word' id='word_1_263' title='bbox 1263 3528 1671 3589; x_wconf 88' lang='lat' dir='ltr'><strong>huiuscemodi</strong></span> <span class='ocrx_word' id='word_1_264' title='bbox 1714 3528 1964 3587; x_wconf 87' lang='lat' dir='ltr'><strong>membri</strong></span> <span class='ocrx_word' id='word_1_265' title='bbox 2008 3527 2264 3602; x_wconf 89' lang='lat' dir='ltr'><strong>mentio,</strong></span> <span class='ocrx_word' id='word_1_266' title='bbox 2321 3528 2481 3602; x_wconf 94' lang='lat' dir='ltr'><strong>quod</strong></span> <span class='ocrx_word' id='word_1_267' title='bbox 2525 3528 2685 3603; x_wconf 88' lang='lat' dir='ltr'><strong>posi-</strong></span> 
     </span>
     <span class='ocr_line' id='line_1_34' title="bbox 363 3611 2688 3688; baseline 0 -19"><span class='ocrx_word' id='word_1_268' title='bbox 363 3616 489 3669; x_wconf 86' lang='lat' dir='ltr'><strong>tum</strong></span> <span class='ocrx_word' id='word_1_269' title='bbox 536 3612 615 3668; x_wconf 88' lang='lat' dir='ltr'><strong>sit</strong></span> <span class='ocrx_word' id='word_1_270' title='bbox 659 3611 768 3670; x_wconf 89' lang='lat' dir='ltr'><strong>sub</strong></span> <span class='ocrx_word' id='word_1_271' title='bbox 813 3616 1020 3671; x_wconf 86' lang='lat' dir='ltr'><strong>ventre</strong></span> <span class='ocrx_word' id='word_1_272' title='bbox 1064 3618 1126 3688; x_wconf 77' lang='lat' dir='ltr'><strong>et</strong></span> <span class='ocrx_word' id='word_1_273' title='bbox 1169 3614 1476 3674; x_wconf 86' lang='lat' dir='ltr'><strong>lateribus.</strong></span> <span class='ocrx_word' id='word_1_274' title='bbox 1547 3613 1701 3672; x_wconf 86' lang='lat' dir='ltr'><strong>Nam</strong></span> <span class='ocrx_word' id='word_1_275' title='bbox 1747 3612 1957 3671; x_wconf 87' lang='lat' dir='ltr'><strong>ordine</strong></span> <span class='ocrx_word' id='word_1_276' title='bbox 2000 3611 2273 3687; x_wconf 83' lang='lat' dir='ltr'><strong>procedit</strong></span> <span class='ocrx_word' id='word_1_277' title='bbox 2315 3613 2688 3688; x_wconf 85' lang='lat' dir='ltr'><strong>singulorum</strong></span> 
     </span>
     <span class='ocr_line' id='line_1_35' title="bbox 364 3694 2687 3774; baseline 0 -20"><span class='ocrx_word' id='word_1_278' title='bbox 364 3694 689 3770; x_wconf 85' lang='lat' dir='ltr'><strong>Gigantum</strong></span> <span class='ocrx_word' id='word_1_279' title='bbox 736 3699 1130 3773; x_wconf 80' lang='lat' dir='ltr'><strong>enumerati03</strong></span> <span class='ocrx_word' id='word_1_280' title='bbox 1178 3698 1433 3774; x_wconf 90' lang='lat' dir='ltr'><strong>primum</strong></span> <span class='ocrx_word' id='word_1_281' title='bbox 1466 3700 1900 3772; x_wconf 85' lang='lat' dir='ltr'><strong>memorantur,</strong></span> <span class='ocrx_word' id='word_1_282' title='bbox 1946 3699 2049 3773; x_wconf 89' lang='lat' dir='ltr'><strong>qui</strong></span> <span class='ocrx_word' id='word_1_283' title='bbox 2080 3715 2269 3772; x_wconf 89' lang='lat' dir='ltr'><strong>usque</strong></span> <span class='ocrx_word' id='word_1_284' title='bbox 2311 3697 2387 3755; x_wconf 88' lang='lat' dir='ltr'><strong>ad</strong></span> <span class='ocrx_word' id='word_1_285' title='bbox 2416 3700 2687 3756; x_wconf 87' lang='lat' dir='ltr'><strong>ventrem</strong></span> 
     </span>
     <span class='ocr_line' id='line_1_36' title="bbox 361 3779 2685 3858; baseline 0.001 -21"><span class='ocrx_word' id='word_1_286' title='bbox 361 3779 551 3838; x_wconf 89' lang='lat' dir='ltr'><strong>adhuc</strong></span> <span class='ocrx_word' id='word_1_287' title='bbox 599 3780 842 3840; x_wconf 89' lang='lat' dir='ltr'><strong>dimidio</strong></span> <span class='ocrx_word' id='word_1_288' title='bbox 887 3800 1131 3857; x_wconf 88' lang='lat' dir='ltr'><strong>corpore</strong></span> <span class='ocrx_word' id='word_1_289' title='bbox 1175 3783 1238 3842; x_wconf 88' lang='lat' dir='ltr'><strong>in</strong></span> <span class='ocrx_word' id='word_1_290' title='bbox 1281 3787 1443 3843; x_wconf 82' lang='lat' dir='ltr'><strong>terra</strong></span> <span class='ocrx_word' id='word_1_291' title='bbox 1487 3784 1743 3857; x_wconf 86' lang='lat' dir='ltr'><strong>lateant,</strong></span> <span class='ocrx_word' id='word_1_292' title='bbox 1802 3784 1961 3858; x_wconf 90' lang='lat' dir='ltr'><strong>tum,</strong></span> <span class='ocrx_word' id='word_1_293' title='bbox 2009 3785 2078 3841; x_wconf 91' lang='lat' dir='ltr'><strong>ut</strong></span> <span class='ocrx_word' id='word_1_294' title='bbox 2120 3781 2393 3840; x_wconf 88' lang='lat' dir='ltr'><strong>omittam</strong></span> <span class='ocrx_word' id='word_1_295' title='bbox 2436 3800 2564 3856; x_wconf 78' lang='lat' dir='ltr'><strong>coe,</strong></span> <span class='ocrx_word' id='word_1_296' title='bbox 2612 3781 2685 3840; x_wconf 92' lang='lat' dir='ltr'><strong>de</strong></span> 
     </span>
     <span class='ocr_line' id='line_1_37' title="bbox 360 3865 2683 3945; baseline 0.001 -22"><span class='ocrx_word' id='word_1_297' title='bbox 360 3865 574 3940; x_wconf 84' lang='lat' dir='ltr'><strong>quibus</strong></span> <span class='ocrx_word' id='word_1_298' title='bbox 604 3884 764 3924; x_wconf 88' lang='lat' dir='ltr'><strong>nunc</strong></span> <span class='ocrx_word' id='word_1_299' title='bbox 792 3865 1160 3942; x_wconf 81' lang='lat' dir='ltr'><strong>dubitamus,</strong></span> <span class='ocrx_word' id='word_1_300' title='bbox 1209 3869 1311 3945; x_wconf 89' lang='lat' dir='ltr'><strong>qui</strong></span> <span class='ocrx_word' id='word_1_301' title='bbox 1339 3869 1519 3929; x_wconf 91' lang='lat' dir='ltr'><strong>modo</strong></span> <span class='ocrx_word' id='word_1_302' title='bbox 1551 3868 1667 3927; x_wconf 89' lang='lat' dir='ltr'><strong>toti</strong></span> <span class='ocrx_word' id='word_1_303' title='bbox 1693 3868 1919 3942; x_wconf 85' lang='lat' dir='ltr'><strong>egressi</strong></span> <span class='ocrx_word' id='word_1_304' title='bbox 1962 3866 2313 3942; x_wconf 86' lang='lat' dir='ltr'><strong>consistant,</strong></span> <span class='ocrx_word' id='word_1_305' title='bbox 2360 3871 2683 3942; x_wconf 87' lang='lat' dir='ltr'><strong>postrem0,</strong></span> 
     </span>
     <span class='ocr_line' id='line_1_38' title="bbox 360 3950 2685 4030; baseline 0.001 -23"><span class='ocrx_word' id='word_1_306' title='bbox 360 3950 461 4025; x_wconf 91' lang='lat' dir='ltr'><strong>qui</strong></span> <span class='ocrx_word' id='word_1_307' title='bbox 504 3950 624 4008; x_wconf 87' lang='lat' dir='ltr'><strong>iam</strong></span> <span class='ocrx_word' id='word_1_308' title='bbox 666 3951 912 4010; x_wconf 83' lang='lat' dir='ltr'><strong>exsertis</strong></span> <span class='ocrx_word' id='word_1_309' title='bbox 954 3951 1206 4027; x_wconf 89' lang='lat' dir='ltr'><strong>pedibus</strong></span> <span class='ocrx_word' id='word_1_310' title='bbox 1259 3952 1323 4012; x_wconf 88' lang='lat' dir='ltr'><strong>in</strong></span> <span class='ocrx_word' id='word_1_311' title='bbox 1365 3953 1658 4030; x_wconf 91' lang='lat' dir='ltr'><strong>proelium</strong></span> <span class='ocrx_word' id='word_1_312' title='bbox 1714 3954 1913 4011; x_wconf 88' lang='lat' dir='ltr'><strong>ruant.</strong></span> <span class='ocrx_word' id='word_1_313' title='bbox 1989 3954 2210 4027; x_wconf 85' lang='lat' dir='ltr'><strong>Aperte</strong></span> <span class='ocrx_word' id='word_1_314' title='bbox 2253 3951 2510 4010; x_wconf 89' lang='lat' dir='ltr'><strong>secundo</strong></span> <span class='ocrx_word' id='word_1_315' title='bbox 2554 3953 2685 4010; x_wconf 93' lang='lat' dir='ltr'><strong>loco</strong></span> 
     </span>
     <span class='ocr_line' id='line_1_39' title="bbox 357 4034 2683 4115; baseline 0 -22"><span class='ocrx_word' id='word_1_316' title='bbox 357 4035 648 4094; x_wconf 88' lang='lat' dir='ltr'><strong>eiusmodi</strong></span> <span class='ocrx_word' id='word_1_317' title='bbox 692 4035 974 4112; x_wconf 88' lang='lat' dir='ltr'><strong>descripti</strong></span> <span class='ocrx_word' id='word_1_318' title='bbox 1029 4042 1169 4096; x_wconf 89' lang='lat' dir='ltr'><strong>sunt</strong></span> <span class='ocrx_word' id='word_1_319' title='bbox 1213 4036 1528 4115; x_wconf 75' lang='lat' dir='ltr'><strong>GiganteS,</strong></span> <span class='ocrx_word' id='word_1_320' title='bbox 1585 4038 1689 4113; x_wconf 90' lang='lat' dir='ltr'><strong>qui</strong></span> <span class='ocrx_word' id='word_1_321' title='bbox 1733 4036 1867 4110; x_wconf 90' lang='lat' dir='ltr'><strong>plus</strong></span> <span class='ocrx_word' id='word_1_322' title='bbox 1919 4036 2100 4094; x_wconf 89' lang='lat' dir='ltr'><strong>etiam</strong></span> <span class='ocrx_word' id='word_1_323' title='bbox 2148 4054 2326 4110; x_wconf 89' lang='lat' dir='ltr'><strong>quam</strong></span> <span class='ocrx_word' id='word_1_324' title='bbox 2371 4034 2683 4094; x_wconf 89' lang='lat' dir='ltr'><strong>dimidium</strong></span> 
     </span>
     <span class='ocr_line' id='line_1_40' title="bbox 359 4112 2683 4199; baseline 0 -22"><span class='ocrx_word' id='word_1_325' title='bbox 359 4138 567 4195; x_wconf 83' lang='lat' dir='ltr'><strong>corpus</strong></span> <span class='ocrx_word' id='word_1_326' title='bbox 613 4139 644 4179; x_wconf 91' lang='lat' dir='ltr'><strong>e</strong></span> <span class='ocrx_word' id='word_1_327' title='bbox 689 4120 815 4180; x_wconf 90' lang='lat' dir='ltr'><strong>solo</strong></span> <span class='ocrx_word' id='word_1_328' title='bbox 861 4121 1234 4181; x_wconf 86' lang='lat' dir='ltr'><strong>sustulerint.</strong></span> <span class='ocrx_word' id='word_1_329' title='bbox 1309 4123 1521 4199; x_wconf 88' lang='lat' dir='ltr'><strong>Itaque</strong></span> <span class='ocrx_word' id='word_1_330' title='bbox 1553 4141 1663 4197; x_wconf 90' lang='lat' dir='ltr'><strong>pro</strong></span> <span class='ocrx_word' id='word_1_331' title='bbox 1694 4112 1872 4196; x_wconf 76' lang='grc' dir='ltr'><strong><em>ὤμων</em></strong></span> <span class='ocrx_word' id='word_1_332' title='bbox 1902 4124 2017 4179; x_wconf 88' lang='lat' dir='ltr'><strong>aut</strong></span> <span class='ocrx_word' id='word_1_333' title='bbox 2058 4118 2341 4195; x_wconf 77' lang='grc' dir='ltr'><strong><em>μηρῶν,</em></strong></span> <span class='ocrx_word' id='word_1_334' title='bbox 2386 4123 2494 4179; x_wconf 89' lang='lat' dir='ltr'><strong>aut</strong></span> <span class='ocrx_word' id='word_1_335' title='bbox 2523 4116 2683 4199; x_wconf 77' lang='grc' dir='ltr'><strong><em>γού-</em></strong></span> 
     </span>
     <span class='ocr_line' id='line_1_41' title="bbox 365 4205 2682 4283; baseline 0.001 -21"><span class='ocrx_word' id='word_1_336' title='bbox 365 4225 506 4263; x_wconf 83' lang='grc' dir='ltr'><strong>νων</strong></span> <span class='ocrx_word' id='word_1_337' title='bbox 548 4206 995 4265; x_wconf 88' lang='lat' dir='ltr'><strong>rescribendum</strong></span> <span class='ocrx_word' id='word_1_338' title='bbox 1038 4210 1213 4282; x_wconf 90' lang='lat' dir='ltr'><strong>puto,</strong></span> <span class='ocrx_word' id='word_1_339' title='bbox 1274 4227 1525 4283; x_wconf 87' lang='lat' dir='ltr'><strong>quorum</strong></span> <span class='ocrx_word' id='word_1_340' title='bbox 1582 4209 1789 4265; x_wconf 91' lang='lat' dir='ltr'><strong>utrum</strong></span> <span class='ocrx_word' id='word_1_341' title='bbox 1833 4207 2127 4280; x_wconf 83' lang='lat' dir='ltr'><strong>praestet,</strong></span> <span class='ocrx_word' id='word_1_342' title='bbox 2187 4222 2311 4263; x_wconf 89' lang='lat' dir='ltr'><strong>non</strong></span> <span class='ocrx_word' id='word_1_343' title='bbox 2372 4205 2542 4265; x_wconf 87' lang='lat' dir='ltr'><strong>facile</strong></span> <span class='ocrx_word' id='word_1_344' title='bbox 2597 4206 2682 4264; x_wconf 88' lang='lat' dir='ltr'><strong>di·</strong></span> 
     </span>
     <span class='ocr_line' id='line_1_42' title="bbox 356 4287 2681 4366; baseline 0.001 -18"><span class='ocrx_word' id='word_1_345' title='bbox 356 4291 560 4349; x_wconf 82' lang='lat' dir='ltr'><strong>xerim.</strong></span> <span class='ocrx_word' id='word_1_346' title='bbox 660 4290 781 4349; x_wconf 85' lang='lat' dir='ltr'><strong>Suo</strong></span> <span class='ocrx_word' id='word_1_347' title='bbox 827 4309 991 4351; x_wconf 88' lang='lat' dir='ltr'><strong>more</strong></span> <span class='ocrx_word' id='word_1_348' title='bbox 1034 4292 1189 4351; x_wconf 90' lang='lat' dir='ltr'><strong>hunc</strong></span> <span class='ocrx_word' id='word_1_349' title='bbox 1232 4292 1426 4351; x_wconf 90' lang='lat' dir='ltr'><strong>locum</strong></span> <span class='ocrx_word' id='word_1_350' title='bbox 1468 4291 1743 4351; x_wconf 90' lang='lat' dir='ltr'><strong>imitatus</strong></span> <span class='ocrx_word' id='word_1_351' title='bbox 1785 4294 1879 4351; x_wconf 90' lang='lat' dir='ltr'><strong>est</strong></span> <span class='ocrx_word' id='word_1_352' title='bbox 1907 4289 2158 4348; x_wconf 86' lang='lat' dir='ltr'><strong>Nonnus</strong></span> <span class='ocrx_word' id='word_1_353' title='bbox 2188 4287 2293 4365; x_wconf 90' lang='lat' dir='ltr'><strong>IV,</strong></span> <span class='ocrx_word' id='word_1_354' title='bbox 2325 4290 2681 4366; x_wconf 81' lang='lat'><strong>426—440,</strong></span> 
     </span>
     <span class='ocr_line' id='line_1_43' title="bbox 355 4373 2682 4453; baseline 0 -19"><span class='ocrx_word' id='word_1_355' title='bbox 355 4392 427 4435; x_wconf 86' lang='lat' dir='ltr'><strong>ex</strong></span> <span class='ocrx_word' id='word_1_356' title='bbox 469 4393 587 4450; x_wconf 88' lang='lat' dir='ltr'><strong>quo</strong></span> <span class='ocrx_word' id='word_1_357' title='bbox 630 4378 829 4435; x_wconf 86' lang='lat' dir='ltr'><strong>tamen</strong></span> <span class='ocrx_word' id='word_1_358' title='bbox 881 4375 1030 4434; x_wconf 89' lang='lat' dir='ltr'><strong>nihil</strong></span> <span class='ocrx_word' id='word_1_359' title='bbox 1086 4377 1360 4453; x_wconf 89' lang='lat' dir='ltr'><strong>lucreris,</strong></span> <span class='ocrx_word' id='word_1_360' title='bbox 1418 4396 1554 4437; x_wconf 86' lang='lat' dir='ltr'><strong>cum</strong></span> <span class='ocrx_word' id='word_1_361' title='bbox 1601 4377 1704 4435; x_wconf 91' lang='lat' dir='ltr'><strong>ille</strong></span> <span class='ocrx_word' id='word_1_362' title='bbox 1761 4376 1992 4436; x_wconf 91' lang='lat' dir='ltr'><strong>nullum</strong></span> <span class='ocrx_word' id='word_1_363' title='bbox 2048 4375 2113 4434; x_wconf 88' lang='lat' dir='ltr'><strong>in</strong></span> <span class='ocrx_word' id='word_1_364' title='bbox 2167 4373 2421 4451; x_wconf 88' lang='lat' dir='ltr'><strong>singulis</strong></span> <span class='ocrx_word' id='word_1_365' title='bbox 2479 4375 2682 4452; x_wconf 91' lang='lat' dir='ltr'><strong>depin-</strong></span> 
     </span>
     <span class='ocr_line' id='line_1_44' title="bbox 359 4459 1723 4538; baseline 0.004 -19"><span class='ocrx_word' id='word_1_366' title='bbox 359 4460 569 4536; x_wconf 86' lang='lat' dir='ltr'><strong>gendis</strong></span> <span class='ocrx_word' id='word_1_367' title='bbox 614 4459 976 4538; x_wconf 84' lang='lat' dir='ltr'><strong>Gigantibus</strong></span> <span class='ocrx_word' id='word_1_368' title='bbox 1020 4461 1289 4522; x_wconf 90' lang='lat' dir='ltr'><strong>ordinem</strong></span> <span class='ocrx_word' id='word_1_369' title='bbox 1334 4462 1416 4523; x_wconf 88' lang='lat' dir='ltr'><strong>sit</strong></span> <span class='ocrx_word' id='word_1_370' title='bbox 1459 4465 1723 4524; x_wconf 86' lang='lat' dir='ltr'><strong>secutus.</strong></span> 
     </span>
     <span class='ocr_line' id='line_1_45' title="bbox 454 4561 2276 4617; baseline 0.002 -11"><span class='ocrx_word' id='word_1_371' title='bbox 454 4564 697 4617; x_wconf 63' lang='grc' dir='ltr'><strong>ΚδοΜγ,</strong></span> <span class='ocrx_word' id='word_1_372' title='bbox 728 4566 975 4609; x_wconf 70' lang='lat' dir='ltr'><strong>Bolax-inan.</strong></span> <span class='ocrx_word' id='word_1_373' title='bbox 1026 4567 1066 4607; x_wconf 89' lang='lat'><strong>1.</strong></span> <span class='ocrx_word' id='word_1_374' title='bbox 1719 4589 1726 4598; x_wconf 86' lang='lat'><strong>·</strong></span> <span class='ocrx_word' id='word_1_375' title='bbox 2209 4561 2276 4610; x_wconf 77' lang='lat'><strong>‘20</strong></span> 
     </span>
    </p>
   </div>
  </div>
 </body>
</html>
