3132 5129
1467 360 1550 431 ,ς
1637 380 1762 443 356
1854 416 1925 426 -

778 536 1072 623 ἆγχινεφῆ
1116 536 1183 599 δὲ
1225 533 1500 615 μέλαθρα
1544 530 1846 610 τινάκτορι
1888 526 2060 592 histo
2104 533 2343 613 παλμῷ,

525 664 825 723 affirmare
870 664 1082 723 ausim.

697 748 929 809 Clarius
975 748 1158 807 etiam
1203 743 1469 802 defectus
1515 741 1691 818 signa
1734 739 1907 799 alteri
1952 738 2079 797 loco
2109 736 2372 803 eiusdem
2404 735 2546 793 libri
2576 736 2859 810 impressa

529 838 691 894 sunt.
783 834 1037 909 Legitur
1078 850 1136 890 v.
1172 830 1291 889 647
1338 828 1410 887 de
1456 824 1809 885 Memnoniis
1856 824 2091 884 avibus:

781 938 918 1021 τοὺς
960 945 1087 1008 καὶ
1131 943 1246 1030 (sic
1262 942 1308 1027 1)
1358 953 1475 1005 νῦν
1518 938 1790 1001 καλέουσι
1833 942 2069 1019 βροτῶν
2110 934 2419 1016 ἀπερείσια
2463 937 2625 1014 φῦλα

789 1034 1147 1113 Μέμνονας·
1193 1030 1262 1090 οἴ
1300 1024 1352 1107 ῤ’
1401 1028 1483 1089 ἔτι
1528 1020 1757 1105 τύμβον
1802 1021 1893 1083 ἐπὶ
1940 1020 2226 1102 σφετέρου
2270 1023 2560 1102 βασιλῆος

789 1115 1104 1196 ἐσσύμενοι
1148 1113 1369 1196 γοόωσι
1411 1108 1584 1174 κόνιν
1628 1106 1988 1187 καθύπερθε
2031 1104 2261 1186 χέοντες

786 1223 1063 1284 σηματος.

535 1327 693 1399 Quid
725 1328 884 1387 enim
916 1326 1027 1386 hoc
1067 1326 1160 1383 est
1198 1317 1447 1379 monstri
1490 1317 1792 1375 mortuum
1835 1313 2113 1372 honorari
2159 1312 2547 1372 cineribus
2590 1311 2863 1386 sepulcro

535 1412 817 1473 iniectis?
891 1413 988 1470 An
1018 1426 1240 1467 morem
1284 1401 1620 1463 hominibus
1665 1399 1972 1457 insolitum
2019 1398 2226 1458 avibus
2271 1397 2662 1457 concedamus
2691 1397 2860 1455 mira-

461 1506 493 1554 8
540 1500 671 1559 culo
717 1493 1072 1574 prognatis?
1145 1491 1278 1549 Non
1323 1491 1497 1563 pum,
1543 1484 1646 1542 ubi
1690 1483 2136 1543 meminerimus
2178 1503 2330 1558 quae
2377 1483 2629 1544 Pausan.
2659 1482 2729 1557 X,
2763 1483 2862 1557 31,

541 1588 578 1644 6
611 1580 709 1663 (2)
743 1584 817 1642 de
849 1581 1049 1640 eadem
1077 1595 1141 1635 re
1171 1573 1440 1648 scripsit:
1488 1558 1635 1626 κατὰ
1667 1564 1729 1626 δὲ
1761 1564 1889 1638 ἔτος
1919 1567 1983 1626 οῖ
1996 1556 2445 1640 Ἑλλησπόντιοί
2466 1582 2653 1641 φασιν
2682 1555 2866 1634 αὐτοις

533 1665 596 1727 ἐν
643 1662 971 1745 εἰρημέναις
1013 1655 1254 1737 ἡμέραις
1300 1651 1450 1715 ἰέναι
1498 1673 1556 1712 τε
1602 1647 1699 1710 ἐπὶ
1744 1650 1850 1710 τοῦ
1907 1648 2229 1729 Μέμνονος
2294 1642 2400 1711 τὸν
2465 1647 2689 1727 τάφον,
2757 1646 2859 1707 καὶ

530 1749 760 1814 ὁπόσον
803 1750 908 1809 τοῦ
949 1741 1248 1825 μνήματος
1294 1736 1557 1815 δένδρων
1600 1733 1754 1795 ἐστὶν
1800 1726 1840 1810 ἦ
1882 1729 2034 1806 πόας
2063 1734 2251 1811 ψιλόν
2281 1737 2510 1814 (lucum
2543 1737 2862 1813 intellegit,

534 1859 709 1918 quem
752 1837 825 1896 ab
871 1827 1295 1907 Aesepiadibus
1351 1826 1506 1883 circa
1559 1823 1862 1882 tumulum
1919 1822 2214 1883 consitum
2269 1826 2562 1882 memorat
2606 1820 2864 1891 Quintus

532 1943 710 2001 supra
764 1910 1153 1987 588-591),
1212 1914 1384 1968 τοῦτο
1438 1901 1538 1964 καὶ
1595 1906 1897 1983 σαίρουσιν
1939 1905 2014 1963 αἱ
2045 1902 2293 1985 ὄρνιθες
2342 1903 2446 1963 καὶ
2489 1901 2696 1985 ὑγροῖς
2740 1909 2863 1976 τοῖς

532 2009 768 2086 πτεροῖς
798 2009 906 2061 τοῦ
929 1994 1206 2071 Αἰσηποῦ
1237 1993 1315 2074 τῷ
1345 1988 1519 2051 ὕδατι
1554 1988 1849 2063 ῥαίνουσι.
1907 1993 2040 2052 Nisi
2072 1992 2345 2069 pluribus
2375 1993 2644 2052 versibus
2675 2010 2744 2051 ea
2768 2011 2864 2050 res

531 2095 740 2155 notatu
786 2085 1133 2163 dignissima
1177 2079 1448 2154 exposita
1493 2077 1638 2151 fuit,
1687 2076 1842 2151 quod
1888 2077 2045 2135 haud
2092 2079 2212 2136 scio
2258 2097 2333 2136 an
2378 2076 2750 2153 probabilius
2780 2078 2864 2134 sit

531 2177 688 2254 apud
737 2173 1020 2244 Quintum
1066 2165 1296 2224 fabulas
1340 2163 1403 2220 in
1431 2160 1610 2219 Asiae
1653 2162 1904 2221 minoris
1949 2162 2205 2239 singulis
2249 2162 2395 2221 locis
2442 2162 2647 2221 obvias
2691 2179 2861 2220 accu-

531 2263 717 2323 ratius
761 2254 1127 2324 narrantem,
1174 2247 1375 2324 potuit
1403 2246 1633 2305 duobus
1664 2246 2052 2307 hemistichiis
2083 2247 2170 2305 ita
2201 2247 2325 2307 fere
2356 2266 2481 2305 eam
2515 2246 2860 2322 complectit

782 2362 1088 2444 ἐσσύμενοι
1131 2356 1348 2444 γοόωσι
1391 2356 1565 2422 κόνιν
1616 2360 1679 2443 [σ
1693 2362 1811 2440 αίρ
1827 2383 1859 2421 o
1874 2386 1950 2423 ντ
1964 2384 1990 2422 ε
2006 2387 2035 2436 ς
2053 2407 2072 2440 ,
2118 2358 2156 2424 ὖ
2174 2362 2266 2423 δω
2282 2386 2316 2443 ρ
2362 2359 2444 2422 δὲ

778 2452 1025 2549 Α’ἰσηπ
1041 2450 1120 2510 οῦ
1164 2469 1292 2507 πτε
1308 2444 1621 2528 ρύγεσσι
1666 2440 1789 2527 zo&
1805 2448 1861 2526 ς]
1910 2443 2267 2528 καθύπερθε
2312 2447 2540 2527 χέοντες

775 2556 1051 2615 σηματος.

695 2657 1108 2735 Progredienti
1139 2654 1212 2713 ad
1259 2656 1577 2715 tertium
1622 2655 1897 2715 librum
1932 2657 2190 2731 primum
2226 2655 2298 2715 de
2328 2676 2381 2715 v.
2408 2656 2657 2715 57-59
2688 2675 2867 2732 quae-

527 2752 660 2809 dam
690 2742 982 2804 monenda
1009 2744 1169 2801 sunt.
1244 2740 1332 2799 Eo
1363 2740 1494 2800 loco
1524 2740 1814 2800 librorum
1845 2741 2200 2816 scripturam
2228 2732 2382 2798 ἄλλά
2423 2737 2497 2797 οἷ
2534 2732 2664 2798 οὔτι
2694 2760 2867 2801 revo-

526 2833 769 2895 candam
838 2828 1195 2902 lacunaeque
1256 2826 1430 2902 signa
1495 2826 1771 2901 ponenda
1838 2844 1964 2884 esse
2029 2827 2148 2884 iam
2210 2827 2353 2885 olim
2415 2827 2480 2884 in
2535 2827 2862 2885 em‘endatt.

524 2941 582 2995 p.
615 2918 738 2975 270
765 2933 851 2989 sq.
900 2930 971 2969 ex
1015 2911 1341 2970 Hermanni
1399 2911 1697 2968 sententia
1754 2910 1944 2969 docui.
2040 2911 2154 2970 Sed
2216 2911 2278 2969 in
2322 2930 2392 2970 eo
2440 2912 2584 2970 tunc
2629 2929 2862 2971 summo

525 3005 650 3063 viro
696 2996 939 3072 obsequi
984 3014 1104 3055 non
1150 2993 1433 3054 debebam
1481 2995 1643 3071 quod
1686 3015 1753 3053 ea
1802 2996 1975 3071 signa
2018 2999 2156 3071 post
2199 3016 2254 3055 v.
2289 2996 2368 3055 58
2427 2995 2666 3073 figenda
2711 2996 2852 3054 dixi.

523 3086 732 3145 Potius
776 3083 914 3158 post
959 3101 1014 3140 v.
1051 3081 1128 3138 57
1180 3098 1380 3138 versus
1426 3080 1714 3138 excidisse
1759 3078 1994 3138 videtur
2037 3080 2212 3139 huius
2258 3081 2624 3140 sententiae:

775 3189 835 3257 ω’
877 3189 1096 3271 πόποι,
1146 3190 1228 3266 ὧς
1273 3191 1375 3274 δ’γε
1419 3188 1646 3274 μαίνετ’
1696 3186 1813 3254 dm}
1858 3193 2112 3276 φρένας·
2160 3190 2309 3256 ἆλλοὶ
2354 3196 2419 3255 οῖ
2455 3189 2583 3257 οὔτι

687 3321 698 3330 -
777 3275 1012 3364 [πάντ’
1050 3274 1182 3338 ὀίω
1212 3278 1598 3340 τελέεσθαι
1626 3273 1665 3339 ἃ
1705 3277 2051 3359 μήδεται,
2096 3275 2283 3343 ἄλλά
2312 3305 2441 3358 μιν
2471 3281 2662 3362 οὔτι]

774 3361 910 3426 οὐδ’
960 3361 1139 3436 αὐτὸς
1179 3365 1476 3444 Κρονίδης
1522 3361 1604 3425 ἔτ’
1651 3361 1915 3440 ἀνέξεται.
1960 3364 2099 3427 οὔτε
2145 3390 2233 3441 τις
2274 3365 2454 3440 ἄλλος

772 3447 933 3511 οὕτω
973 3450 1377 3529 μαργαίνοντα
1422 3447 1523 3510 καὶ
1569 3445 1901 3511 ἀντιόωντα
1944 3458 2194 3519 θεοῖσιν,

521 3589 806 3649 Consulto
851 3591 1050 3646 autem
1093 3588 1307 3664 reliqui
1360 3575 1505 3646 οὐδ’
1553 3582 1734 3658 αὐτὸς
1779 3587 2105 3667 Κρονίδης,
2162 3591 2322 3667 quod
2380 3591 2662 3650 Lehrsius
2721 3610 2855 3666 per-

518 3693 722 3751 peram
770 3673 830 3731 in
875 3666 952 3730 οὔ
966 3663 1020 3728 τ’
1069 3666 1246 3741 αὐτός
1290 3675 1564 3735 mutavit.
1653 3675 1831 3734 Patet
1873 3677 2031 3734 enim
2086 3677 2235 3734 hanc
2287 3695 2414 3736 esse
2459 3677 2853 3735 sententiam:

518 3758 685 3834 „sed
717 3776 876 3816 eum
907 3758 1049 3815 iam
1080 3776 1164 3816 ne
1197 3758 1359 3833 ipse
1389 3760 1690 3834 quidem
1735 3760 2114 3835 Iuppiter,
2159 3763 2283 3837 qui
2313 3761 2609 3836 quidem
2638 3765 2855 3820 antea

517 3860 647 3901 suo
693 3861 847 3900 eum
896 3843 1161 3901 favore
1207 3843 1528 3918 adiuvit,
1578 3863 1707 3904 nec
1751 3846 2137 3921 quisquam
2186 3846 2378 3905 alius
2423 3843 2852 3905 tolerabit.“

685 3925 835 3984 Tum
883 3948 940 3987 v.
982 3927 1103 3987 150
1124 3946 1255 4003 sqq.
1301 3927 1445 3988 haec
1488 3929 1772 4006 leguntur
1815 3930 1887 3988 de
1931 3930 2196 3989 Achille:

766 4076 850 4087 —-
941 4077 1015 4087 —
1113 4079 1184 4087 —
1275 4041 1405 4103 ἕλεν
1448 4040 1509 4104 δ’
1553 4041 1899 4121 Ὀρυθάονα
1946 4044 2078 4104 δῖον

749 4121 1033 4202 ’Έκτορος
1078 4119 1302 4187 ἐσθλὸν
1346 4127 1580 4208 ἑταῖρον
1625 4128 1742 4190 ἐπὶ
1788 4127 2110 4206 κροτάφοιο
2153 4128 2444 4210 τυχήσας·

768 4204 840 4270 οὗ
884 4210 1000 4291 γάρ
1046 4212 1109 4272 οἵ
1146 4208 1321 4292 κόρυς
1365 4213 1492 4291 ἔσχε
1537 4208 1768 4292 μακρὸν
1814 4213 1962 4293 δόρυ
2004 4213 2129 4275 καὶ
2174 4226 2577 4296 μεμαῶτος.

515 4349 649 4408 Duo
695 4353 836 4408 sunt
879 4371 1029 4426 quse
1075 4353 1134 4410 b.
1168 4353 1209 4411 l.
1259 4353 1578 4412 offendant.
1647 4354 1727 4414 Et
1771 4355 1842 4414 de
1886 4357 2175 4431 postremi
2209 4375 2407 4415 versus
2452 4357 2612 4415 exitu
2643 4357 2849 4416 monui

514 4438 631 4494 iam
665 4436 724 4493 in
759 4438 1083 4495 emendatt.
1130 4457 1187 4512 p.
1230 4438 1377 4512 188,
1424 4438 1525 4496 ubi
1574 4440 1862 4498 incertam
1892 4443 2173 4516 proposui
2206 4443 2624 4501 coniecturam.
2692 4442 2846 4501 Tum

523 4781 660 4862 ιχ
