3132 5129
1445 1236 1616 1322 VII.

781 1425 876 1494 De
914 1423 1152 1496 Iliadis
1190 1425 1604 1496 carminibus
1642 1425 2032 1497 dissertatio
2071 1421 2272 1520 vn1).

535 1595 708 1665 Quod
753 1596 909 1654 haud
945 1616 1079 1655 raro
1112 1597 1426 1655 observare
1462 1597 1630 1668 licet,
1690 1602 1784 1671 ut,
1833 1599 1931 1672 qui
1966 1598 2167 1656 oculos
2195 1598 2321 1656 sive
2351 1599 2546 1658 nudos
2576 1600 2701 1658 sive
2723 1607 2754 1651 3

360 1682 504 1739 vitri
552 1682 796 1740 convexi
821 1700 932 1756 ope
961 1685 1218 1740 armatos
1248 1684 1536 1757 perpetuo
1558 1683 1693 1741 nisu
1740 1683 1800 1740 in
1832 1703 1949 1740 una
1972 1683 2172 1758 aliqua
2201 1702 2264 1741 re
2297 1683 2505 1742 infixos
2536 1686 2697 1742 tene·

356 1769 486 1838 ant,
535 1767 596 1824 in
625 1766 734 1824 hac
781 1767 909 1841 ipsa
939 1765 1178 1842 quidem
1226 1787 1285 1825 re
1317 1770 1378 1824 et
1408 1786 1559 1841 quae
1591 1769 1798 1825 insunt
1826 1771 1887 1826 et
1917 1787 2065 1842 quae
2099 1787 2216 1826 non
2249 1768 2454 1826 insunt
2483 1770 2695 1827 acutis-

357 1853 508 1909 sime
532 1851 904 1926 pervideant,
930 1851 1031 1910 sed
1054 1851 1130 1908 ad
1156 1855 1382 1910 ceteras
1403 1870 1609 1910 omnes
1632 1870 1723 1909 res
1745 1856 1806 1910 et
1837 1854 2059 1911 vicinas
2078 1854 2140 1910 et
2163 1856 2421 1911 remotas
2453 1872 2698 1928 prorsus

360 1936 717 2008 caecutiant,
765 1936 921 1994 idem
964 1938 1139 1994 etiam
1187 1936 1463 1995 unitariis
1509 1956 1931 2012 saepenumero
1976 1938 2210 2009 accidit,
2257 1940 2356 2012 qui
2406 1939 2517 1995 viri
2563 1939 2698 1996 sub-

361 2021 502 2080 tiles
548 2023 609 2080 et
637 2020 855 2079 curiosi
886 2021 1026 2079 dum
1060 2024 1325 2095 optatam
1358 2021 1522 2079 illam
1554 2022 1842 2080 unitatem
1874 2023 2043 2097 quasi
2074 2041 2182 2096 pro
2216 2022 2446 2080 Iunone
2478 2021 2697 2081 nubem

356 2106 534 2163 unice
591 2108 893 2164 sectantur
949 2105 1329 2180 studioseque
1383 2107 1825 2182 amplexantur,
1866 2111 2078 2165 -totum
2123 2111 2428 2182 praeterea
2473 2109 2695 2166 caelum

361 2190 743 2249 Homericum
802 2191 888 2248 ita
944 2190 1257 2267 neglegere
1312 2192 1534 2264 solent,
1595 2196 1665 2249 ut
1714 2210 1823 2250 nec
1880 2192 2106 2250 lumina
2162 2192 2534 2250 admirentur
2592 2212 2700 2251 nec

362 2275 611 2333 nebulas
641 2279 1006 2333 aversentur.
1083 2275 1280 2334 Aliter
1310 2277 1465 2333 enim
1498 2276 1764 2350 profecto
1797 2277 2075 2351 explicari
2120 2275 2248 2335 non'
2286 2279 2504 2352 potest,
2555 2278 2698 2352 quid

366 2360 477 2432 sit,
525 2359 682 2435 quod
728 2359 843 2417 viri
890 2366 950 2417 et
993 2359 1222 2436 pulchri
1268 2380 1445 2418 sensu
1490 2361 1708 2418 imbuti
1754 2365 1812 2419 et
1856 2360 2058 2419 iudicii
2114 2361 2385 2420 acumine
2430 2361 2696 2437 insignes

364 2463 473 2502 nec
517 2445 632 2518 ipsi
679 2444 960 2502 viderunt
1009 2464 1118 2503 nec
1159 2444 1539 2503 Lachmanno
1594 2446 1857 2505 monenti
1915 2444 2291 2504 crediderunt
2344 2449 2407 2504 et
2448 2447 2697 2504 alteram

363 2528 505 2587 libri
550 2529 786 2605 septimi
833 2533 896 2588 et
939 2529 1200 2605 priorem
1246 2530 1379 2588 libri
1432 2530 1626 2589 octavi
1671 2534 1898 2606 partem
1942 2533 2034 2590 tot
2078 2530 2350 2589 laborare
2393 2531 2698 2607 tantisque

363 2614 821 2673 difficultatibus
868 2615 1028 2674 vitiis
1070 2616 1333 2690 ineptiiS,
1381 2616 1506 2674 sive
1553 2617 1797 2673 omnino
1842 2636 2037 2674 rerum
2071 2616 2506 2674 cumulatamm
2555 2636 2694 2675 con-

362 2699 554 2757 susam
605 2700 1105 2775 praecipitemque
1155 2701 1553 2759 narrationem
1597 2701 1723 2759 sive
1775 2701 2015 2778 singula
2064 2701 2247 2759 verba
2293 2702 2698 2777 orationisque

362 2784 628 2842 membra
673 2788 1007 2860 spectamus
1053 2785 1368 2843 maximam
1412 2788 1643 2860 partem
1690 2805 1846 2844 nunc
1893 2788 2124 2863 integra
2169 2790 2372 2862 aperto
2418 2787 2583 2846 furto
2627 2808 2695 2845 ex

363 2869 499 2927 aliis
553 2869 697 2928 locis
752 2869 1045 2928 translata
1098 2888 1256 2929 nunc
1300 2870 1594 2928 discordia
1637 2871 2031 2947 undecunque
2075 2890 2319 2946 operose
2365 2873 2699 2947 conquisita

363 2953 752 3029 imperiteque
808 2958 1083 3029 consuta,
1143 2974 1177 3012 a
1230 2955 1446 3030 quibus
1490 2975 1680 3030 pauca
1724 2955 1819 3014 hic
1864 2956 1987 3014 illic
2030 2956 2186 3013 mira
2229 2956 2498 3015 bonitate
2543 2957 2697 3032 frag-

363 3042 570 3096 menta
615 3039 1092 3115 distinguuntur,
1141 3044 1224 3114 ut,
1272 3040 1373 3115 qui
1419 3039 1514 3099 vel
1559 3059 1595 3097 a
1646 3040 2091 3099 Monomachiae
2135 3059 2330 3116 nuper
2374 3041 2697 3116 castigatae

361 3123 615 3181 lectione
660 3141 864 3183 recens
908 3124 982 3187 ad
1026 3124 1175 3183 hanc
1217 3143 1377 3200 „non
1422 3124 1576 3182 bene
1621 3124 1998 3183 iunctorum“
2045 3125 2472 3184 elementorum
2520 3125 2697 3183 farra-

358 3208 564 3283 ginem
622 3207 857 3267 intenta
912 3210 1130 3268 mentis
1187 3210 1311 3269 acie
1355 3209 1620 3283 accedat,
1679 3210 1741 3267 in
1788 3210 1999 3286 quovis
2043 3210 2168 3268 fere
2212 3229 2386 3269 versu
2433 3211 2699 3269 conside·

363 3292 549 3350 rando
595 3293 817 3351 sentiat
860 3311 1098 3352 necesse
1143 3295 1224 3353 sit
1265 3293 1442 3351 aliam
1487 3312 1734 3368 prorsus
1780 3314 2022 3370 eamque
2069 3295 2259 3353 multo
2300 3295 2699 3369 perturbatio-

362 3396 488 3434 rem
522 3396 649 3436 esse
678 3377 1089 3436 condicionem
1134 3379 1308 3437 huius
1339 3378 1523 3453 partis
1557 3378 1619 3434 H
1653 3380 1775 3438 313
1798 3412 1879 3421 —-
1906 3377 1958 3436 Θ
1987 3379 2128 3455 488,
2161 3399 2337 3454 quam
2370 3380 2464 3439 vel
2497 3381 2558 3437 in
2590 3380 2696 3437 illo

363 3462 685 3520 imitatoris
729 3462 1005 3538 rhapsodi
1063 3463 1189 3521 fetu
1250 3462 1763 3538 deprehendimus.
1852 3465 2091 3523 Etenim
2137 3483 2271 3522 cum
2316 3465 2409 3523 hic
2454 3465 2514 3522 in
2561 3464 2698 3522 exili

359 3547 624 3621 poeticae
669 3546 887 3605 indolis
931 3549 1220 3606 tenuitate
1277 3548 1495 3623 ubique
1543 3552 1744 3607 tamen
1789 3553 2093 3608 strenuum
2140 3568 2528 3625 agnoscamus
2574 3553 2696 3608 stu-

361 3630 526 3689 dium
594 3632 795 3690 omnia
859 3634 1244 3708 quantumvis
1309 3633 1548 3691 aliunde
1615 3634 1949 3709 conquisita
2014 3636 2075 3692 in
2129 3634 2461 3709 simplicem
2524 3635 2697 3692 unius

358 3718 520 3774 certe
564 3717 826 3792 corporis
871 3718 1249 3777 concordiam
1295 3718 1722 3794 coniungendi,
1782 3718 1905 3777 illic
1960 3721 2165 3777 contra
2207 3718 2356 3777 nihil
2404 3718 2697 3794 distingui

356 3804 576 3876 potest,
621 3802 738 3861 nisi
1256 3798 1260 3803 ’

615 3939 855 3996 „unus
899 3951 980 3962 —
1026 3924 1191 3981 toto
1233 3923 1553 3982 naturae
1599 3923 1857 3982 vultus
1903 3923 1975 3981 in
2022 3921 2222 3996 orbe,

614 4025 829 4081 quem
873 4006 1126 4066 dixere
1175 4004 1442 4065 Chaos:
1491 4007 1695 4067 rudis
1737 4007 2274 4084 indigestaque
2318 4004 2641 4065 moles!“

535 4122 704 4183 Nihil
747 4125 890 4184 novi
933 4128 1037 4183 aut
1065 4123 1321 4183 inauditi
1353 4127 1696 4201 pronuntio.
1768 4126 2096 4201 Postquam
2127 4125 2284 4183 enim
2316 4124 2435 4183 iam
2465 4124 2659 4184 Lach
2678 4161 2698 4170 -

359 4226 676 4268 mannus
729 4229 789 4285 p.
833 4211 912 4268 23
954 4229 1042 4285 sq.
1089 4207 1499 4269 Hermanni
1554 4210 1838 4269 iudicium
1895 4212 1960 4268 in
2014 4210 2261 4285 praefat.
2308 4209 2383 4269 ad
2439 4210 2698 4286 hymnos

496 4377 522 4424 1
631 4371 809 4426 Index
863 4372 1018 4426 lectt.
1067 4371 1124 4425 in
1180 4372 1292 4427 litt.
1351 4373 1499 4428 univ.
1557 4373 1744 4430 Turio.
1803 4373 1934 4427 inde
1991 4388 2026 4425 a
2076 4371 2167 4427 die
2224 4372 2398 4426 XVII.
2453 4391 2527 4425 m.
2574 4373 2697 4427 Oct.

361 4437 513 4493 MDC
561 4438 602 4493 C
654 4438 728 4493 lx
769 4457 943 4507 usque
980 4440 1052 4495 ad
1091 4441 1144 4500 d.
1183 4439 1379 4495 XXVI.
1419 4459 1492 4494 m.
1530 4441 1724 4495 Martii
1757 4440 2097 4496 MDCCCLX
2132 4440 2558 4508 habendarum]
