3132 5129
1254 388 1716 453 -319-

1256 472 1287 490 Q

323 545 471 603 riam
517 545 794 604 carminis
839 543 1214 619 piscatorii.“
1300 545 1387 604 At
1428 563 1570 605 vero
1614 548 1676 603 et
1719 547 1852 603 tota
1894 545 2118 604 locutio
2178 546 2326 603 mire
2382 547 2654 604 contorta

203 630 212 637 '
321 632 439 705 est,
497 633 559 688 et
600 629 854 688 maxime
916 629 1191 705 displicet
1243 630 1605 706 praepositio
1660 621 1838 705 μετά,
1894 650 2003 706 pro
2058 650 2174 706 qua
2228 632 2385 689 certe
2430 627 2513 699 εἰς
2558 648 2652 688 ex·

320 718 583 790 spectes,
640 733 760 789 quo
814 714 878 773 in
931 714 1281 790 explicando
1335 714 1688 774 scholiastae
1734 717 2007 774 utuntur.
2092 715 2184 774 Ne
2228 716 2447 773 multa:
2504 716 2652 789 puto

317 818 429 876 ego
477 798 816 875 Oppianum
861 799 1124 859 dedisse:
1170 792 1458 893 εὖθήροιο
1500 796 1910 876 μεγακλέος
1952 796 2233 876 αρχομαι
2289 796 2483 874 οἴμης.
2560 797 2650 858 cf.

319 883 550 961 Cyneg.
595 884 686 959 ΙΙ,
741 886 782 943 4
834 881 1125 986 μεγακλέα
1182 876 1370 960 δήνεα
1423 879 1641 963 θήρης.
1700 886 1792 944 Ib.
1824 905 1884 945 v.
1920 886 2039 943 158
2096 882 2489 962 παλίντροπος
2533 875 2650 959 εἶμι

320 967 547 1042 κλυτή
572 991 611 1028 ν
650 965 912 1044 θήρειον
953 962 1188 1043 ἆοιδήν.

626 1151 860 1233 Γαστὴρ
907 1153 945 1213 δ
962 1152 987 1214 ὲ
1032 1145 1286 1235 θήρεσσι
1328 1152 1430 1216 καὶ
1477 1153 1878 1235 ἕρπυστῆρσιν
1919 1146 2181 1217 ἀνάσσει.

319 1276 491 1335 Ferri
543 1276 753 1352 nequit
808 1276 952 1336 haec
1003 1276 1336 1351 productio.
1430 1277 1601 1348 Quod
1657 1281 1856 1336 autem
1909 1277 1972 1335 in
2031 1276 2226 1351 lunt„
2272 1273 2460 1336 Paris.
2512 1277 2543 1332 1
2592 1279 2655 1334 et
2776 1264 2781 1269 ⁰

320 1362 510 1436 Mosq.
573 1361 797 1438 legitur
849 1358 1074 1440 γαστὴρ
1127 1360 1256 1419 καί
1316 1361 1377 1420 id
1440 1365 1602 1421 recte
1666 1363 1730 1421 in
1795 1363 1981 1421 altera
2038 1360 2299 1420 editione
2353 1360 2654 1419 intellexit

317 1445 704 1506 Schneiderus
765 1466 887 1506 non
950 1465 1077 1507 esse
1148 1450 1367 1505 temere
1432 1446 1884 1509 admittendum.
2001 1444 2309 1521 Oppianus
2382 1444 2651 1504 dederat.

318 1523 543 1610 γαστὴρ
585 1522 644 1590 δ’
691 1527 768 1590 ἔν
809 1525 1063 1607 θήρεσσι
1112 1565 1187 1575 -
1235 1520 1504 1597 ἆνασσεις
1549 1533 1625 1595 cf.
1665 1552 1724 1592 v.
1760 1534 1879 1591 198
1923 1524 1965 1607 ἣ
2009 1526 2235 1609 κρατέει
2276 1523 2389 1605 μὲν
2434 1524 2509 1587 ἐν
2551 1522 2652 1588 ἆν-

317 1611 689 1696 θρωποισιν,
736 1620 797 1676 et
837 1637 896 1677 v.
931 1613 1084 1676 203
1099 1603 1164 1673 τὸ
1208 1610 1276 1675 δὲ
1318 1611 1498 1676 πλέον
1545 1612 1624 1675 έν
1667 1608 2000 1677 νεπόδεσσι.

535 1804 672 1861 Τῶν
714 1746 777 1860 δ’
826 1798 932 1861 ἕνα
973 1808 1204 1877 μοῦνον
1247 1791 1537 1862 ἔλειπεν
1582 1791 1933 1879 ἇπόκριτον,
1979 1797 2057 1861 ὅν
2098 1792 2157 1860 κ’
2207 1798 2446 1883 ἐθέλῃσι

528 1881 861 1966 δύσμορον,
906 1880 1231 1946 ὗστατίοισι
1276 1884 1643 1968 κεχαρμένον
1686 1884 1753 1947 έν
1798 1885 2149 1947 δείπνοισιν.

319 2023 619 2084 Vitiosum
666 2026 761 2084 est
802 2044 977 2084 versu
1019 2025 1216 2101 primo
1261 2020 1569 2085 ἔλειπεν.
1643 2025 1782 2085 Non
1826 2027 1983 2085 enim
2027 2044 2204 2100 quam
2249 2008 2531 2100 capturus
2563 2026 2656 2082 est

321 2109 618 2185 anthiam,
672 2109 1047 2185 relinquit
1088 2108 1380 2186 piscator,
1440 2111 1544 2170 sed
1589 2111 1902 2187 retinet,
1961 2111 2172 2170 ceteris
2216 2109 2495 2169 dimissis.
2581 2107 2653 2166 In

318 2194 502 2254 Palat.
555 2197 584 2252 1
635 2197 698 2254 et
743 2193 1025 2271 Sylburg.
1071 2195 1325 2272 legitur:
1372 2191 1642 2272 ἔλιπεν,
1686 2195 1845 2271 quod
1889 2199 2048 2255 certe
2092 2194 2270 2270 paulo
2299 2194 2546 2270 propius
2577 2192 2652 2251 ad

239 2285 245 2290 ’
316 2298 514 2339 veram
545 2281 898 2355 scripturam
943 2280 1195 2354 accedit3
1243 2278 1550 2356 Oppianus
1597 2281 1754 2339 enim
1804 2276 2069 2359 ἔρυκεν
2113 2279 2369 2353 scripsit.
2442 2278 2651 2336 Altero

325 2383 497 2424 versu
558 2365 954 2439 suspicionem
1012 2368 1213 2424 movet
1267 2365 1532 2425 clausula
1588 2364 1907 2441 spondaica
1963 2362 2110 2441 (vid.
2155 2364 2469 2423 Lehrsium
2512 2363 2551 2424 l.
2600 2381 2650 2421 c.

318 2468 378 2524 p.
411 2447 600 2526 312),
661 2451 998 2526 augentque
1056 2448 1451 2526 suspicionem
1507 2449 1680 2510 codd.
1767 2449 1922 2508 Nam
1973 2451 2037 2508 in
2082 2448 2273 2507 Palat.
2326 2452 2354 2507 1
2415 2451 2652 2506 tantum

317 2534 539 2611 legitur
602 2528 967 2610 κεχαρμένον
1038 2530 1407 2612 δείπνοις,
1476 2537 1539 2596 in
1608 2535 1798 2596 Paris.
1850 2537 1879 2593 1
1940 2529 2302 2612 κεκαρμένον
2370 2523 2650 2591 ὕστατα

318 2617 616 2696 δείπνοις,
661 2621 820 2679 unde
863 2620 1234 2682 Brunckius:
1281 2617 1496 2698 ἔξοχα
1541 2618 1804 2691 δείπνοις
1849 2620 2247 2696 coniectabat,
2293 2621 2419 2696 ipse
2449 2623 2649 2677 tamen

318 2705 456 2765 huic
498 2705 869 2765 coniecturae
915 2706 1209 2766 diffidens.
1298 2707 1444 2765 Mihi
1499 2706 1741 2782 quidem
1804 2706 1952 2764 illud
2007 2701 2230 2762 ῧστατα
2285 2705 2358 2763 ad
2412 2723 2649 2764 versum

319 2789 674 2866 explendum
729 2789 1003 2864 imperite
1062 2792 1358 2850 adiectum
1378 2836 1393 2867 ,
1460 2788 1725 2861 δείπνοις
1789 2793 1988 2849 autem
2056 2792 2650 2865 interpretamentum

317 2875 557 2935 videtur
585 2893 714 2934 esse
743 2894 917 2934 verae
961 2877 1321 2953 scripturae,
1367 2895 1546 2953 quam
1593 2876 1679 2936 ita
1722 2875 1962 2935 restitui
2009 2875 2295 2934 arbitror:
2340 2868 2651 2955 ὑστατίῃσι

320 2957 683 3038 κεκαρμένον
726 2955 1229 3042 είλαπίνῃσιν.

630 3147 752 3204 Τοῦ
793 3141 906 3247 μὲν
947 3167 1060 3243 γαρ
1104 3145 1393 3224 σθεναροί
1432 3167 1491 3207 τε
1535 3145 1846 3246 βραχίονες
1889 3135 1998 3224 ἠδὲ
2025 3144 2263 3225 μέτωπα

630 3220 785 3306 ωμοί
823 3221 876 3288 τ’
924 3224 1196 3310 αὖχένιοί
1235 3253 1294 3292 τε
1337 3225 1785 3335 παρασφύριοί
1791 3252 1853 3290 τε
1896 3228 2162 3306 τένοντες

617 3308 773 3397 ἀλκῇ
815 3317 1176 3393 κυμαίνουσι
1220 3313 1320 3375 καὶ
1366 3309 1589 3398 ἠνορέῃ
1633 3310 1974 3378 τανύονται.

269 3493 278 3502 -
325 3452 493 3524 Quod
547 3472 581 3510 a
631 3453 790 3530 vire,
861 3454 1257 3515 reluctantem
1321 3456 1542 3531 piscem
1600 3475 1669 3515 ex
1722 3455 1898 3515 undis
1953 3473 2062 3530 per
2114 3455 2235 3515 vim
2289 3455 2647 3529 extrahente,
2744 3455 2761 3462 ‘

326 3537 616 3612 bracchia,
662 3538 910 3613 humeri,
958 3539 1218 3600 cervices
1261 3542 1324 3599 et
1368 3559 1538 3600 crura
1583 3540 1814 3599 intendi
1848 3540 2146 3616 dicuntur,
2193 3539 2254 3598 id
2285 3540 2373 3598 rei
2401 3542 2650 3598 naturae

322 3624 787 3682 consentaneum
817 3626 928 3683 est.
1003 3623 1116 3683 Sed
1148 3644 1250 3685 cur
1292 3629 1353 3684 et
1398 3625 1696 3703 quomodo
1737 3622 1978 3701 μέτωπα
2021 3623 2349 3701 turgeant?
2423 3624 2485 3683 Si
2514 3625 2649 3699 quis

322 3708 395 3767 de
453 3708 649 3767 fronte
703 3709 1060 3786 cogitaverit
1118 3729 1153 3769 a
1204 3711 1335 3769 viro
1378 3712 1758 3771 vehementer
1809 3711 2118 3771 laborante
2174 3711 2238 3769 in
2290 3728 2469 3786 rugas
2514 3727 2649 3768 con-

318 3795 536 3870 tracta,
592 3793 701 3853 hoc
748 3795 990 3869 quidem
1035 3813 1157 3854 non
1214 3796 1413 3871 potuit
1443 3797 1553 3872 ‚ita
1599 3816 1634 3854 a
1677 3800 1854 3872 poeta
1898 3795 2164 3854 indicari.
2256 3793 2649 3853 scribendum

319 3882 497 3954 puto:
542 3872 670 3954 ἠδέ
712 3897 773 3936 τε
819 3885 1002 3939 νῶτα.
1087 3880 1345 3940 Dorsum
1388 3882 1577 3957 enim,
1627 3881 1675 3942 si
1721 3882 1854 3956 quis
1899 3880 2061 3940 omni
2093 3880 2152 3940 vi
2194 3879 2421 3954 aliquid
2468 3881 2648 3936 attra-

318 3963 458 4024 here
486 3963 734 4109 ῧήιιὲἕὲ,
781 3966 1066 4025 musculis
1111 3965 1363 4027 intensis
1408 3969 1636 4044 turget.

743 4067 833 4124 Sq-

623 4144 894 4209 Πολλᾶκι
937 4145 999 4209 δ’
1058 4145 1404 4256 ὀξύπρωρον
1445 4146 1601 4232 ὑπὲρ
1644 4145 1823 4229 ῥάχιν
1865 4149 2070 4229 ἔτμαγε
2114 4146 2319 4225 δαψας

620 4224 865 4313 ορμιήν,
905 4227 1024 4296 ἀπὸ
1067 4231 1126 4295 δ’
1174 4218 1273 4319 ᾖξε
1316 4233 1508 4297 λιπὼν
1550 4235 1739 4298 κενὸν
1778 4230 2125 4316 αγρευτῆρα.

320 4368 626 4450 Δᾰψας,
679 4391 1036 4450 quamquam
1092 4374 1437 4451 agnoscitur
1491 4377 1552 4433 et
1605 4374 1933 4450 explicatur
1976 4374 2153 4433 etiam
2215 4391 2251 4431 a
2295 4370 2647 4448 scholiastis,

315 4460 484 4519 nullo
529 4462 731 4518 tamen
773 4458 949 4518 modo
991 4458 1068 4518 ab
1100 4458 1370 4536 Oppiano
1415 4460 1751 4536 profectum
1794 4478 1926 4520 esse
1954 4462 2173 4536 potest.
2248 4457 2403 4517 Nam
2434 4476 2642 4536 neque,
