3132 5129
1392 382 1857 445 -206-

447 559 517 598 ea
559 558 634 599 ne
679 539 1100 599 tenuissimum
1144 538 1385 613 quidem
1429 538 1697 613 produnt
1742 539 2054 613 indicium,
2114 540 2335 598 Aretae
2379 558 2500 598 non
2547 540 2782 599 Alcinoi

445 626 667 700 primas
711 624 774 682 in
817 624 1079 699 regenda
1122 627 1185 682 et
1229 623 1453 682 familia
1497 626 1560 682 et
1603 642 1668 681 re
1711 624 1950 698 publica
1994 627 2195 698 partes
2242 624 2445 686 fuisse.
2521 624 2675 682 Nam
2723 629 2785 683 et

447 709 753 769 Echeneus
802 709 1119 767 Alcinoum
1160 727 1281 767 non
1326 709 1573 766 Aretam
1617 707 1797 767 officii
1854 708 2310 768 commonefacit
2350 709 2576 784 hospIti
2619 728 2789 784 prae·

449 794 676 869 standi,
735 796 797 851 et
850 793 963 851 hac
1020 793 1233 852 silente
1278 792 1380 851 ille
1424 812 1495 851 ea
1538 792 1945 852 admonitione
1990 797 2187 852 tactus
2234 793 2473 852 Ulixem
2517 793 2790 853 adsidere

448 880 620 953 eique
678 878 877 937 cibum
930 881 1258 953 potumque
1315 877 1648 936 ministrari
1695 877 1880 937 iubet.
1970 878 2093 936 Nec
2138 878 2380 937 omnino
2426 881 2529 936 aut
2572 879 2634 937 in
2677 878 2791 937 hoc

448 964 705 1021 carmine
761 965 865 1021 aut
919 963 982 1021 in
1043 962 1140 1037 iis,
1197 981 1348 1037 quae
1407 963 1460 1020 ei
1515 980 1675 1021 nunc
1727 961 1954 1021 adnexa
2009 963 2295 1039 leguntur
2338 983 2394 1021 v.
2435 964 2789 1037 leb—232,

447 1048 543 1107 vel
598 1048 963 1109 levissimum
1019 1046 1220 1124 detegi
1275 1050 1478 1122 potest
1532 1046 1693 1105 illius
1747 1047 2233 1122 gynaecocratiae
2289 1048 2556 1123 signum,
2626 1048 2791 1122 quod

447 1137 571 1191 tam
632 1135 902 1191 accurate
969 1134 1149 1208 atque
1216 1132 1549 1190 luculenter
1612 1151 1647 1189 a
1708 1136 2029 1207 personata
2095 1133 2363 1191 Minerva
2431 1153 2489 1195 v.
2536 1134 2700 1192 66—-
2709 1133 2789 1190 74

450 1217 826 1361 ἀοεοιλιιιέἓιὸι.
883 1216 1066 1360 :gie
1051 1237 1113 1276 ιιι
1143 1216 1534 1292 sequentibus
1566 1216 1693 1275 eius
1724 1217 1811 1275 rei
1857 1217 2048 1317 ullum
2091 1217 2395 1277 invenitur
2440 1219 2783 1294 vestigium,

446 1321 562 1362 nisi
803 1335 876 1345 «-

706 1439 894 1497 τοῖσιν
939 1430 995 1491 δ’
1036 1428 1254 1512 ’Λρήτη
1297 1430 1650 1504 λευκώλενος
1693 1426 1903 1512 ἤρχετο
1947 1428 2192 1512 μύθων·
2364 1424 2381 1428 μ
2688 1446 2790 1493 335

736 1516 1535 1664 ιέ’Φῖζη”ἓςέἔόωὶἴἝέ”
1577 1542 1737 1663 α’ἑῖἶὲ
1776 1516 2223 1673 ‘'goffia“
2254 1513 2409 1580 εἶπ’

704 1627 891 1763 Ξεῖιῗιξς
936 1679 991 1749 δ’
977 1627 1181 1749 ’μενεῖτ’
1230 1628 1366 1766 Ξμός
1411 1626 1628 1748 gony?
1644 1628 1886 1761 &naserog
1929 1685 1990 1748 δ’
2041 1627 2253 1769 ἔμμιξρε
2296 1699 2498 1768 τιμῆς’

703 1782 782 1857 τῷ
822 1771 904 1853 μὴ
955 1768 1317 1853 ἐπειγόμενοι
1359 1765 1752 1852 ἀποπέμπετε,
1796 1771 1946 1874 μηδὲ
1990 1772 2059 1833 τὰ
2105 1774 2267 1853 δῶρα

700 1835 859 1920 οιῖτω
903 1858 1197 1936 χρηίζοντι
1242 1857 1546 1919 κολούετε·
1591 1856 1777 1919 πολλὰ
1823 1852 1936 1939 γὰρ
1981 1881 2174 1938 υμμιν
2692 1870 2795 1918 340

698 1938 949 2022 κτήματ’
997 1941 1085 2004 ἐνὶ
1127 1938 1432 2023 μεγάροισι
1478 1946 1646 2004 θεῶν
1688 1942 1878 2022 ἰότητι
1922 1942 2181 2006 κέονται.
2187 1944 2228 1980 “

448 2082 552 2140 ubi
607 2100 715 2142 nos
769 2101 880 2141 nec
934 2083 1112 2141 huius
1165 2066 1274 2141 nec
1329 2083 1482 2141 alius
1539 2085 1748 2157 poetae
1806 2085 1997 2141 artem
2041 2081 2145 2141 sed
2188 2082 2409 2142 miselli
2453 2083 2787 2142 centenarii

350 2176 412 2225 15
451 2166 752 2243 opificium
794 2168 1008 2226 habere
1055 2167 1172 2226 duo
1217 2168 1548 2226 certissima
1592 2167 1722 2242 illa,
1782 2167 1999 2243 quibus
2048 2168 2163 2225 iam
2210 2186 2383 2242 saepe
2426 2167 2520 2226 usi
2564 2186 2789 2241 sumus,

447 2259 803 2328 argumenta
848 2253 1157 2311 evincunt:
1203 2270 1408 2312 versus
1438 2251 1894 2327 locutionesque
1926 2251 2163 2310 aliunde
2196 2251 2578 2327 depromptae
2608 2258 2791 2327 atque

450 2338 780 2396 sententiae
825 2337 919 2396 vel
961 2337 1200 2412 ineptae
1245 2338 1343 2396 vel
1386 2337 1720 2412 ambiguae.
1796 2336 1891 2394 Ita
1934 2336 2029 2395 hic
2061 2356 2115 2395 v.
2148 2337 2270 2396 335
2317 2356 2390 2394 ex
2434 2357 2473 2411 η
2506 2338 2626 2395 233
2672 2337 2791 2397 rite

447 2421 686 2498 quidem
730 2422 1036 2497 repetitus,
1086 2421 1338 2480 formula
1379 2440 1537 2495 vero,
1586 2440 1736 2496 quae
1780 2440 1836 2480 v.
1870 2422 1990 2479 337
2039 2421 2396 2496 continetur,
2441 2440 2562 2481 non
2607 2422 2789 2480 nimis

450 2507 705 2567 feliciter
747 2511 883 2582 post
926 2506 1479 2583 eloquentissimam
1524 2506 1780 2566 fatorum
1825 2506 2175 2566 Ulixeorum
2231 2506 2633 2566 narrationem
2682 2506 2788 2564 ali-

447 2592 605 2650 unde
650 2592 949 2667 descripta
992 2595 1111 2666 est,
1171 2611 1349 2674 quare
1395 2611 1530 2650 eum
1578 2609 1815 2650 versum
1858 2592 2041 2650 etiam
2086 2592 2291 2651 abesse
2334 2610 2510 2667 posse
2554 2592 2793 2651 monuit

447 2677 784 2736 Nitzschius
827 2695 951 2735 non
995 2678 1262 2752 cogitans
1308 2676 1410 2734 ille
1453 2678 1585 2734 tum
1627 2695 1768 2735 sane
1814 2675 1965 2735 illud
2019 2682 2175 2745 πῶς
2233 2697 2427 2752 υμμιν
2480 2669 2637 2752 ἀνὴρ
2680 2670 2788 2733 οδε

447 2759 804 2835 φαίνεται
861 2750 1057 2817 εἶναι
1116 2779 1252 2819 οιιιιι
1305 2761 1568 2820 clausula
1625 2779 1733 2819 sua
1789 2780 1859 2819 ex
1915 2779 1946 2816 ο
1990 2762 2069 2819 25
2127 2759 2387 2836 ὃμωαων
2446 2755 2494 2834 ἥ
2553 2762 2640 2830 τίς
2695 2781 2787 2819 τοι

447 2840 656 2918 ἀρίστη
701 2843 977 2918 φαίνεται
1021 2835 1172 2902 εἶναι
1216 2845 1531 2946 desumpta
1574 2845 1751 2904 nimis
1796 2845 1952 2903 nude
1981 2846 2361 2923 interrogari.
2439 2846 2610 2944 Quuod
2642 2865 2787 2906 vero

447 2934 579 2988 tum
623 2929 792 2988 addit
833 2931 1020 2989 Areta
1063 2930 1250 3002 ξεῖνος
1294 2923 1353 2985 δ’
1410 2920 1549 2987 αὖτ’
1612 2921 1781 3005 ἐμός
1826 2925 2013 3000 ἐστιν,
2072 2930 2197 2988 eius
2241 2931 2326 2989 rei
2372 2931 2434 2990 in
2478 2932 2579 3006 iis,
2636 2950 2791 3006 quae

448 3017 621 3074 antea
674 3013 958 3091 legimus,
1016 3015 1249 3074 nullum
1306 3014 1771 3089 deprehenditur
1825 3019 1930 3073 aut
1984 3015 2443 3073 fundamentum
2487 3022 2594 3075 aut
2635 3016 2788 3075 indi-

448 3100 639 3158 cium:
697 3118 886 3174 neque
941 3100 1099 3159 enim
1153 3100 1258 3158 illa
1311 3099 1548 3159 Ulixem
1605 3104 1709 3158 aut
1763 3100 1995 3174 excepit
2049 3099 2183 3174 ipsa
2226 3104 2330 3158 aut
2373 3100 2791 3176 excipiendum

449 3184 887 3242 commendavit
926 3190 1032 3244 aut-
1075 3184 1246 3244 donis
1292 3185 1529 3243 ornavit
1572 3185 1734 3243 ultro
1779 3188 1883 3243 aut
1925 3184 2097 3244 donis
2145 3185 2341 3243 ornari
2386 3186 2586 3244 iussit.
2660 3184 2789 3244 Nec

446 3287 586 3328 vero
632 3268 749 3328 ista
792 3269 1032 3345 reginae
1074 3268 1439 3345 praedicatio
1484 3270 1677 3328 lucem
1722 3270 1936 3344 accipit
1964 3273 2247 3344 sequente
2292 3264 2535 3338 ἕκαστος
2579 3262 2639 3327 δ’
2688 3265 2792 3344 aa·
2833 3326 2845 3335 ,

445 3370 588 3429 μορε
633 3358 826 3428 τιμῆς,
871 3355 933 3412 ιιι
979 3372 1097 3429 quo
1143 3353 1486 3429 explicando
1521 3372 1652 3412 cum
1688 3354 1909 3412 frustra
1939 3353 2377 3413 desudaverunt
2407 3354 2786 3430 interpreteS‚

449 3438 610 3497 iusto
666 3438 968 3497 meliorem
1015 3440 1088 3497 de
1133 3438 1560 3514 interpolatore
1606 3438 1943 3497 habuerunt
1985 3438 2359 3514 opinionem,
2417 3440 2522 3515 qui
2566 3458 2638 3497 ex
2682 3439 2789 3498 illo

452 3523 762 3582 notissimo
810 3523 881 3580 de
924 3523 1160 3599 imperii
1204 3524 1363 3583 inter
1407 3527 1527 3582 tres
1575 3523 1891 3582 Saturnios
1937 3524 2150 3582 fratres
2192 3525 2518 3598 partitione
2566 3522 2618 3581 Ο
2665 3525 2786 3582 189

617 3629 833 3718 τριχθὰ
876 3635 944 3698 δὲ
987 3635 1180 3698 πάντα
1227 3637 1521 3716 δέδασται,
1571 3637 1883 3711 ἕκαστος
1930 3632 1989 3697 δ’
2037 3637 2295 3718 ἔμμορε
2338 3649 2562 3717 τιμῆς

448 3777 644 3819 crassa
687 3760 956 3819 Minerva
999 3779 1205 3820 versus
1249 3762 1730 3838 supplementum
1774 3760 1890 3820 sibi
1936 3760 2257 3819 suffuratus
2301 3763 2413 3822 est.
2502 3761 2787 3821 Eiusdem

448 3844 678 3938 farinae
720 3847 814 3904 est
856 3845 957 3920 qui
1000 3845 1335 3904 adnectitur
1379 3865 1587 3906 versus
1633 3850 1693 3904 et
1737 3844 2016 3904 dimidius
2063 3844 2233 3919 alter,
2280 3846 2341 3903 in
2386 3846 2604 3920 quibus
2632 3845 2789 3905 illud

447 3935 530 3986 τῶ
591 3949 671 4002 μη
737 3924 1102 4007 ἐπειγόμενοι
1168 3921 1571 4006 ἀποπέμπετε,
1638 3930 1805 3990 cuius
1868 3927 2163 3989 inferendi
2229 3928 2394 3987 nulla
2459 3931 2664 3992 subest
2724 3931 2788 3988 in

447 3987 780 4073 P⁴haeacum
825 4015 998 4074 dictis
1045 4015 1292 4076 factisve
1337 4035 1515 4074 causa
1562 4018 1669 4074 aut
1711 4015 1895 4090 ratio,
1942 4015 2105 4073 omni
2149 4017 2375 4072 careret
2417 4033 2622 4090 sensu,
2670 4015 2790 4074 nisi

447 4100 922 4160 meminissemus
980 4100 1042 4158 in
1099 4099 1418 4160 hodiernae
1458 4099 1762 4175 Odysseae
1820 4117 2122 4175 compage.
2146 4101 2288 4173 post
2328 4098 2486 4159 hunc
2528 4101 2789 4160 alterum

449 4185 927 4244 commorationis
986 4185 1144 4243 diem
1190 4206 1224 4240 ν
1267 4187 1514 4245 17-18
1561 4184 1810 4242 tertium
1867 4185 2047 4242 etiam
2103 4202 2469 4259 quamquam
2514 4185 2786 4244 insulsis-

449 4269 595 4328 sime
640 4268 878 4343 inferri,
942 4268 1014 4327 de
1059 4289 1177 4344 qua
1219 4290 1282 4329 re
1328 4271 1389 4330 ιιι
1435 4273 1736 4345 superiore
1780 4269 2195 4328 dissertatione
2240 4268 2514 4343 pluribus
2559 4270 2789 4330 dictum

447 4355 557 4411 est.
650 4352 783 4412 Huc
838 4354 1026 4429 igitur
1071 4355 1123 4412 si
1166 4356 1482 4430 respicitur
1524 4354 1774 4413 obscuro
1819 4354 1923 4412 illo
1969 4358 2053 4433 τῷ
2095 4342 2178 4428 μὴ
2222 4347 2590 4428 ἐπειγόμενοι
2634 4347 2786 4413 ἄπο-

445 4432 723 4512 πέμπετε,
769 4436 840 4495 de
889 4457 1004 4512 qua
1047 4457 1111 4497 re
1154 4443 1398 4514 propter
1439 4438 1676 4498 Alcinoi
1724 4438 2139 4498 invitationem
2187 4458 2243 4498 v.
2278 4440 2402 4497 350
2434 4459 2569 4515 sqq.
