3132 5129
329 1463 394 1510 32

1371 402 1445 410 —
1536 364 1829 427 280—-

684 518 748 579 ἕν
796 542 852 580 τε
897 517 1038 622 δίκῃ
1080 520 1393 598 βασιλεῦσι
1435 514 1578 598 παρ’
1637 518 1912 579 αἰδοίοισι
1954 520 2189 594 καθίζει
2666 530 2767 578 434

681 603 747 665 ἔν
791 599 848 663 τ’
894 600 1086 709 ἀγορῇ
1128 609 1325 665 λαοῖσι
1365 600 1751 682 μεταπρέπει,
1796 601 1871 664 ὃν
1912 601 1978 663 κ’
2030 602 2329 688 ἐθέλῃσιν.
2666 614 2767 664 430

511 692 646 751 VII.
763 681 802 769 ἢ
848 685 935 766 δ’,
980 684 1147 750 ὁπότ’
1203 688 1264 763 ἐς
1308 688 1568 767 πόλεμον
1611 688 1958 768 φθισήνορα
1999 689 2438 769 θωρησσωνται

681 770 920 853 ἀνέρες,
969 772 1123 836 ἔνθα
1166 773 1283 836 θεὰ
1329 774 1787 877 παραγίγνεται,
1835 766 1889 859 ᾦ
1934 770 1995 833 κ’
2045 772 2319 857 ἐθέλῃσι,

685 859 862 936 νίκην
904 857 1291 967 προφρονέως
1348 852 1573 919 ὀπάσαι
1615 857 1717 918 καὶ
1761 861 1947 932 κῦδος
1993 855 2207 941 ορέξαι.

484 945 651 1005 VIII.
769 941 953 1022 ἐσθλὴ
1000 939 1060 1005 δ’
1108 936 1291 1020 αυθ’,
1336 939 1507 1004 ὁπότ’
1555 940 1780 1020 ανδρες
1824 942 2302 1007 ἀεθλεύωσιν
2344 938 2600 1023 ἆγῶνι
2668 955 2767 1003 435

683 1028 935 1107 νικήσας
982 1027 1051 1090 δὲ
1093 1030 1198 1112 βίῃ
1241 1028 1343 1090 καὶ
1384 1024 1589 1109 κάρτεϊ
1622 1028 1808 1091 καλὸν
1849 1029 2074 1091 ἄεθλον
2671 1040 2766 1087 437

683 1114 814 1194 ῥεῖα
859 1112 1024 1192 φέρει
1050 1114 1323 1218 χαίρων,
1368 1112 1711 1174 τοκέεσσι
1754 1113 1829 1175 δὲ
1873 1115 2056 1188 κῦδος
2100 1110 2330 1188 ὀπάζει.

553 1201 654 1259 ΙΧ.
775 1196 958 1278 ἐσθλὴ
1007 1194 1065 1257 δ’
1111 1197 1396 1295 ιππήεσσι
1438 1214 1840 1279 παρεσταμεν,
1896 1194 1986 1273 οἷς
2030 1197 2089 1260 κ’
2139 1197 2421 1282 ἐθέλῃσι,

684 1282 784 1343 καὶ
828 1290 984 1361 τοῖς,
1029 1285 1090 1345 οἳ
1130 1275 1401 1364 γλαυκὴν
1444 1281 1861 1361 δυσπέμφελον
1904 1283 2279 1365 ἐργάζονται·
2670 1294 2770 1342 440

684 1368 929 1445 ρηιὸίως
976 1365 1036 1428 δ’
1082 1391 1279 1449 αγρην
1323 1367 1517 1448 κυδρὴ
1561 1364 1704 1440 θεὸς
1746 1368 1951 1431 ὤπασε
1994 1370 2237 1449 πολλήν.
2668 1379 2765 1427 442

581 1456 651 1513 X.
770 1450 956 1532 ἐσθλὴ
1002 1450 1063 1513 δ’
1112 1451 1180 1513 ἕν
1225 1460 1547 1533 σταθμοισι
1576 1451 1690 1513 σὺν
1728 1451 1920 1537 Ἑρμῇ
1962 1452 2122 1529 ληίδ’
2171 1450 2368 1529 ἀέξειν
2671 1464 2769 1511 444

683 1539 1001 1616 βουκολίας
1033 1535 1258 1643 αγέλας
1304 1562 1363 1599 τε
1406 1538 1508 1598 καὶ
1552 1534 1791 1600 αἰπόλια
1832 1536 2037 1600 πλατέ’
2084 1541 2272 1621 αἰγῶν

688 1625 1025 1703 ποίμναςτ
1097 1623 1429 1703 εἰροπόκων
1472 1618 1617 1684 ὀίων
1664 1622 2034 1685 ἐθέλουσά
2079 1648 2154 1705 γε
2199 1625 2438 1708 θυμῷ.

557 1710 660 1770 XI.
788 1707 949 1770 ουτω
993 1731 1079 1769 τοι
1122 1706 1223 1769 καὶ
1269 1700 1635 1789 μουνογενὴς
1682 1708 1745 1769 ἐκ
1788 1707 2006 1790 μητρὸς
2052 1706 2232 1770 ἐοῦσα
2670 1718 2767 1767 448

693 1794 837 1852 πᾶσι
883 1789 1012 1873 μετ’
1059 1788 1420 1854 ἆθανατοισι
1464 1794 1763 1872 τετίμηται
1802 1793 2145 1875 γεράεσσιν,

693 1899 851 1939 ουτω
893 1875 958 1938 δ’
1008 1877 1067 1953 ἐξ
1110 1874 1296 1959 ἀρχῆς
1327 1875 1755 1959 κουροτρόφος,
1800 1878 1936 1941 αιδε
1974 1903 2034 1941 τε
2079 1881 2260 1957 τιμαί.
2669 1888 2767 1937 452

600 2048 734 2109 Una
777 2052 1013 2111 tantum
1059 2052 1233 2109 initio
1290 2051 1540 2126 stropha
1586 2051 1957 2111 intercidisse
2012 2052 2283 2127 videtur,
2338 2072 2458 2128 qua
2512 2052 2770 2110 breviter

430 2134 765 2196 Hecates
809 2155 879 2195 ex
923 2134 1101 2194 Perse
1146 2138 1209 2194 et
1254 2136 1492 2194 Asteria
1547 2138 1759 2213 origo
1805 2136 2174 2196 referebatur
2218 2139 2334 2212 ita,
2392 2140 2463 2195 ut
2518 2137 2768 2196 maxime

429 2224 806 2293 premeretur
860 2222 1042 2279 fuisse
1099 2239 1227 2279 eam
1273 2220 1457 2279 filiam
1501 2229 1927 2297 μουνογενῆ
1983 2222 2214 2281 scilicet
2264 2242 2302 2281 a
2359 2222 2615 2281 fratrum
2671 2241 2768 2278 au·

430 2305 572 2363 xilio
619 2324 1011 2380 sororumque
1056 2306 1359 2364 consortio
1406 2306 1785 2365 destitutam.
1874 2307 2045 2378 Quod
2092 2308 2145 2364 ei
2188 2310 2390 2366 tamen
2421 2325 2545 2366 non
2588 2308 2771 2381 impe·

431 2389 697 2449 dimento
744 2390 924 2450 fuisse
979 2391 1299 2466 quominus
1354 2392 1490 2466 plus
1543 2392 1726 2450 etiam
1785 2391 2028 2450 honoris
2071 2393 2367 2468 acceperit
2422 2394 2486 2449 et
2539 2411 2576 2450 a
2631 2390 2771 2448 Iove

429 2476 755 2534 novissimo
801 2494 941 2552 rege
997 2474 1317 2550 honorata,
1376 2478 1438 2533 et
1481 2495 1516 2533 a
1560 2474 1739 2535 Caelo
1784 2477 2239 2553 antiquissime,
2302 2495 2479 2553 quem
2536 2475 2771 2550 quidem

431 2559 766 2636 hymnodus
812 2560 884 2620 de
931 2560 1279 2637 Theogonia
1309 2559 1605 2620 Hesiodea
1635 2580 1879 2621 securus
1925 2560 2039 2620 sibi
2088 2563 2315 2638 cogitat
2356 2560 2562 2622 eodem
2594 2560 2771 2619 modo

431 2648 611 2720 atque
633 2646 839 2705 Iovem
869 2648 1027 2705 inter
1050 2664 1189 2705 suos
1218 2665 1466 2715 munera
1498 2647 1992 2722 distribuentem,
2024 2648 2263 2722 prima
2293 2649 2496 2706 statim
2528 2645 2774 2721 stropha

431 2748 761 2789 monemur.
843 2731 918 2788 Ei
973 2732 1209 2807 egregie
1266 2731 1590 2791 succedunt
1643 2732 2000 2807 secunda,
2069 2752 2188 2807 qua
2241 2732 2466 2791 Hecate
2524 2728 2773 2809 (quippe

434 2834 584 2890 quae
640 2814 775 2873 huic
832 2818 1040 2890 poetae
1084 2817 1215 2891 ipsa
1260 2819 1352 2874 est
1395 2818 1661 2874 omnium
1723 2816 1969 2875 deorum
2027 2817 2299 2892 potentia
2354 2836 2385 2874 e
2442 2818 2773 2891 longinquo

430 2899 640 2958 efficax
683 2901 746 2958 in
791 2901 968 2959 unius
1012 2900 1155 2958 deae
1199 2919 1512 2975 personam
1554 2899 1954 2980 conformata)
2009 2903 2301 2976 omnium,
2347 2919 2498 2976 quos
2528 2899 2773 2959 Titanes

432 2987 493 3042 et
536 2985 598 3042 in
654 2985 833 3044 caelis
888 2988 949 3044 et
997 2988 1159 3043 terra
1215 2986 1484 3061 marique
1539 2986 1910 3060 habuerunt,
1981 2987 2272 3045 honorum
2330 2987 2656 3061 particepS,
2714 2988 2778 3044 et

433 3070 699 3144 tertia,
748 3090 864 3145 qua
909 3089 983 3128 ne
1029 3070 1276 3129 minima
1316 3071 1557 3145 quidem
1609 3073 1822 3130 horum
1866 3071 2157 3130 honorum
2198 3076 2364 3147 parte
2410 3091 2444 3128 a
2486 3071 2627 3131 Iove
2673 3069 2771 3128 de·

432 3155 664 3212 minuta
707 3154 1102 3230 praedicatur.
1177 3155 1472 3214 Probatur
1520 3157 1631 3215 hoc
1673 3158 1737 3215 in
1779 3157 2128 3215 universum
2173 3155 2418 3231 stropha
2475 3158 2773 3231 quarta,

433 3258 552 3313 qua
595 3240 1024 3298 etiamnunc
1067 3239 1285 3299 dicitur
1333 3241 1396 3299 in
1427 3241 1703 3300 omnibus
1748 3241 1928 3299 sacris
1972 3242 2128 3299 rite
2174 3240 2459 3300 faciendis
2503 3240 2772 3299 invocari

432 3325 633 3398 itaque
678 3323 936 3383 multum
980 3316 1224 3383 honoris
1267 3324 1483 3384 habere
1516 3322 1616 3400 (de
1661 3325 1772 3385 boc
1815 3327 2002 3401 enim,
2052 3345 2265 3401 quem
2312 3326 2626 3400 accipit,
2673 3325 2775 3383 bo-

435 3427 578 3467 nore
631 3411 846 3468 ultima
899 3410 1083 3468 verba
1140 3410 1326 3469 eiecto
1385 3429 1440 3469 v.
1487 3410 1611 3468 419
1671 3412 1787 3469 iam
1845 3411 1978 3469 aliis
2035 3412 2311 3486 suspecto
2370 3410 2777 3485 intellegenda

435 3493 651 3568 erant).
740 3492 1016 3561 Quinta
1070 3512 1210 3553 vero
1253 3494 1397 3569 quid
1446 3496 1712 3554 muneris
1756 3496 2000 3570 insuper
2057 3493 2333 3570 Iuppiter
2384 3497 2437 3553 ei
2494 3494 2778 3554 detulerit

434 3578 762 3637 indicatur:
822 3577 1344 3654 κουροτρόφον
1399 3597 1529 3636 eam
1589 3581 1855 3638 instituit
1899 3579 2101 3638 statim
2160 3576 2220 3650 ἐξ
2273 3573 2459 3657 ἀρχῆς
2521 3577 2779 3658 (scilicet

435 3664 696 3721 humano
741 3664 948 3739 generi
996 3663 1157 3722 Iovis
1206 3662 1446 3721 demum
1505 3665 1785 3739 auspiciis
1828 3659 2194 3745 procreato),
2252 3684 2401 3740 quae
2459 3682 2774 3739 quemcun-

436 3767 551 3824 que
598 3751 985 3822 „nascentem
1036 3747 1269 3823 placido
1315 3749 1541 3806 lumine
1598 3748 1857 3808 viderit“
1917 3745 2096 3826 (nihil
2153 3749 2316 3808 aliud
2370 3751 2528 3809 enim
2586 3749 2777 3807 inesse

438 3833 641 3908 potuit
687 3832 817 3892 loco
862 3833 1214 3908 desperato,
1272 3833 1388 3892 nisi
1435 3832 1594 3908 quod
1640 3852 1821 3910 supra
1877 3854 1933 3893 v.
1982 3834 2061 3894 82
2108 3834 2397 3910 scriptum
2442 3829 2652 3893 ὅντινα
2697 3854 2777 3890 τι-

434 3914 674 3993 μήσωσι
720 3913 867 3988 Διὸς
913 3923 1131 3995 κοῦραι
1174 3914 1451 3993 μεγάλοιο
1489 3918 1499 3990 Ι
1536 3914 1984 3995 γεινόμενόν
2028 3911 2082 3975 τ’
2133 3914 2432 3977 ἐσίδωσι
2477 3922 2658 3994 atque
2687 3921 2780 3977 tot

439 4002 878 4062 imitationibus
925 4003 1374 4078 frequentatum
1428 4001 1525 4061 hic
1571 4022 1809 4080 quoque
1864 4002 2167 4080 probabili
2223 4004 2565 4063 coniectura
2619 4005 2776 4062 intu-

439 4087 653 4146 limus:
709 4088 1009 4163 glossema
1059 4080 1242 4158 Ἠοῦς
1299 4087 1374 4146 ad
1432 4080 1587 4161 φάος
1644 4083 2032 4164 πολυδερκές,
2091 4087 2164 4147 de
2218 4107 2337 4163 quo
2394 4089 2472 4148 cf.
2530 4108 2585 4150 v.
2636 4090 2777 4161 755,

442 4171 812 4246 adscriptum
858 4175 1100 4233 extrusa
1142 4174 1401 4248 genuina
1446 4173 1711 4233 clausula
1758 4174 1956 4233 labem
2001 4173 2063 4232 in
2107 4173 2312 4248 priora
2353 4192 2592 4250 quoque
2635 4191 2776 4248 pro-

439 4254 742 4332 pagavit);
804 4259 858 4317 ei
905 4259 1206 4318 fortunam
1236 4258 1375 4317 dare
1407 4258 1596 4317 soleat
1639 4258 1904 4335 (versum
1959 4260 2292 4318 necessario
2349 4259 2776 4333 transpositum

441 4341 692 4400 fortasse
735 4342 853 4401 iam
911 4342 1024 4403 boc
1079 4343 1208 4402 loco
1252 4343 1493 4439 legebat
1544 4344 1631 4419 is,
1689 4363 1758 4402 ex
1818 4363 1935 4419 quo
1992 4342 2219 4403 scholia
2276 4339 2379 4422 [ad
2422 4340 2576 4418 452]
2637 4342 2781 4403 haec

441 4425 688 4486 babent:
736 4423 1000 4503 οἴτινες,-
1031 4426 1215 4504 φησί,
1258 4447 1400 4503 μετα
1444 4423 1511 4485 τὸ
1549 4430 1930 4506 γεννηθῆναι
1973 4423 2080 4504 τὴν
2125 4425 2385 4505 σελήνην
2426 4434 2781 4505 γεννῶνται,
