3132 5129
1440 393 1898 457 —434—

504 553 683 611 batur
737 554 875 627 post
927 551 1282 622 clausulam,
1337 570 1515 626 quam
1571 554 1633 609 et
1689 550 1874 646 ipsam
1922 549 1977 607 N
1982 567 2173 607 onnus
2220 549 2428 608 habuit
2471 549 2563 608 his
2605 551 2843 608 tantum

505 638 703 695 verbis
750 637 921 712 plene
966 640 1337 711 conceptam.
1396 631 1512 711 ἐγώ
1572 634 1686 709 εἰμι
1743 629 1782 709 ἡ
1837 623 2132 709 άμπελος,
2189 627 2358 709 ὑμεῖς
2412 654 2485 690 τα
2538 630 2840 709 κλήματα·

505 715 536 778 5
562 716 779 816 μένων
822 714 887 778 ἐν
931 714 1056 796 ἐμοὶ
1101 720 1310 797 (vulgo
1357 721 1599 779 additur
1641 711 1806 795 κᾶγώ
1865 716 1932 777 ἐν
1984 704 2206 797 αὐτῶ),
2267 709 2442 789 οὗτος
2488 714 2656 793 φέρει
2700 738 2842 795 καρ-

503 795 619 864 πὸν
662 802 865 864 πολύν.
957 806 1152 864 Etiam
1198 825 1377 881 supra
1421 806 1459 862 4
1505 807 1740 864 tantum
1800 802 2032 878 μείνατε
2090 778 2155 861 ἐν
2200 799 2332 880 ἐμοί
2369 804 2580 863 habuit
2623 805 2843 864 omisso

506 880 665 969 κάγὼ
712 886 776 948 ἐν
821 885 984 967 ὑμῖν.
1059 891 1328 966 Utroque
1358 891 1488 950 loco
1520 890 1889 949 constructio
1921 890 2012 949 his
2056 890 2486 948 additamentis
2533 889 2842 964 paululum

502 977 799 1035 turbatur.

671 1061 770 1119 Ad
812 1060 921 1120 hos
965 1061 1231 1136 proxime
1276 1059 1563 1119 accedunt
1609 1060 1711 1117 alii
1755 1060 1899 1132 loci,
1958 1060 2022 1117 in
2075 1059 2291 1134 quibus
2335 1059 2613 1118 similiter
2655 1078 2841 1116 mem·

503 1147 677 1205 brum
723 1145 954 1205 causale
998 1164 1104 1221 per
1149 1146 1626 1204 coniunctionem
1670 1135 1802 1220 γάρ
1847 1144 2216 1203 adnectitur:

671 1230 777 1302 IV,
825 1232 903 1288 47
950 1225 1199 1306 ἤμελλεν
1240 1221 1369 1304 γὰρ
1412 1221 1865 1304 ἀποθνήσκειν,
1910 1229 2070 1304 quod
2108 1229 2265 1287 haud
2309 1229 2429 1287 scio
2474 1248 2549 1286 an
2595 1247 2663 1286 ex
2707 1245 2838 1286 cen-

509 1316 768 1374 turionis
830 1315 1016 1391 ipsius
1070 1316 1338 1386 oratione
1396 1316 1476 1373 49
1535 1311 1845 1392 κατάβηθι
1898 1311 2043 1391 πρὶν
2096 1303 2435 1371 αποθανεῖν
2490 1302 2553 1370 τὸ
2596 1308 2840 1369 παιδίον

499 1420 617 1476 μου
663 1400 980 1460 confictum
1030 1400 1128 1459 sit.

671 1484 744 1560 V,
797 1487 873 1543 13
919 1484 1100 1543 verba
1142 1477 1174 1541 5
1218 1504 1353 1561 γαρ
1393 1472 1624 1559 ’.Ιησοῦς
1668 1478 1968 1554 ἐξένευσεν
2012 1478 2190 1558 ὄχλου
2235 1501 2404 1552 οντος
2448 1479 2512 1540 ἐν
2555 1489 2636 1563 τῷ
2682 1478 2840 1561 τόπῳ

502 1590 735 1629 causam
781 1588 901 1628 non
947 1570 1090 1628 satis
1135 1569 1499 1629 commodam
1565 1572 1868 1628 continere
1921 1568 2229 1640 videntui,
2286 1588 2405 1643 qua
2463 1569 2679 1626 factum
2737 1569 2836 1641 sit,

502 1659 569 1713 ut
598 1656 775 1712 homo
805 1657 1085 1730 aegrotus
1124 1654 1259 1729 quis
1303 1673 1365 1713 se
1411 1656 1712 1713 sanaverit
1753 1653 2088 1728 nesciverit,
2135 1672 2268 1711 cum
2314 1655 2385 1726 is,
2434 1653 2534 1712 ubi
2579 1653 2835 1728 primum

501 1738 903 1799 valetudinem
946 1740 1344 1832 recuperavit,
1391 1759 1422 1797 e
1466 1739 1595 1799 loco
1642 1740 1745 1797 illo
1790 1698 2126 1801 excesseri’t.
2217 1778 2224 1787 .

669 1823 846 1898 VIII,
893 1823 972 1880 42
1036 1816 1175 1880 οὐδὲ
1241 1844 1372 1900 γαρ
1435 1813 1545 1880 ἀπ’
1614 1818 1870 1899 ἐμαυτοῦ
1927 1817 2225 1899 ἐλήλυθα,
2289 1814 2426 1880 ἄλλ’
2486 1813 2712 1890 ἐκεῖνός
2765 1842 2837 1896 με

500 1902 842 1966 ἀπέστειλεν
897 1908 1196 1967 sententia
1252 1910 1398 1967 trita
1440 1909 1534 1967 hic
1578 1928 1646 1968 eo
1691 1910 1883 1984 magis
1928 1910 2121 1969 otiosa
2163 1910 2285 2001 est,
2345 1908 2627 1983 quoniam
2674 1908 2835 1965 aliud

499 1994 730 2051 causale
776 1992 1102 2051 membrum
1150 1993 1451 2067 praecedit
1491 1994 1651 2052 haud
1697 1993 2013 2052 dissimile.
2074 1982 2186 2072 ἐγω
2242 1991 2377 2071 γὰρ
2423 1988 2489 2050 ἐκ
2535 1999 2640 2049 τοῦ
2683 1995 2837 2049 θεοῦ

500 2073 750 2153 ἐξῆλθον
794 2073 892 2134 καὶ
941 2072 1086 2153 ἥκω.

666 2163 814 2220 Τιιιιι
864 2161 1105 2238 quidam
1154 2165 1503 2222 succurrunt
1544 2164 1692 2236 loci,
1739 2164 1841 2221 ubi
1885 2163 2165 2222 similiter
2207 2182 2312 2238 per
2356 2159 2479 2219 ἴνα
2521 2161 2595 2220 ad
2641 2162 2834 2236 expli-

497 2249 746 2306 candum
792 2248 1205 2306 consilium
1250 2248 1488 2306 additur
1531 2249 1887 2320 membrum,
1934 2268 2052 2323 quo
2098 2249 2270 2307 facile
2315 2246 2665 2307 carebimus,
2740 2247 2837 2304 Ita

496 2332 641 2407 XII,
687 2334 766 2390 42
827 2329 928 2389 ἴνα
981 2325 1063 2407 μὴ
1123 2325 1573 2411 ἀποσυνάγωγοι
1628 2328 1936 2409 γένωνται.
2026 2332 2198 2404 XVI,
2249 2334 2329 2390 24
2386 2329 2513 2388 ἵνα
2580 2326 2619 2407 ἡ
2681 2350 2834 2408 χαρα

494 2412 669 2493 ὑμῶν
712 2407 753 2498 ᾗ
796 2413 1241 2494 πεπληρωμένη.
1315 2418 1503 2514 XVII,
1542 2421 1572 2475 1
1614 2415 1738 2476 ἵνα
1782 2415 1966 2497 <καὶ>
1998 2407 2028 2473 ὁ
2076 2415 2204 2485 υἷός
2249 2413 2441 2496 <σου>
2489 2412 2706 2497 δοξάσῃ
2747 2431 2834 2490 σε,

497 2504 597 2561 ubi
642 2503 689 2560 T
736 2503 1016 2561 Nonnum
1078 2523 1184 2579 pro
1240 2504 1458 2562 omisso
1515 2499 1617 2560 καὶ
1671 2506 1888 2562 testem
1945 2503 2241 2561 adducens
2299 2503 2499 2578 spurio
2544 2522 2721 2562 versu
2769 2503 2834 2559 in

494 2588 854 2648 Passoviana
899 2589 1162 2646 editione
1208 2591 1438 2646 retento
1486 2607 1546 2646 se
1594 2589 1724 2647 falli
1768 2609 1973 2664 passus
2018 2593 2124 2652 est.

665 2674 773 2732 His
820 2675 1050 2731 adicere
1094 2673 1291 2747 placet
1332 2674 1561 2748 aliquot
1605 2675 1800 2745 locos»,
1857 2675 1958 2732 ubi
2005 2674 2186 2733 verba
2241 2673 2564 2748 quaedam,
2613 2673 2836 2747 quibus

494 2776 586 2816 res
641 2777 747 2832 per
802 2777 861 2816 se
915 2759 1223 2832 perspicua
1280 2757 1575 2815 diserte
1645 2759 2096 2833 explicatur,
2163 2757 2415 2817 Nonnus
2473 2777 2596 2816 non
2662 2758 2835 2832 legit.

499 2841 655 2901 Sunt
701 2861 839 2901 vero
884 2843 1057 2900 haec:
1116 2843 1161 2912 I,
1215 2844 1288 2899 19
1337 2837 1395 2912 ἐξ
1444 2837 1895 2918 Ἰεροσολυμων,
1955 2863 2133 2918 quam
2193 2844 2399 2902 urbem
2460 2842 2833 2904 sacerdotum

496 2928 558 2983 et
604 2926 949 2986 Levitarum
997 2927 1296 2984 mentione
1344 2929 1488 2984 satis
1535 2927 1782 2984 indicari
1828 2947 2001 2987 nemo
2047 2946 2165 2987 non
2211 2928 2483 3004 negabit,
2530 2927 2706 2984 ibid.
2751 2928 2835 2984 28

495 3003 647 3067 ὅπου
702 3001 784 3086 ἦν
838 3005 870 3068 5
920 3000 1202 3084 Ἰωάννης
1259 3009 1590 3084 βαπτίζων,
1635 3031 1784 3086 quae
1829 3013 2010 3073 verba
2053 3016 2191 3088 post
2234 3014 2633 3085 notationem,
2680 3030 2834 3087 quae

494 3096 819 3171 antecedit,
878 3094 1061 3152 ταῦτα
1106 3090 1172 3151 ἐν
1218 3094 1495 3176 Βηθανία
1543 3091 1769 3172 ἐγένετο
1812 3093 1999 3175 πέραν
2044 3104 2149 3155 τοῦ
2188 3088 2494 3173 Ἰορδανου
2539 3098 2638 3156 vix
2683 3096 2836 3155 desi-

492 3179 807 3242 derantur.

660 3264 739 3339 II,
789 3267 867 3323 23
914 3263 1283 3342 θεωροῦντες
1326 3257 1514 3322 αὐτοῦ
1559 3287 1629 3322 τα
1687 3269 1900 3360 σημεια
1954 3262 2000 3324 α’
2044 3261 2262 3342 ἐποίει,
2311 3286 2462 3344 quae
2507 3266 2691 3324 verba
2734 3265 2833 3323 hic

491 3351 735 3425 quidem
783 3351 878 3409 vix
914 3351 1056 3409 satis
1091 3350 1402 3425 quadrant,
1450 3369 1582 3409 cum
1628 3356 1768 3426 post
1809 3339 2001 3427 ἀρχὴν
2046 3358 2163 3410 τῶν
2208 3351 2468 3429 σημείων
2510 3351 2683 3409 initio
2739 3369 2835 3408 ca-

490 3435 634 3509 pitis
695 3439 1027 3494 enarratam
1098 3436 1346 3493 alterius
1401 3435 1594 3494 adbuc
1644 3438 1914 3495 miraculi
1981 3439 2148 3496 nulla
2214 3443 2304 3496 est
2369 3437 2593 3496 mentio
2653 3435 2832 3494 facta.

488 3518 727 3578 Intrusa
770 3520 1052 3579 videntur
1097 3540 1165 3577 ex
1213 3519 1320 3590 VI,
1369 3522 1425 3577 2.

658 3604 780 3679 ΠΙ,
829 3607 909 3664 23
954 3598 1018 3659 ἐν
1064 3595 1305 3672 Αίνών,
1366 3605 1465 3662 ubi
1522 3604 1600 3662 ad
1661 3605 2090 3682 designandum
2150 3608 2341 3665 locum
2404 3605 2627 3666 sufficit
2667 3605 2830 3681 quod

490 3691 781 3763 expressit
824 3689 1075 3748 Nonnus
1120 3682 1293 3767 ἐγγὺς
1339 3695 1443 3745 τοῦ
1488 3687 1733 3782 Σαλείμ.
2021 3715 2032 3727 ·

656 3775 727 3849 X,
764 3775 847 3834 40
876 3775 1058 3834 verba
1090 3772 1171 3842 εἰς
1216 3770 1317 3831 τὸν
1362 3770 1545 3832 τόπον
1590 3764 1743 3832 ὅπου
1785 3766 1866 3852 ἦν
1906 3770 2188 3850 Ἰωάννης
2232 3773 2296 3834 τὸ
2341 3775 2575 3853 πρῶτον
2618 3772 2828 3853 βαπτί-

488 3860 603 3928 ζων
650 3856 751 3917 καὶ
795 3855 1000 3935 ἔμενεν
1045 3854 1172 3916 ἐκεῖ
1206 3860 1418 3917 iterum
1469 3860 1921 3935 geographicam
1955 3864 2202 3936 sapiunt
2231 3862 2605 3936 sapientiam,
2649 3880 2829 3935 quam

485 3944 809 4018 aliquoties
854 3945 1031 4004 modo
1077 3944 1411 4003 habuimuS.

655 4029 938 4087 Eiusdem
992 4030 1227 4106 generis
1291 4030 1574 4088 habemus
1620 4029 1769 4105 XII,
1819 4032 1893 4088 21
1953 4033 2388 4090 accuratiorem
2447 4032 2520 4090 de
2562 4030 2830 4105 Philippi

484 4113 684 4208 patria
739 4116 1111 4173 notationem
1165 4111 1247 4191 τῷ
1316 4104 1435 4171 απὸ
1495 4075 1808 4189 Βηθσαιδὰ
1876 4122 1979 4191 τῆς
2036 4114 2357 4185 Γαλιλαίας
2420 4111 2520 4173 καὶ
2582 4108 2829 4192 ἠρώτων

483 4187 703 4268 αὐτόν,
762 4219 881 4274 qua
938 4201 1155 4258 omissa
1200 4198 1450 4258 Nonnus
1486 4199 1638 4258 nihil
1682 4203 1947 4275 repperit
1989 4202 2105 4259 nisi
2149 4204 2503 4279 προσῆλθον
2549 4198 2832 4279 Φιλίππῳ

483 4277 746 4360 λέγοντες
798 4280 1056 4359 Θέλομεν
1102 4272 1204 4341 τὸν
1245 4273 1478 4358 Ἰησοῦν
1522 4282 1695 4343 ἰδεῖν.
1773 4283 1940 4354 Quod
1986 4286 2160 4345 hodie
2205 4291 2342 4346 ante
2376 4281 2638 4359 Θέλομεν
2681 4285 2830 4360 legi-

484 4386 614 4426 mus
660 4363 867 4446 Κύριε,
914 4371 1093 4428 etiam
1139 4369 1213 4427 ab
1258 4370 1392 4428 aliis
1440 4369 1757 4428 omittitur.
1837 4371 1990 4428 Tum
2036 4370 2202 4445 XIII,
2237 4374 2272 4428 2
2317 4365 2519 4428 Ἰούδα
2552 4368 2829 4445 Σίμωνος

469 4440 880 4528 Ἰσκαριωτου,
926 4455 1027 4513 ubi
1073 4455 1287 4512 ultima
1334 4455 1513 4512 verba
1556 4454 1864 4528 paululum
1913 4455 2200 4514 turbata
2184 4476 2247 4514 ιιι
2280 4456 2550 4515 fontibus
2582 4473 2828 4530 prorsus
