3132 5129
1282 393 1742 455 -209—

655 539 920 652 κύμασιν
965 544 1031 608 ἕν
1073 551 1341 623 πολλοῖς,
1388 544 1510 606 ἐπεὶ
1556 570 1629 608 ου
1677 541 1893 626 κομιὸη
1939 571 2086 608 κατα
2134 549 2251 624 νῆα

642 624 756 710 ἦεν
800 625 1154 710 ἐπηετανός·
1202 633 1285 715 τῷ
1329 654 1433 709 μοι
1478 633 1623 709 φίλα
1666 638 1808 713 γυῖα
1852 631 2124 694 λέλυνται

346 791 529 829 unum
576 771 735 829 felici
782 771 1070 830 audacia
1055 791 1174 829 iam
1205 772 1543 831 Nitzschius
1577 771 1817 847 fecerat,
1867 791 2041 847 quem
2073 773 2198 830 iure
2229 791 2417 848 nuper
2446 776 2683 833 secutus

343 862 434 915 est
487 856 813 915 Bekkerus.
874 888 956 897 —-
1011 855 1314 931 Denique,
1383 861 1701 932 postquam
1769 877 1826 916 v.
1870 859 1991 915 392
2036 877 2125 933 sq.
2179 868 2242 916 et
2298 859 2419 915 398
2462 877 2549 933 sq.
2608 858 2683 915 ad

341 942 670 1016 genuinum
718 941 975 999 Nostum
1019 942 1319 1016 pertinere
1363 941 1651 1016 vidimuS,
1712 944 1775 1000 et
1820 962 1874 1001 v.
1909 944 2033 1001 390
2063 961 2181 1017 sq.,
2241 943 2341 1017 qui
2390 961 2462 1000 ne
2508 943 2683 1001 hodie

341 1025 581 1101 quidem
629 1027 773 1084 satis
820 1026 1145 1101 quadrant,

645 1155 877 1218 δώδεκα
920 1180 1035 1237 γαρ
1082 1181 1229 1218 κατα
1274 1158 1467 1236 δῆμον
1508 1154 1858 1237 ἀριπρεπέες
1903 1162 2216 1259 βασιλῆες

643 1235 815 1322 ἀρχοὶ
862 1244 1236 1323 κραίνουσιν,
1282 1244 1760 1319 τρισκαιδέκατος
1802 1239 1864 1305 δ’
1911 1237 2026 1325 ἐγώ
2068 1240 2276 1323 αὐτός,

342 1382 592 1441 tollendi
649 1385 845 1457 erant,
905 1386 969 1440 et
1022 1402 1076 1441 v.
1124 1383 1245 1441 398
1307 1401 1439 1441 curn
1485 1385 1613 1444 400
1657 1384 1860 1442 eiectis
1906 1383 2273 1443 intermediis
2319 1384 2680 1444 conflandus.

509 1552 583 1611 In
628 1553 950 1626 septimo
997 1556 1056 1610 et
1101 1555 1368 1610 octavo
1427 1553 1579 1611 libro
1638 1573 1787 1629 quae
1845 1557 2151 1628 praeterea
2206 1554 2520 1631 leguntur,
2579 1557 2684 1612 aut

343 1637 744 1695 additamenta
788 1641 928 1697 sunt
972 1638 1407 1695 concinnatoris
1462 1657 1531 1697 eo
1564 1639 1810 1697 consilio
1844 1639 2080 1713 inserta,
2128 1642 2195 1698 ut
2227 1639 2386 1696 varia
2415 1640 2684 1697 membra

349 1742 532 1780 unum
579 1722 642 1780 in
687 1740 900 1797 corpus
945 1722 1097 1780 male
1141 1722 1341 1781 iuncta
1384 1722 1637 1797 quodam
1685 1727 1842 1781 certe
1889 1723 2061 1781 modo
2107 1724 2178 1783 iis
2221 1723 2681 1798 continerentur,

345 1811 410 1865 ut
451 1826 491 1879 η
526 1808 878 1866 136—138.
931 1808 1278 1866 186—232.
1336 1809 1385 1863 θ
1414 1808 1539 1865 484
1577 1827 1695 1882 sq.,
1754 1812 1857 1866 aut
1900 1809 2419 1884 interpolationes,
2480 1810 2683 1884 quales

342 1893 565 1967 ubique
610 1892 1020 1964 inveniuntur,
1072 1892 1205 1950 aliis
1237 1912 1267 1950 e
1299 1892 1443 1951 locis
1493 1893 1709 1967 partim
1742 1893 2025 1951 confictae
2071 1894 2287 1968 partim
2332 1893 2406 1951 ad
2435 1893 2684 1953 verbum

344 1977 705 2051 descriptae,
762 1979 831 2035 ut
883 1978 932 2032 θ
976 1976 1331 2035 426—429.
1380 1978 1740 2039 433-437.
1797 1979 2131 2035 449—456
2193 1977 2395 2036 Ulixes
2453 1980 2683 2037 lavacro

345 2066 658 2135 recreatus,
704 2062 873 2120 cuius
917 2061 1049 2134 loci,
1096 2064 1165 2119 ut
1209 2064 1439 2120 ceteros
1484 2061 1810 2121 fonticulos
1841 2066 2225 2137 praeteream,
2276 2063 2443 2138 origo
2475 2063 2535 2118 Σ
2561 2064 2683 2121 344

349 2148 551 2204 -349
598 2146 930 2220 invenitur,
990 2150 1052 2204 et
1106 2147 1443 2205 469-483
1491 2145 1863 2205 Demodocus
1921 2150 2092 2223 tergo
2150 2147 2327 2206 suillo
2385 2147 2458 2205 ab
2504 2147 2679 2205 Ulixe

344 2231 700 2305 honoratus,
757 2231 860 2306 qui
907 2231 1071 2290 locus
1116 2231 1237 2289 fere
1283 2250 1352 2289 ex
1398 2251 1454 2293 v.
1501 2232 1580 2289 62
1614 2250 1740 2306 sqq.
1789 2232 2120 2290 coniunctis
2166 2251 2298 2290 cum
2351 2231 2411 2287 H
2446 2233 2565 2290 321
2601 2257 2684 2279 =

344 2318 373 2384 ξ
415 2318 535 2373 437
572 2335 659 2391 sq
709 2314 994 2374 confictus
1040 2318 1149 2374 est.
1236 2315 1304 2373 In
1351 2317 1400 2371 θ
1447 2316 1649 2373 523—
1660 2316 1777 2374 531
1840 2318 2346 2392 comparationem
2402 2316 2684 2375 habemus

346 2405 468 2458 tam
525 2400 859 2475 pulchram,
919 2403 988 2458 ut
1044 2418 1156 2476 ego
1202 2383 1303 2457 diu
1351 2400 1719 2474 dubitarem,
1780 2420 1855 2459 an
1913 2419 2041 2459 eam
2096 2406 2334 2461 nostrae
2383 2399 2685 2476 Odysseae

345 2488 553 2560 poetae
599 2485 996 2544 adscriberem
1043 2489 1221 2560 atquc
1266 2489 1405 2559 post
1448 2487 1497 2541 θ
1534 2486 1612 2543 92
1660 2482 1808 2562 (vid.
1853 2486 2153 2546 dissertat.
2197 2485 2227 2543 Ι
2258 2506 2316 2561 p.
2352 2487 2428 2544 27
2481 2482 2690 2560 [supra

345 2589 404 2645 p.
441 2566 672 2646 172J)
660 2589 995 2629 insererem.
1054 2569 1385 2628 Videbatur
1414 2573 1617 2628 tamen
1662 2572 1953 2629 eiusmodi
1999 2571 2306 2630 muliebris
2352 2571 2595 2630 eiulatio
2627 2573 2689 2629 et

345 2659 553 2713 nostro
611 2655 785 2714 beroe
841 2655 1080 2714 omnino
1141 2655 1388 2731 indigna
1443 2659 1504 2713 et
1558 2656 1802 2730 insuper
1859 2656 1931 2713 ab
1989 2656 2099 2714 boc
2152 2657 2280 2715 loco
2326 2656 2518 2715 aliena
2562 2674 2688 2715 esse

345 2744 680 2814 propterea,
727 2740 887 2814 quod
931 2745 1053 2798 tam
1101 2740 1317 2799 effusae
1362 2740 1636 2815 querelae
1683 2740 1780 2800 vix
1826 2744 2059 2815 praeter
2096 2740 2414 2800 Alcinoum
2459 2744 2688 2800 ceteros

346 2842 551 2883 omnes
593 2823 776 2883 latere
822 2824 1180 2900 potuissent.

519 3011 727 3070 Restat
756 3011 874 3069 iam
903 3031 1021 3070 una
1050 3011 1329 3087 Necyia
1361 3014 1552 3071 totum
1583 3012 1959 3072 undecimum
1990 3012 2208 3070 librum
2234 3030 2367 3070 cum
2394 3013 2605 3072 decimi
2628 3017 2690 3072 et

353 3094 688 3154 duodecimi
722 3095 1079 3170 quibusdam
1110 3096 1414 3170 particulis
1448 3097 1769 3173 complexa,
1816 3117 1993 3173 quam
2040 3116 2173 3156 cum
2204 3117 2394 3173 nuper
2421 3099 2484 3157 in
2515 3116 2686 3172 supe-

353 3180 531 3238 rioris
576 3179 1011 3239 dissertationis
1042 3199 1102 3255 p.
1138 3185 1173 3239 5
1207 3177 1415 3259 [supra
1443 3201 1502 3256 p.
1531 3180 1678 3258 183]
1723 3182 2096 3257 „accuratius
2126 3202 2220 3242 me
2253 3183 2688 3242 tractaturum“

355 3283 484 3323 esse
513 3265 905 3339 promiserim,
950 3284 1169 3325 vanum
1212 3285 1307 3324 me
1347 3284 1708 3343 quamquam
1738 3268 1913 3342 culpa
1942 3271 2234 3327 carentem
2268 3267 2689 3342 promissorem

356 3349 537 3407 fuisse
566 3350 682 3407 iam
716 3366 835 3407 non
866 3351 993 3409 sine
1023 3351 1191 3425 gravi
1221 3351 1404 3409 animi
1436 3350 1837 3411 sollicitudine
1870 3352 2177 3428 intellego.
2239 3352 2363 3410 Iam
2396 3352 2553 3410 enim
2584 3352 2690 3410 illa

357 3434 568 3508 „venit
627 3453 856 3492 summa
910 3434 1034 3494 dies
1089 3439 1149 3493 et
1200 3436 1586 3494 ineluctabile
1644 3437 1953 3511 tempus,“
2008 3455 2125 3512 quo
2168 3440 2309 3511 post
2352 3436 2689 3512 quindecim

353 3537 643 3577 annorum
688 3518 991 3594 exsilium,
1052 3520 1316 3595 „grande
1362 3521 1632 3580 mortalis
1677 3522 1805 3581 aevi
1849 3521 2180 3596 spatium,“
2241 3515 2395 3579 ἑκών
2447 3514 2691 3579 ἀέκοντί

351 3624 416 3678 γε
459 3605 656 3682 θυμῷ
698 3603 966 3662 retrahor
1009 3623 1130 3664 non
1174 3605 1236 3663 in
1283 3605 1448 3663 illam
1492 3606 1765 3681 quidem,
1825 3625 1975 3681 quae
2016 3625 2112 3664 me
2158 3610 2494 3664 nascentem
2538 3607 2692 3665 vidit

352 3688 792 3748 adolescentem
823 3689 1045 3763 eduxit,
1093 3694 1330 3765 terram,
1378 3691 1500 3765 sed,
1535 3690 1695 3766 quod
1724 3694 2005 3766 praestat,
2039 3692 2100 3748 in
2130 3690 2305 3748 aliam
2337 3689 2689 3750 Germaniae

354 3774 581 3848 patriae
642 3773 944 3832 civitatem
1001 3775 1472 3833 strenuissimam
1540 3776 1706 3833 illam
1763 3775 1940 3834 hodie
1997 3775 2327 3834 communis
2393 3775 2689 3834 libertatis

354 3858 818 3933 concordiaeque
848 3858 1142 3917 tutricem.
1221 3860 1383 3930 Quae
1411 3859 1640 3918 reditus
1685 3860 1927 3918 fortuna
1971 3859 2142 3918 avide
2187 3861 2423 3934 captata
2465 3860 2689 3936 multia,

354 3942 639 4017 optabilis
698 3945 934 4001 tantum
989 3962 1109 4002 non
1167 3944 1442 4003 omnibus
1502 3944 1648 4002 mihi
1708 3945 1947 4020 quidem
2011 3943 2167 4002 baud
2232 3944 2352 4003 scio
2419 3963 2492 4001 an
2550 3944 2689 4019 plus

354 4026 578 4086 doloris
637 4027 1147 4103 aegritudinisque
1203 4048 1378 4104 quam
1437 4029 1638 4103 gaudii
1697 4029 2077 4103 laetitiaeque
2122 4028 2481 4087 excitaverit.
2573 4028 2693 4088 Tot

355 4112 660 4187 tantisque
715 4112 872 4170 enim
931 4117 993 4171 et
1050 4113 1296 4188 pietatis
1350 4115 1627 4189 gratique
1684 4114 1863 4172 animi
1919 4116 1982 4171 et
2037 4112 2372 4172 Academici
2430 4114 2690 4174 muneris

355 4197 663 4272 studiique
720 4196 998 4256 litterarii
1051 4201 1113 4257 et
1156 4197 1614 4257 domesticarum
1669 4217 1866 4256 rerum
1911 4197 2214 4257 felicitatis
2257 4197 2510 4256 vinculis
2556 4197 2688 4256 Tu·

355 4283 508 4340 rico
555 4286 818 4341 nostro
862 4281 1185 4342 adstrictus
1231 4288 1453 4357 teneor,
1500 4286 1593 4342 tot
1634 4283 1938 4358 tantisque
1981 4283 2151 4357 quasi
2195 4282 2495 4343 radicibus
2534 4302 2689 4341 ama-

355 4366 465 4424 bili
508 4367 639 4425 eius
684 4365 810 4426 solo
856 4366 1071 4427 infixus
1111 4368 1342 4444 haereo,
1389 4372 1457 4426 ut
1486 4387 1672 4443 paene
1704 4387 1822 4426 non
1853 4372 1973 4426 tam
2006 4387 2075 4426 ex
2105 4367 2313 4426 exsilio
2344 4369 2406 4426 in
2434 4369 2691 4442 patriam

355 4450 579 4526 redire,
640 4470 818 4526 quam
875 4451 1050 4511 domo
1107 4453 1165 4510 in
1222 4455 1598 4528 peregrinam
1656 4457 1874 4510 terram
1940 4453 2231 4529 emigrare
2297 4452 2487 4510 adhuc
2544 4453 2690 4510 mihi

456 4555 695 4606 Kochly.
722 4556 950 4598 Schriften
999 4558 1033 4597 1.
1675 4609 1682 4616 ⁶
2226 4555 2285 4600 14

2730 3532 2790 3578 19
