3132 5129
1245 335 1704 451 -461—

266 604 269 607 Α
311 546 567 621 amplius
612 544 1037 620 quaerendum.
1115 544 1232 603 Sed
1278 546 1922 620 transpositiones
1967 546 2213 619 insuper
2256 545 2436 603 duas
2481 563 2642 619 aper·

309 631 573 691 tissimas
617 630 763 687 mihi
808 630 1098 690 detexisse
1141 630 1376 705 videor,
1424 649 1604 688 unam
1652 649 1857 689 versus
1905 633 1983 690 66

611 741 901 826 ἀτρεκέως
945 744 1166 826 ἱέρειαν
1208 743 1451 818 έπάξιον
1493 743 1707 826 εὕρατο
1753 738 2013 826 Κύπρις,

307 870 408 944 qui
454 872 524 927 ut
566 869 920 926 inconcinno
966 868 1255 943 asyndeto
1303 867 1453 925 male
1498 868 1743 942 formae,
1789 887 1905 942 qua
1935 867 2093 926 Hero
2137 868 2495 943 excelluerit,
2544 869 2641 927 de-

310 953 620 1029 scriptioni
655 953 952 1028 adhaeret,
984 954 1072 1011 ita
1101 953 1341 1029 egregie
1371 953 1653 1012 convenit
1682 952 2108 1011 adolescentuli
2139 973 2271 1011 eam
2302 953 2642 1011 extollentis

309 1039 566 1096 orationi
612 1057 669 1100 v.
704 1039 782 1095 74
815 1058 932 1113 sq.:

614 1151 714 1213 καὶ
762 1151 1044 1232 Σπάρτης
1089 1150 1341 1232 ἐπέβην,
1387 1154 1843 1232 Λακεδαίμονος
1888 1152 2141 1233 ἔδρακον
2183 1152 2365 1231 άστυ,

614 1232 714 1322 ᾗχι
756 1237 958 1318 μόθον
1000 1237 1101 1298 καὶ
1142 1238 1367 1299 ἄεθλον
1409 1235 1709 1316 ἀκούομεν
1751 1233 2078 1317 ἀγλαϊάων·

613 1323 780 1400 τοίην
822 1320 883 1384 δ’
931 1319 1141 1384 οὔποτ’
1188 1321 1407 1384 ὄπωπα
1450 1322 1596 1398 νέην
1637 1323 1862 1401 κεδνήν
1904 1317 1977 1382 θ’
2024 1320 2268 1400 ἁπαλήν
2308 1345 2384 1383 τε.

523 1420 589 1467 66
617 1404 908 1484 ἀτρεκέως
949 1407 1173 1487 ἱέρειαν
1220 1406 1464 1483 ἐπάξιον
1506 1406 1725 1487 εὕρατο
1757 1404 2030 1484 Κύπρις,

527 1504 589 1551 ’Π
620 1492 720 1553 καὶ
763 1489 907 1572 τάχα
953 1491 1186 1571 Κύπρις
1232 1492 1345 1572 ἔχει
1390 1496 1669 1573 Χαρίτων
1710 1494 1857 1572 μίαν
1900 1490 2292 1573 ὁπλοτεράων.

312 1615 453 1674 Ubi·
491 1614 655 1674 vides
707 1614 883 1685 hodie
939 1615 1092 1673 male
1144 1615 1295 1674 illud
1350 1610 1450 1672 καὶ
1510 1613 1657 1692 τάχα
1711 1618 1823 1674 etc.
1872 1616 2066 1675 versui
2114 1613 2280 1688 τοίην
2323 1607 2383 1672 δ’
2427 1608 2636 1672 οὔποτ’

308 1697 527 1757 ὄπωπα
575 1731 650 1740 -
699 1700 827 1758 sine
873 1700 1151 1758 iunctura
1194 1700 1524 1759 succedere.

477 1784 629 1842 Tum
672 1788 811 1860 post
852 1805 908 1844 v.
951 1785 1074 1843 280
1117 1783 1181 1844 in
1225 1786 1501 1844 omnibus
1546 1785 1717 1844 codd.
1767 1804 1972 1846 versus
2016 1787 2237 1862 legitur
2279 1785 2354 1843 ab
2397 1785 2638 1844 editori-

305 1870 418 1928 bus
463 1868 734 1928 certatim
780 1869 1125 1928 damnatus:

610 1983 711 2045 καὶ
755 1984 941 2066 γάμος
985 1976 1068 2062 ἦν
1109 1981 1464 2047 ἀπάνευθεν
1503 1982 1873 2065 ἀειδομένων
1915 1983 2249 2064 ὑμεναίων,

306 2125 484 2183 quem
529 2110 599 2165 ut
644 2108 905 2182 „temere
950 2107 1200 2164 eiectum
1246 2106 1686 2167 revocandum“
1731 2108 1963 2166 censuit
2005 2126 2158 2166 unus
2196 2106 2484 2182 Graefius,
2531 2109 2638 2166 sci-

306 2193 464 2267 licet,
511 2209 687 2266 quam
730 2191 963 2249 nullum
1010 2191 1225 2249 babeat
1267 2193 1329 2250 in
1374 2192 1593 2251 Nonno
1637 2192 1884 2268 eiusque
1916 2193 2154 2251 asseclis
2187 2192 2638 2251 fundamentum

306 2276 834 2351 interpolationum
857 2275 1158 2352 indagatio
1181 2276 1355 2335 hodie
1391 2278 1579 2336 tantis
1609 2277 1918 2335 ardoribus
1951 2277 2195 2352 agitata,
2229 2294 2380 2336 unus
2413 2277 2639 2352 optime

307 2380 551 2437 gnarus.
618 2360 959 2434 Consenti0‚
1006 2360 1109 2420 sed
1154 2380 1294 2420 sane
1339 2380 1408 2419 eo
1451 2361 1584 2424 loco
1628 2365 1766 2436 post
1809 2361 2072 2436 singulas
2098 2362 2467 2435 'nuptiarum
2512 2380 2636 2419 cae-

308 2446 593 2505 rimonias
637 2465 694 2507 v.
729 2447 1067 2504 275—280
1109 2448 1484 2505 enumeratas
1530 2447 1671 2521 poni
1719 2464 1788 2504 eo
1832 2446 2028 2503 minus
2058 2448 2312 2521 poterat,
2358 2446 2638 2520 quoniam

309 2530 603 2608 generalis
659 2530 1000 2606 nuptiarum
1062 2532 1287 2590 mentio
1341 2530 1637 2590 similibus
1695 2530 1893 2590 verbis
1950 2534 2234 2606 concepta
2289 2531 2405 2589 iam
2462 2549 2642 2606 supra

310 2635 366 2676 v.
401 2617 523 2674 274
571 2616 911 2692 legebatur:

513 2812 523 2823 .
610 2724 691 2810 ἦν
733 2730 956 2811 γάμος,
1000 2727 1129 2792 ἀλλ’
1177 2719 1520 2811 ἀχόρευτος·
1570 2733 1675 2809 ἔην
1718 2730 1913 2812 λέχος,
1960 2728 2092 2794 ἀλλ’
2139 2730 2280 2810 ἄτερ
2323 2729 2554 2812 ὕμνων.

308 2851 472 2922 Quae
529 2852 662 2928 ipsa
716 2851 1045 2911 similitudo
1105 2854 1247 2912 satis
1305 2854 1478 2914 docet
1532 2858 1669 2913 ante
1725 2855 1883 2914 hunc
1939 2854 2135 2929 ipsum
2178 2873 2415 2914 versum
2460 2853 2638 2912 etiam

308 2938 478 2996 illum
522 2937 778 2996 alterum
823 2937 916 2996 his
961 2936 1160 2996 verbis
1207 2939 1348 2997 olim
1392 2939 1614 2998 lectum
1659 2940 1871 2999 fuisse:

610 3043 704 3131 ἦν
748 3051 1014 3133 γάμος,
1058 3047 1215 3115 ἀλλ’
1263 3052 1614 3117 ἀπάνευθεν
1658 3051 2020 3134 ἀειδομένων
2063 3051 2406 3134 ὑμεναίων,

307 3175 403 3234 cui
455 3175 685 3235 adiecta
739 3174 1110 3251 epanalepsis
1156 3177 1527 3254 singulorum
1572 3176 2080 3236 enumerationem
2125 3176 2508 3235 introducens
2549 3164 2640 3251 ἦν

306 3253 567 3336 γάμος,
600 3253 750 3317 ἀλλ’
777 3254 1094 3337 ἀχόρευτος
1116 3263 1413 3321 neminem
1432 3261 1735 3321 Nonniani
1763 3261 2050 3320 acuminis
2076 3262 2333 3336 peritum
2358 3260 2637 3318 ostendet.

479 3345 595 3404 Sed
642 3345 759 3403 iam
806 3362 993 3420 paene
1037 3344 1259 3407 inscius
1302 3349 1367 3405 in
1410 3347 1660 3405 alteram
1705 3345 1879 3404 huius
1924 3344 2113 3403 libelli
2143 3350 2375 3420 partem
2407 3344 2636 3418 deveni,

310 3447 428 3503 qua
484 3429 716 3504 aliquot
769 3431 1065 3489 variarum
1111 3431 1434 3491 lectionum
1479 3430 1854 3506 spicilegium
1897 3428 2117 3488 Vestro
2163 3429 2381 3488 iudicio
2426 3447 2637 3504 propo-

306 3531 508 3572 nerem
552 3514 900 3574 brevissime
944 3518 1178 3575 tantum
1221 3516 1615 3575 iudicatarum
1659 3534 1729 3573 ea
1772 3516 1987 3589 mente,
2035 3517 2100 3573 ut
2146 3515 2218 3572 de
2263 3515 2369 3573 hac
2414 3514 2508 3573 vel
2539 3514 2645 3571 illa
2677 3522 2743 3568 20
2845 3511 2850 3512 ⁷

309 3599 649 3657 coniectura
702 3617 931 3658 mecum
989 3601 1364 3676 expostulare
1410 3601 1459 3659 si
1505 3599 1638 3674 quis
1682 3600 1745 3657 in
1792 3599 2133 3657 sectione
2179 3598 2464 3657 critica
2509 3597 2641 3655 aliis

306 3682 756 3757 quaestionibus
811 3683 1227 3745 deficientibus
1287 3703 1500 3760 operae
1555 3685 1817 3758 pretium
1876 3683 2240 3758 putavisset,
2310 3683 2642 3741 sententiae

310 3786 475 3826 meae
531 3771 887 3844 argumenta
940 3787 1211 3829 sermone
1268 3769 1642 3844 explicarem.
1729 3767 1803 3826 In
1855 3767 1965 3826 hac
2009 3768 2196 3842 igitur
2236 3766 2428 3826 libelli
2473 3768 2642 3842 parte

308 3856 625 3927 antequam
670 3853 926 3928 amplius
971 3854 1325 3935 progrediar
1367 3852 1441 3911 ab
1486 3853 1617 3928 ipso
1663 3852 1906 3916 Musaeo
1950 3852 2189 3910 initium
2238 3852 2520 3925 facturus,
2566 3869 2640 3909 ne

309 3937 460 3995 vafri
517 3936 797 3996 causidici
853 3956 1017 3997 more
1070 3938 1286 3997 codicis
1342 3938 1532 3997 nostri
1590 3938 1746 3995 bona
1804 3935 2200 4011 expromendo
2246 3935 2404 3994 mala
2448 3935 2640 3994 occul-

308 4022 492 4081 tando
537 4023 695 4083 iusto
739 4022 950 4081 melius
996 4023 1069 4081 de
1111 4023 1239 4082 eius
1269 4023 1469 4081 indole
1499 4020 1780 4079 iudicium
1817 4021 2227 4095 propinavisse
2254 4019 2477 4094 videar,
2523 4021 2643 4078 iam

307 4103 709 4183 quascumque
754 4107 1021 4167 nondum
1067 4126 1136 4166 ex
1181 4126 1252 4166 eo
1297 4106 1472 4166 attuli
1517 4105 1849 4180 scripturas
1893 4104 2175 4163 adnotare
2219 4105 2418 4180 placet
2447 4103 2643 4163 textui

308 4189 668 4251 Passoviano
721 4192 988 4252 collatas.
1078 4191 1150 4250 In
1206 4192 1422 4268 quibus
1477 4208 1835 4265 quamquam
1892 4187 2071 4263 nihil,
2131 4190 2289 4265 quod
2337 4189 2500 4265 frugi
2541 4189 2640 4265 sit,

309 4276 567 4351 amplius
613 4276 869 4337 inveniri
911 4277 1303 4352 praefandum
1350 4281 1468 4353 est,
1514 4275 1627 4335 boc
1673 4293 1856 4332 unum
1901 4278 2100 4332 tamen
2146 4292 2217 4332 ex
2261 4273 2470 4333 multis
2514 4275 2642 4333 eius

309 4361 610 4420 erroribus
666 4362 949 4437 vitiisque
1003 4362 1363 4438 perspicitur
1418 4379 1554 4420 eum
1601 4377 1719 4419 non
1765 4379 1800 4417 a
1843 4360 2018 4417 docto
2062 4362 2349 4419 nasutove
2394 4358 2639 4418 librario

310 4445 412 4502 sed
457 4465 492 4502 a
535 4445 800 4521 simplice
842 4465 964 4505 non
1008 4447 1187 4507 nimis
1233 4446 1520 4523 diligente
1568 4445 1760 4504 scriba
1806 4445 2110 4502 exaratum
2152 4463 2303 4504 esse.
