3132 5129
1301 349 1821 412 f-118—

421 528 597 569 causa
650 509 931 569 instituta
987 509 1093 583 sit,
1163 497 1469 583 paululum
1536 507 2041 569 addubitaverim.
2130 507 2276 566 Tam
2336 526 2538 582 saepe,
2606 528 2762 584 quae

424 593 725 654 communi
770 612 902 651 cum
948 592 1306 652 Graecorum
1365 595 1496 650 tum
1541 594 1935 653 recentiorum
1981 593 2376 652 admiratione
2420 592 2611 652 adhuc
2655 593 2761 651 flo-

424 683 698 754 ruerunt,
747 681 815 738 ut
857 677 1281 737 absurdissima
1325 678 1541 736 miselli
1598 680 2016 739 versificatoris
2060 677 2337 754 prodigia
2381 677 2759 753 sesquipeda-

424 765 583 823 libus
630 764 829 822 verbis
873 764 1211 822 obruuntur
1251 763 1707 839 lectissimisque
1752 765 2034 825 conviciis
2074 763 2432 822 lacerantur.

597 849 793 908 Pauca
837 868 906 907 ex
952 848 1161 907 multis
1204 848 1387 907 animi
1434 868 1612 908 causa
1654 850 1864 909 afferre
1920 850 2131 926 placet.
2207 848 2301 907 Ita
2344 848 2477 924 quis
2518 866 2638 906 non
2682 848 2762 906 ad

427 935 583 992 hunc
652 953 835 1010 usque
902 934 1054 991 diem
1124 933 1453 992 admiratus
1521 937 1613 992 est
1668 936 2056 995 celeberrima
2115 933 2220 993 illa
2274 935 2397 992 429
2431 952 2553 1008 sq.,
2610 952 2765 1007 quae

299 1062 304 1070 .
425 1020 596 1095 quasi
640 1023 855 1079 natura
897 1019 1029 1094 ipsa
1073 1019 1242 1078 uxori
1288 1019 1539 1078 subiecit
1600 1023 1870 1095 „patrem
1917 1022 2281 1094 matremque
2327 1019 2522 1078 mariti
2568 1019 2768 1094 gratia

430 1103 835 1180 relinquenti“
851 1126 864 1163 ε

667 1219 919 1299 “Εκτορ,
964 1214 1112 1299 ἆτὰρ
1158 1219 1235 1280 σύ
1279 1221 1384 1298 μοί
1422 1219 1563 1280 ἐσσι
1590 1216 1784 1300 πατὴρ
1826 1220 1928 1281 καὶ
1970 1215 2181 1281 πότνια
2224 1218 2415 1299 μήτηρ

687 1301 795 1381 ἠδὲ
841 1306 1228 1385 κασίγνητος,
1274 1305 1350 1365 σύ
1396 1304 1462 1365 δέ
1505 1328 1605 1384 μοι
1647 1305 1903 1385 θαλερὸς
1948 1305 2327 1384 παρακοίτης.

431 1426 654 1484 Verum
711 1426 888 1502 longe
945 1426 1062 1485 alia
1115 1445 1283 1485 mens
1327 1429 1418 1485 est
1472 1430 1677 1486 nostro
1722 1429 1959 1501 critico,
2019 1427 2114 1485 cui
2168 1429 2309 1484 sunt
2364 1427 2477 1484 ista
2522 1459 2602 1467 -
2655 1427 2771 1484 hoc

431 1512 589 1570 enim
636 1511 849 1569 Latine
897 1512 1089 1570 dicere
1132 1530 1252 1570 non
1309 1516 1400 1570 est
1450 1548 1521 1555 —-
1571 1518 1879 1582 „dusserst
1934 1512 2332 1572 sentimenta&
2387 1511 2508 1582 fast
2562 1512 2768 1570 wider-

428 1598 636 1670 wc'in‘iy
667 1591 1023 1655 ‘manierirte
1077 1596 1330 1664 Worte‘ss
1377 1616 1436 1671 p.
1486 1599 1641 1656 3991
1703 1598 1872 1656 Itane
1918 1599 2092 1657 vero!
2138 1596 2335 1656 Aliter
2379 1601 2537 1654 certe
2582 1596 2773 1654 sensit

433 1680 876 1756 Sophocle8‚
925 1682 1029 1757 qui
1074 1685 1276 1740 tamen
1319 1686 1381 1741 et
1425 1681 1683 1741 Graecus
1726 1683 1901 1742 homo
1949 1683 2065 1742 fuit
2108 1685 2169 1741 et
2214 1683 2417 1756 poeta,
2465 1681 2580 1739 nisi
2610 1680 2774 1739 hunc

334 1770 392 1817 11
432 1784 667 1840 quoque
697 1765 772 1824 ab
804 1767 1050 1841 antiqua
1079 1769 1314 1841 patrum
1341 1768 1565 1825 virtute
1596 1787 1838 1843 prorsus
1870 1768 2185 1827 descivisse
2214 1785 2472 1825 accuseS.
2543 1767 2773 1841 Aperte

434 1850 591 1908 enim
640 1882 719 1891 —-
764 1870 871 1911 nec
929 1856 1136 1910 notare
1196 1851 1370 1910 obliti
1426 1855 1568 1910 sunt
1620 1853 1976 1928 interpretes
2032 1885 2112 1896 ——·
2176 1851 2546 1910 Tecmessam
2601 1869 2771 1909 suam

432 1935 678 2078 alte5rffin
711 1935 1195 1995 Andromacham
1229 1936 1371 1996 fecit
1398 1938 1559 1995 inter
1601 1938 1719 1997 alia
1762 1938 1867 1996 has
1911 1938 2126 1996 Aiaci
2172 1955 2375 2012 preces
2419 1936 2771 1994 fundentem

431 2039 489 2078 v.
691 2040 817 2096 sqq.

690 2134 815 2215 ἐμοὶ
859 2137 971 2217 γὰρ
1015 2132 1208 2198 οὐκέτ’
1258 2135 1418 2198 ἐστὶν
1461 2137 1544 2209 εἰς
1591 2135 1624 2197 ὅ
1668 2161 1722 2197 τι
1763 2135 1964 2217 βλέπω

691 2222 849 2301 πλὴν
890 2223 1015 2283 σοῦ.
1096 2222 1172 2283 σὺ
1217 2218 1327 2303 γάρ
1369 2243 1468 2298 μοι
1512 2218 1754 2319 πατρίδ’
1811 2222 2088 2305 ἤστωσας
2133 2222 2294 2302 δορί,

689 2305 791 2366 καὶ
837 2300 1034 2388 μητέρ’
1084 2306 1236 2386 ἄλλη
1278 2313 1456 2387 μοῖρα
1501 2306 1608 2369 τὸν
1651 2306 1930 2382 φυσαντα
1975 2329 2034 2367 τε

695 2398 983 2453 καθεῖλεν
1011 2391 1226 2454 ’Ἅιδου
1270 2393 1650 2470 θανασίμους
1697 2391 2022 2471 οἰκήτορας.

696 2478 781 2551 τίς
827 2472 959 2555 δῆτ’
1007 2476 1130 2556 ἐμοὶ
1171 2472 1388 2559 γένοιτ’
1435 2501 1516 2538 αν
1557 2471 1691 2538 ἀντὶ
1734 2478 1841 2537 σοῦ
1884 2475 2122 2553 πατρίςς

691 2563 776 2637 τίς
820 2566 1095 2637 πλοῦτος
1142 2562 1210 2624 ἐν
1253 2561 1346 2624 σοὶ
1387 2558 1530 2623 πᾶσ’
1581 2561 1762 2644 ἔγωγε
1805 2561 2082 2642 σώζομαι.

608 2687 779 2745 Alios
823 2705 1027 2745 versus
1069 2684 1191 2744 non
1234 2686 1433 2744 minus
1478 2704 1655 2761 saepe
1698 2686 1948 2744 iactatos
1991 2685 2116 2742 447
2149 2703 2270 2759 seq.

692 2779 760 2847 εὖ
803 2809 914 2864 γαρ
959 2783 1071 2891 ἐγὼ
1119 2781 1251 2844 τόδε
1294 2777 1428 2844 οἶδα
1472 2785 1620 2844 κατὰ
1666 2781 1858 2863 φρένα
1903 2781 2002 2843 καὶ
2045 2781 2195 2843 κατα
2242 2781 2473 2861 θυμόν·

694 2868 924 2931 ἔσσεται
967 2874 1154 2949 ἦμαρ,
1200 2866 1289 2930 ὅτ’
1347 2893 1433 2930 αν
1476 2863 1611 2930 ποτ’
1659 2866 1850 2951 ὀλωλῃ
1879 2867 2064 2940 Ἴλιος
2110 2858 2207 2947 ἱρὴ

695 2954 799 3016 καὶ
841 2955 1112 3035 Πρίαμος
1158 2954 1257 3015 καὶ
1301 2954 1442 3027 λαὸς
1489 2953 1779 3033 ἐυμμελίω
1829 2947 2157 3031 Πριάμοιο,

444 3080 593 3136 quos
655 3061 837 3119 etiam
891 3080 928 3119 a
985 3058 1259 3135 Scipione
1311 3059 1576 3119 ardentis
1635 3057 2013 3133 Carthaginis
2068 3057 2259 3116 ruinis
2324 3057 2638 3115 insistente
2705 3076 2779 3115 ex

447 3148 708 3204 nostro
750 3146 919 3204 loco
966 3145 1325 3203 declamatos
1372 3163 1497 3203 esse
1543 3144 1671 3219 ipse
1703 3142 1788 3201 La
1817 3142 2075 3201 Rochius
2117 3162 2176 3218 p.
2211 3143 2332 3202 404
2364 3144 2490 3200 not.
2526 3143 2561 3199 7
2594 3142 2782 3217 probe

441 3230 772 3305 perspexit,
842 3231 917 3288 ab
993 3230 1423 3305 interpolatore
1480 3228 1739 3304 quodam
1794 3246 2074 3303 perversa
2140 3226 2451 3303 diligentia
2506 3226 2570 3284 in
2623 3227 2784 3302 Aga-

444 3315 777 3373 memnonis
822 3315 1075 3391 perfidas
1107 3314 1499 3374 Troianorum
1544 3312 1793 3372 insidias
1823 3312 2181 3371 exsecrantis
2213 3311 2539 3371 orationem
2584 3310 2788 3369 illatos

445 3419 570 3459 esse
597 3404 660 3458 et
690 3419 800 3476 ego
825 3401 888 3458 in
913 3400 1213 3459 dissertat.
1235 3398 1321 3458 IV
1350 3420 1408 3475 p.
1443 3402 1478 3458 6
1512 3418 1596 3474 sq.
1624 3395 1831 3476 [supra
1859 3417 1917 3472 p.
1945 3393 2052 3476 72]
2083 3397 2286 3455 monui
2318 3400 2379 3455 et
2404 3396 2521 3455 iam
2554 3396 2783 3454 dudum

447 3503 697 3561 magnus
742 3485 1048 3554 Bentleius
1105 3484 1495 3543 intellexerat.
1586 3484 1713 3542 Iam
1768 3501 1910 3541 vero
1954 3482 2096 3541 audi
2138 3485 2410 3540 nostrum
2454 3481 2540 3540 ita
2594 3481 2802 3561 inter-t

439 3571 766 3647 'polatori8,
823 3589 998 3645 quem
1044 3571 1173 3644 ipse
1217 3570 1331 3628 sibi
1376 3568 1687 3643 confinxit,
1734 3585 1936 3625 manes
1980 3570 2325 3626 vexantem:
2398 3566 2566 3634 „Der
2605 3568 2785 3624 inter-

445 3657 708 3730 „polator
737 3657 952 3731 yerieth
981 3655 1100 3727 auf
1132 3657 1245 3714 den
1273 3654 1503 3725 einfall,
1549 3655 1663 3713 den
1704 3654 1954 3720 Hektor,
2000 3670 2145 3712 was
2185 3653 2343 3711 sich
2372 3650 2789 3724 jedenfalls

447 3746 574 3812 „in
646 3742 918 3800 diesem
988 3745 1290 3799 moment
1361 3740 1524 3798 sehr
1595 3740 2053 3797 interessant
2137 3738 2287 3795 und
2356 3735 2788 3811 eryreifend

449 3828 799 3897 „machen
839 3831 1139 3893 musste,
1187 3824 1416 3897 Troja’s
1442 3824 1571 3883 med
1599 3820 1872 3882 Priamos
1912 3822 2021 3894 fall
2048 3838 2443 3896 voraussayen
2469 3838 2546 3879 zu
2573 3822 2789 3888 las-sen,

448 3913 633 3982 „oder
676 3911 972 3985 eiyentlich
1016 3911 1107 3969 die
1146 3926 1332 3983 yanze
1373 3910 1525 3968 stelle
1580 3926 1714 3968 aus
1772 3908 1826 3963 Δ
1874 3908 1991 3965 163
2024 3907 2082 3965 ff.
2140 3907 2473 3965 wortlich
2516 3922 2786 3965 αυεβα-

450 3997 911 4066 ,,εσΙινεὶὂεπ,
956 3996 1123 4055 sclbst
1166 3997 1270 4052 mit
1314 3995 1442 4053 dem
1497 4012 1582 4053 an
1623 4011 1862 4053 umeror-
1902 3993 2056 4051 stelle
2096 3992 2267 4066 vo’lliy
2308 3991 2610 4049 simtlosem
2650 4009 2789 4065 γαρ.

448 4127 486 4151 „
502 4082 725 4139 Darem
767 4082 967 4140 dachte
1007 4098 1189 4140 unser
1216 4081 1593 4153 interpolator
1634 4082 1702 4138 in
1731 4080 1834 4137 der
1874 4077 2106 4149 frende,
2152 4078 2324 4136 einen
2362 4093 2426 4135 so
2469 4074 2792 4146 trefflichen

448 4212 486 4236 ,‚
499 4165 1101 4240 ankm'lpfumqspumct
1144 4167 1249 4223 wic
1294 4166 1405 4224 wir
1447 4165 1583 4223 bald
1623 4166 1795 4223 sehon
1836 4163 2091 4230 werden,
2134 4162 2240 4234 febr
2280 4162 2434 4220 scine
2475 4161 2791 4218 sentimen-

453 4253 662 4321 „talen
690 4252 922 4309 tiraden
943 4267 1019 4310 zu
1040 4252 1257 4320 haben,
1292 4249 1520 4321 freilich
1543 4268 1659 4324 yar
1682 4249 1871 4315 nield,
1911 4247 2040 4306 und
2055 4246 2409 4322 ylitcklicher
2436 4246 2602 4304 wei-se
2637 4246 2793 4303 auch

453 4338 626 4406 „sein
662 4336 963 4409 publicum
1006 4338 1194 4403 nicht,
1240 4337 1407 4403 «iasa,
1453 4352 1625 4394 werm
1666 4333 1888 4392 Hcktor
1928 4332 2143 4391 Ilion’s
2185 4332 2313 4391 wnd
2354 4330 2630 4389 Priamus
2670 4328 2786 4400 fall

451 4440 564 4492 „so
624 4422 905 4482 bestimmt
960 4425 1365 4496 voraussayte,
1421 4438 1483 4477 er
1531 4418 1903 4494 yeradenu
1955 4417 2306 4477 verruckt
2353 4432 2613 4491 yewesm
2664 4415 2796 4474 sein
