3132 5129
1325 352 1398 360 -
1490 278 1637 377 εισι
1711 353 1780 360 .-

557 470 639 528 ῙΧ
716 471 850 528 182.

430 552 443 564 “
639 515 719 613 3-—
808 570 1116 649 βλοσυρῶν
1152 565 1465 648 Ἰόβακχον
1507 567 1662 632 ἰδών
1704 566 2015 649 ὀλετῆρα
2059 569 2333 633 λεόντων.

387 691 570 765 Atqui
627 691 827 750 leones
881 709 1000 749 non
1056 692 1336 767 peremit,
1396 691 1496 749 sed
1557 692 1724 752 vivos
1781 693 1889 750 sub
1943 692 2152 769 iugum
2208 694 2433 769 coegit:
2496 694 2617 752 vid.
2665 714 2718 755 v.

392 777 740 835 177—179.
827 775 986 834 Hinc
1041 771 1354 852 ἐλατῆρα
1407 794 1614 835 eorum
1662 777 1954 835 Bacchum
2011 797 2184 835 suum
2229 778 2502 854 Iuppiter
2544 778 2714 854 vidit,
2757 786 2815 833 11

387 864 453 918 ui.
495 858 833 935 πορδαλίων
877 855 989 939 (sic
1034 879 1142 936 pro
1187 857 1535 937 παρδαλίων
1579 860 1988 935 scribendum)
2033 861 2319 938 Ampelus
2363 863 2477 938 XI,
2528 864 2626 923 64.

551 945 705 1004 Ibid.
753 946 878 1005 220
906 965 994 1022 sq.

690 1063 767 1071 —
856 1063 939 1073 —
1026 1064 1110 1074 —-
1194 1022 1415 1088 ἀενάου
1460 1025 1527 1088 δὲ

708 1135 739 1172 20:
824 1112 1002 1192 ταμίη
1045 1107 1317 1192 κόσμοιο,
1362 1119 1532 1175 θεῶν
1574 1108 1991 1193 πρωτοσπόρος
2035 1105 2184 1193 ἀρχὴ

685 1199 1012 1278 παμμήτωρ
1060 1198 1315 1277 Βρομίου
1360 1196 1582 1278 τροφὸς
1628 1197 1845 1259 ἔπλετο.

383 1320 647 1379 Alterius
694 1337 899 1379 versus
944 1319 1017 1378 ab
1063 1320 1232 1378 initio
1279 1319 1573 1378 defectum
1617 1320 1937 1379 infeliciter
1963 1323 2293 1380 resi-aurare
2325 1320 2523 1379 conati
2554 1323 2712 1393 sunt,

381 1404 847 1463 Rhodomannus
900 1392 974 1478 ἦ,
1033 1405 1300 1463 Moserus
1357 1403 1524 1479 νῦν,
1592 1404 1748 1463 haud
1805 1405 1983 1480 paulo
2039 1404 2250 1464 melius
2307 1404 2575 1463 Graefius
2628 1397 2715 1479 σὴ

380 1489 683 1564 addendo,
741 1489 836 1548 hic
890 1489 1128 1565 quidem
1183 1506 1511 1564 provocans
1568 1489 1639 1547 ad
1687 1509 1742 1548 v.
1778 1491 1898 1548 219
1946 1496 2070 1565 σῆς
2116 1522 2195 1530 -
2241 1484 2545 1564 τεκούσης.
2634 1490 2716 1551 Et

380 1575 623 1651 propius
668 1575 843 1633 etiam
889 1574 1116 1632 accedit
1158 1568 1284 1643 σὸς
1330 1572 1540 1648 ταμίης
1589 1567 1883 1643 Διόνυσος
1927 1575 2029 1644 XI,
2070 1575 2209 1633 126.
2287 1573 2402 1633 Sed
2448 1574 2544 1632 bic
2585 1577 2713 1650 qui-

382 1660 514 1717 dem
560 1678 888 1734 pronomen
931 1660 1332 1733 possessivum
1380 1659 1640 1717 alienum
1686 1677 1811 1719 esse
1842 1659 2026 1720 verba
2054 1659 2253 1718 vicina
2283 1659 2516 1735 docent,
2564 1679 2714 1735 quae

379 1742 710 1819 πανταμίη
751 1744 1123 1819 apertissime
1169 1744 1283 1802 sibi
1325 1744 1653 1819 postulant.

547 1830 629 1903 X,
677 1829 821 1971 ἳαοὶ
850 1908 1029 1971 τόσον
1069 1904 1423 1991 ἀμφοτέρων
1464 1904 1839 1989 ἀπελείπετο,
1882 1908 2102 1989 μέσσον
2145 1907 2382 1990 ὁρίζων
2425 1946 2506 1956 —-

270 2014 287 2027 ⁸
380 2033 566 2108 Male,
628 2034 846 2108 quippe
903 2034 1111 2091 contra
1152 2032 1352 2091 Nonni
1400 2051 1668 2091 severam
1712 2051 1916 2092 versus
1962 2032 2275 2091 claudendi
2320 2031 2711 2107 disciplinam,

377 2110 608 2193 ὁρίζον
652 2117 892 2192 scripsit
938 2115 1222 2176 Graefius.
1282 2117 1486 2176 Potius
1531 2114 1723 2187 τόσος
1770 2117 2204 2176 emendandum
2249 2120 2392 2191 erat,
2440 2117 2477 2174 i.
2505 2136 2556 2179 e.
2602 2115 2713 2192 χῶ-

379 2222 501 2279 ρος,
548 2203 706 2277 quod
750 2201 1053 2261 commode
1100 2221 1168 2259 ex
1215 2203 1603 2277 sequentibus
1648 2202 1998 2278 adsumitur,
2045 2202 2121 2260 ad
2166 2201 2559 2260 imitationem
2593 2202 2712 2260 Ho-

377 2289 520 2346 meri
574 2289 643 2344 Ψ
684 2288 1014 2345 760-763
1060 2286 1385 2361 expressis:

682 2398 957 2464 ὁππόσον
1001 2399 1333 2462 ἵστοπόνοιο
1377 2399 1583 2462 κανών
1625 2402 1772 2479 πρὸς
1818 2392 2035 2481 στήθεϊ
2072 2395 2292 2481 κούρης

678 2486 1060 2567 μεσσοφανὴς
1103 2487 1240 2566 λάχε
1284 2495 1498 2569 χῶρον,
1542 2481 1802 2566 α’καμπέι
1845 2486 2078 2568 γείτονα
2123 2487 2307 2571 μαζῷ.

552 2610 650 2685 xl,
699 2610 776 2668 54
809 2628 897 2685 sq.

668 2706 976 2769 ’Ἀλλοτε
1020 2705 1325 2778 κυκλώσας
1369 2706 1675 2786 παλάμας,
1720 2704 1822 2768 ἅτε
1866 2702 2082 2786 κύματι
2124 2702 2399 2786 κάμνων,

684 2789 1003 2876 ὖγροπόρῳ
1048 2788 1406 2873 ταχύγουνος
1454 2790 1720 2864 ἑκούσιος
1768 2791 1970 2854 α’)’πασε
2017 2792 2211 2870 νίκην.

378 2914 735 2975 Certaminis
780 2915 1063 2975 natatorii
1107 2935 1228 2974 non
1272 2933 1462 2994 novae
1495 2915 1816 2989 machinae,
1864 2914 1969 2974 sed
1999 2913 2252 2973 victoria
2283 2912 2442 2973 ultro
2473 2915 2711 2973 tandem

377 3021 413 3058 a
456 2999 689 3059 Baccho
735 3018 1016 3059 concessa
1060 2999 1433 3059 describitur.
1523 3000 1711 3075 Hinc,
1770 3001 1885 3059 nisi
1932 2999 2138 3058 subest
2180 2999 2420 3075 lacuna,
2469 2993 2711 3058 εἰσόκε

376 3103 481 3159 pro
525 3080 779 3143 ἄλλοτε
825 3085 1219 3145 scribendum.

546 3170 702 3229 Ibid.
754 3172 894 3229 123.

685 3270 874 3330 Ποῖον
917 3267 1065 3347 ἔχεις
1110 3267 1279 3330 τόδε
1324 3269 1516 3348 δῶρον
1559 3263 1667 3327 ἀπ’
1718 3262 2043 3345 εὖθύρσοιο
2087 3266 2363 3341 Λυαίου;

378 3390 586 3451 Potius
632 3391 780 3449 nihil
833 3392 1073 3450 omnino
1120 3390 1259 3450 doni
1303 3411 1340 3449 a
1382 3390 1611 3449 Baccho
1646 3389 1966 3464 Ampelum
2011 3387 2220 3447 tulisse
2262 3360 2713 3465 indignabunda

378 3475 493 3535 Ate
540 3478 845 3535 memorat.
934 3475 1092 3535 Hinc
1137 3479 1312 3533 ποῖον
1356 3471 1502 3551 ἔχεις
1543 3469 1724 3532 ποτὲ
1771 3470 1965 3550 δῶρον
2009 3473 2203 3531 dicere
2248 3472 2522 3532 debebat.

446 3611 451 3616 .
543 3561 698 3620 Ibid.
747 3562 872 3620 290
901 3580 1032 3637 sqq.

687 3658 864 3720 Τίπτε
909 3681 1009 3737 μοι
1054 3654 1166 3720 οὐκ
1209 3655 1520 3739 ἀγόρευες,
1565 3655 1728 3730 ὅπως
1773 3653 1893 3717 ἀπὸ
1935 3655 2195 3735 γείτονος
2227 3647 2390 3732 ’Ίδης

681 3742 905 3805 ἐνθάδε
952 3744 1165 3823 δίφρον
1207 3740 1441 3821 ἄγοιμι,
1497 3741 1599 3803 καὶ
1643 3736 1891 3822 ἀρχαίης
1935 3736 2055 3802 ἀπὸ
2102 3738 2398 3819 φάτνης

685 3823 915 3905 Τρώιον
958 3830 1041 3902 εἰς
1088 3826 1154 3889 σὲ
1198 3828 1439 3906 κόμιζον
1485 3826 1861 3907 ἐπουρανίων
1902 3822 2073 3906 γένος
2119 3824 2342 3885 ἵππων.

379 3949 680 4018 Quaenam
715 3950 807 4010 vis
839 3969 1124 4025 equorum
1154 3969 1342 4026 genus
1375 3949 1734 4008 nobilitandi
1766 3950 1826 4006 in
1855 3945 2390 4022 praesepibus?
2451 3945 2578 4003 Aut
2607 3965 2713 4004 cur

377 4035 619 4092 tandem
663 4054 950 4109 equorum
997 4051 1104 4110 pro
1129 4034 1476 4110 Ganymede
1522 4034 1793 4092 datorum
1838 4032 2154 4108 progenies
2198 4050 2232 4087 a
2246 4032 2408 4105 ntiq
2424 4050 2458 4088 u
2479 4031 2540 4090 is
2586 4031 2711 4088 alli-

378 4121 517 4194 gata
548 4119 731 4177 fuerit
755 4120 1141 4195 praesepibus
1154 4120 1183 4178 P
1229 4120 1320 4177 Ne
1346 4119 1553 4193 multa,
1588 4138 1628 4195 g
1645 4137 1675 4175 e
1688 4137 1725 4176 n
1742 4138 1778 4174 u
1795 4135 1823 4176 s
1856 4117 2011 4174 dixit
2029 4115 2340 4191 antiquum
2360 4135 2373 4172 ε
2407 4136 2454 4189 φ
2471 4110 2510 4172 ύ
2522 4117 2648 4191 τλη
2663 4135 2708 4184 ς.

544 4204 968 4331 ΧΠῖ-Ι-43-ῗ-ᾳ.
1022 4321 1100 4330 -
1189 4281 1466 4365 άκαμπέα
1512 4281 1574 4344 δ’
1625 4276 1794 4363 εὗρε
1841 4279 2178 4344 τελέσσαι

679 4369 779 4443 σὸς
824 4367 959 4450 γόος
1003 4367 1291 4451 άτρέπτου
1335 4365 1726 4450 παλινάγρετα
1773 4366 2006 4445 νήματα
2057 4367 2316 4447 Μοίρης.

2559 4901 2606 5006 ,³⁵
