3132 5129
1412 405 1477 416 --
1577 367 1871 431 388-

727 517 875 584 ἇλλᾶ
918 519 1345 603 παρατρέψασα
1388 514 1582 598 βολήν
1623 516 2041 600 βητάρμονι
2085 524 2358 602 παλμῷ.

472 625 684 703 XLVI,
738 629 855 685 187
883 646 972 702 sq.

1133 746 1207 756 -
1256 705 1680 787 βητάρμονι
1723 711 1978 812 παλμῴ

727 792 1036 872 κύμβαχος
1080 789 1341 872 ἠερόθεν
1383 787 1800 870 κεκνλισμένος
1845 789 2022 872 ἤριπε
2071 786 2374 862 Πενθεύς.

471 896 731 973 XLVII,
781 898 903 956 225
949 897 1023 956 de
1066 897 1327 973 Erigone
1368 897 1582 972 laqueo
1627 913 1943 971 suspensa:

724 993 1093 1076 ἀμφοτέρους
1138 992 1425 1056 δονέουσα
1466 994 1660 1066 πόδας
1703 995 1744 1072 β
1757 1016 1796 1072 η
1810 985 1890 1053 tn}
1902 1016 1988 1074 ρμ
2000 1016 2033 1055 ο
2047 1017 2083 1052 ν
2095 1017 2118 1053 ι
2158 1014 2205 1053 π
2217 1017 2256 1052 α
2270 998 2302 1054 λ
2317 1017 2357 1071 μ
2373 1000 2448 1077 (ῥ’.

476 1099 785 1158 Praeterea
829 1099 1033 1158 eadem
1078 1099 1331 1174 locutio,
1378 1098 1560 1158 variis
1607 1099 1678 1157 de
1707 1098 1884 1157 rebus
1915 1101 2226 1174 usurpata,
2273 1096 2366 1156 his
2410 1096 2553 1156 loeis
2581 1095 2809 1156 inveni·

473 1188 604 1242 tur:
668 1182 790 1260 ΠΙ,
840 1186 940 1246 67.
988 1183 1101 1260 VI,
1152 1184 1294 1245 148.
1341 1183 1487 1257 XII,
1540 1184 1679 1242 147.
1728 1184 1871 1242 350.
1916 1180 2151 1260 XVIII,
2201 1182 2342 1242 140.
2388 1174 2615 1256 XLIII,
2664 1181 2808 1244 310.

472 1267 654 1345 XLV,
702 1269 825 1328 275
872 1271 936 1328 et
981 1268 1122 1328 344.
1170 1301 1253 1312 —
1298 1266 1555 1329 Omnino
1589 1286 1701 1327 vox
1745 1264 2032 1342 παλμός
2077 1269 2237 1327 inter
2280 1285 2378 1326 eas
2423 1267 2546 1341 est,
2597 1265 2810 1342 quibus

470 1354 549 1413 N.
594 1354 717 1413 fere
762 1353 982 1430 ubique
1030 1357 1090 1412 et
1134 1354 1207 1412 de
1248 1353 1519 1429 qualibet
1560 1371 1626 1412 re
1669 1371 1812 1412 usus
1858 1357 1978 1429 est,
2034 1351 2635 1428 frequentissimeque
2678 1369 2809 1410 ver-

472 1458 645 1497 suum
713 1438 890 1497 finem
958 1437 1236 1513 explevit.
1346 1436 1437 1496 cf.
1483 1436 1588 1512 IV,
1637 1439 1776 1497 379.
1851 1437 2077 1512 XXIX,
2137 1437 2280 1496 220.
2353 1435 2543 1510 XXX,
2599 1436 2659 1494 4.
2707 1437 2808 1494 82.

472 1521 784 1597 XXXVII,
833 1523 975 1582 256.
1036 1523 1179 1580 626.
1240 1522 1379 1581 646.
1432 1521 1601 1597 XLI,
1649 1525 1706 1581 8.
1760 1523 1900 1584 191.
1959 1521 2185 1596 XLIII,
2235 1522 2377 1581 337.
2434 1519 2617 1596 XLV,
2665 1521 2807 1579 3⁵20.

472 1606 687 1682 XLVI,
737 1608 878 1667 184.
924 1605 1199 1682 XLVIII,
1251 1609 1389 1681 165,
1435 1607 1499 1666 in
1544 1606 1762 1682 quibus
1807 1607 1954 1667 locis
1998 1607 2274 1666 omnibus
2320 1605 2556 1665 dativus
2600 1606 2811 1685 παλμῷ

472 1691 683 1750 ultimo
729 1691 880 1765 pede
924 1692 1155 1766 positus
1198 1691 1525 1750 invenitur.

642 1774 862 1850 XXIII,
897 1776 973 1833 21
1008 1793 1138 1852 sqq.
1171 1775 1243 1834 de
1272 1775 1534 1851 Baccho,
1581 1775 1762 1836 Indos
1809 1775 2108 1853 fugientes
2151 1777 2214 1836 iu
2247 1776 2589 1852 Hydaspem
2621 1793 2806 1850 usque

472 1863 896 1935 persequente:

1284 1978 1363 1988 -
1410 1942 1465 2005 εί
1504 1939 1573 2002 δέ
1615 1965 1704 2015 τις
1739 1939 1951 2004 Ἰνδῶν

726 2021 1033 2105 ἡμιφανὴς
1076 2024 1413 2106 πολέμιξεν,
1460 2023 1556 2088 ἐπ’
1605 2024 1724 2090 ἰλύι
1769 2025 1997 2126 ταρσὸν
2032 2025 2290 2107 ἐρείσας,

724 2110 955 2216 θύρσῳ
984 2117 1214 2192 στῆθος
1260 2110 1487 2187 ἔτυψεν
1526 2136 1565 2190 η
1611 2109 1872 2190 αὐχένα,
1915 2109 2151 2190 κύματα
2195 2111 2425 2191 τέμνων

726 2194 1100 2279 δυομένῳ·
1147 2197 1390 2275 βυθίων
1430 2195 1543 2277 γὰρ
1592 2194 1866 2257 ἐπίστατο
1908 2193 2131 2258 κόλπον
2175 2194 2460 2258 ἐναύλων.

472 2317 567 2376 Ita.
608 2336 682 2376 ex
724 2319 1065 2377 coniectura
1107 2318 1344 2393 scripsit
1386 2316 1684 2394 Graeflus,
1744 2337 1876 2378 cum
1920 2318 2074 2377 male
2119 2317 2180 2376 in
2223 2318 2486 2392 antiquis
2531 2317 2808 2376 editioni·

474 2401 586 2462 bus
614 2401 950 2479 legeretur:
1000 2399 1342 2478 δυομένων
1384 2401 1626 2479 βυθίων
1655 2395 1767 2481 γὰρ
1799 2406 1912 2462 etc.
1991 2403 2106 2462 Sed
2136 2402 2400 2462 nondum
2431 2404 2577 2478 puto
2610 2402 2808 2461 locum

474 2489 747 2546 sanatum
804 2506 931 2547 esse
986 2489 1183 2563 posito
1241 2483 1541 2569 δυομένῳ,
1594 2489 1757 2563 quod
1813 2489 1860 2547 si
1906 2488 2164 2547 refertur
2215 2487 2289 2546 ad
2343 2486 2560 2545 Indum
2580 2531 2595 2562 ,
2654 2486 2810 2545 male

474 2572 658 2631 habet
698 2572 837 2648 hoc,
883 2573 1043 2649 quod
1089 2577 1149 2633 et
1190 2572 1252 2631 in
1298 2572 1416 2631 fine
1459 2574 1634 2649 plane
1681 2574 1938 2633 otiosum
1981 2574 2268 2647 adicitur,
2315 2578 2376 2632 et
2419 2572 2494 2631 ab
2525 2590 2594 2631 eo
2626 2591 2809 2631 mem-

476 2656 617 2730 bro,
665 2674 781 2732 quo
827 2658 1105 2732 pertinet,
1151 2677 1258 2734 per
1301 2658 1407 2716 illa
1436 2659 1618 2718 verba.
1655 2650 1887 2735 κύματα
1917 2652 2146 2734 τέμνων
2175 2660 2380 2733 aperte
2408 2656 2482 2716 ad
2513 2656 2810 2715 Bacchum

473 2702 789 2799 refeienda
818 2742 1065 2800 moleste
1096 2742 1423 2802 divellitur.
1486 2743 1737 2803 Accedit
1765 2743 1955 2819 quod,
2001 2744 2053 2802 si
2082 2743 2265 2802 verba
2292 2744 2528 2801 tantum
2561 2746 2808 2818 spectes,

474 2825 677 2899 potius
734 2842 866 2883 cum
918 2818 1133 2907 θύρσῳ
1188 2825 1430 2885 videtur
1494 2827 1644 2886 illud
1711 2828 2070 2887 adjectivum
2126 2827 2607 2902 coniungendum
2663 2845 2812 2901 esse,

477 2909 636 2984 quod
693 2907 824 2967 fieri
878 2912 1104 2986 nequit.
1194 2910 1351 2969 Nam
1410 2911 1459 2969 si
1512 2910 1648 2971 Indi
1697 2912 1945 2971 dimidia
1997 2912 2262 2986 corporis
2306 2914 2478 2986 parte
2521 2930 2593 2970 ex
2636 2910 2812 2969 undis

476 2994 791 3052 eminentis
835 2997 1043 3069 pectus
1086 2994 1292 3071 thyrso
1336 2998 1701 3072 percutitur,
1760 2997 2004 3072 thyrsus
2059 2996 2304 3055 minime
2349 3014 2536 3072 aquae
2579 2996 2810 3054 immer-

474 3076 664 3155 gitur,
732 3078 834 3136 sed
902 3097 1080 3155 super
1145 3081 1269 3139 eius
1324 3080 1699 3155 superficiem
1755 3081 2072 3140 emittitur.
2170 3080 2378 3177 Itaque
2434 3080 2811 3140 scribendum

476 3179 716 3221 censeo.
761 3154 993 3237 κύματα
1039 3158 1269 3237 τέμνων
1304 3160 1315 3242 Ι
1357 3160 1710 3241 δυόμενος,
1755 3165 1840 3224 ita
1885 3169 1951 3225 ut
1992 3165 2136 3224 haec
2179 3166 2379 3224 omnia
2406 3166 2480 3224 ad
2511 3164 2810 3225 Bacchum

474 3246 834 3390 refemssngr’
849 3249 984 3391 5(ἑοὶ
1026 3249 1090 3307 in
1134 3250 1323 3307 undas
1366 3268 1430 3309 se
1474 3250 1807 3329 immergit,
1854 3268 2068 3327 easque
2111 3250 2306 3309 nando
2352 3254 2526 3309 secat.

719 3352 740 3389 1
787 3380 801 3394 .
952 3350 1043 3409 sq.

727 3429 827 3491 καὶ
871 3427 1050 3509 ταχὺς
1094 3424 1430 3509 αὖτοφόνον
1474 3434 1835 3514 μιμούμενος
1874 3430 2106 3495 Ἰνδὸν
2143 3428 2456 3515 Ὀρόντης
2501 3438 2612 3495 ete.

477 3550 604 3610 Sibi
652 3570 858 3611 manus
902 3552 1030 3629 ipse
1074 3553 1359 3614 intulerat
1390 3554 1676 3631 Orontes,
1723 3561 1792 3614 ut
1834 3560 2114 3615 narratur
2139 3554 2332 3631 XVII,
2368 3556 2489 3615 287
2515 3574 2644 3631 sqq.
2689 3554 2809 3613 Ita-

478 3654 593 3711 que
636 3636 695 3695 h.
728 3637 768 3699 l.
814 3638 876 3695 id
921 3642 1153 3697 tantum
1213 3640 1329 3699 dici
1386 3641 1614 3716 potuit,
1669 3642 1852 3702 alium
1905 3659 2142 3717 quoque
2187 3640 2430 3700 Orontis
2474 3641 2810 3715 exemplum

476 3721 775 3780 imitatum
817 3740 963 3782 esse.
1053 3722 1487 3800 Corrigendum
1542 3726 1756 3802 igitur:
1811 3722 2174 3803 μιμούμενος
2215 3718 2434 3797 Ἰνδὸς
2471 3718 2807 3804 Ὀρόντην.

475 3805 778 3865 Posterius
833 3807 1078 3882 quidem
1143 3808 1261 3867 iam
1323 3808 1662 3870 emendavit
1717 3809 1984 3869 Graefius
2037 3810 2099 3869 in
2151 3810 2338 3886 praef.
2385 3831 2443 3883 p.
2475 3809 2636 3885 XIV,
2705 3810 2809 3869 sed

476 3891 733 3949 alterum
789 3910 1023 3968 quoque
1078 3894 1299 3952 mutari
1357 3894 1630 3958 debebat.
1717 3894 1872 3953 Nam
1930 3894 2215 3955 Orontem
2258 3892 2477 3954 Indum
2534 3914 2690 3970 esse,
2747 3894 2810 3953 id

477 3976 590 4032 iam
639 3974 865 4035 dudum
921 3977 1170 4053 scimus;
1228 3980 1432 4038 contra
1487 3974 1670 4054 ταχύς
1717 3980 1830 4039 sibi
1875 3979 2144 4055 postulat
2186 3982 2291 4039 aut
2334 3981 2807 4054 substantivum,

482 4062 586 4118 aut
626 4078 953 4135 pronomen
972 4108 986 4137 ,
1033 4063 1106 4120 ad
1153 4064 1309 4139 quod
1353 4064 1662 4123 referatur.

647 4143 802 4205 Ibid.
854 4148 976 4207 160
999 4165 1113 4224 sq.,
1158 4148 1261 4206 ubi
1310 4146 1519 4209 Bacchi
1569 4150 1859 4209 exercitus
1891 4148 2238 4226 Hydaspem
2281 4148 2529 4209 fluvium
2575 4148 2808 4225 transit,

477 4226 617 4286 haec
661 4228 976 4305 leguntur.

733 4328 1009 4405 Σειληνοὶ
1053 4327 1117 4391 δὲ
1158 4329 1426 4411 γέροντες
1471 4330 1877 4395 ἐναυτίλλοντο
1919 4330 2296 4439 θαλάσσῃ,

730 4411 831 4473 και
877 4414 1015 4475 ποσὶ
1058 4414 1157 4474 καὶ
1204 4412 1549 4501 παλαμῃσιν
1585 4415 2018 4499 ἐρετμωσαντες
2055 4396 2374 4498 Ὑδάσπην.
