3132 5129
1301 286 1672 349 -8-

321 450 643 509 tenderunt
685 447 1125 507 Baeumleinius
1171 449 1235 505 et
1276 445 1809 522 NaegelsbachiuS,
1874 446 1962 505 ita
2006 448 2526 523 impugnavimus,
2590 452 2662 507 ut

321 534 618 593 neminem
664 534 801 605 iam,
850 533 950 608 qui
983 534 1107 591 eius
1139 531 1541 590 defensionem
1573 530 1870 605 suscipiat,
1905 532 2031 589 fore
2060 535 2267 592 nostro
2296 534 2424 591 iure
2466 552 2661 607 spere-

323 639 480 692 mus,
538 619 817 677 alacriore
876 618 1072 676 animo
1127 617 1201 674 ad
1259 620 1480 675 ceteras
1524 617 1726 690 partes
1783 616 2126 675 iudicandas
2172 617 2449 693 progredi
2498 618 2658 676 licet.

493 706 581 762 Ac
639 704 897 779 primum
954 702 1197 777 quidem
1243 720 1420 776 quam
1464 719 1675 775 parum
1721 702 1963 759 omnino
2010 701 2476 777 Agamemnonis
2522 721 2661 762 con-

323 790 525 849 veniat
581 789 808 859 anim0,
868 786 1231 846 Graecorum
1287 785 1607 844 exercitum
1663 787 1922 857 tentare,
1993 788 2112 844 iam
2170 786 2312 845 olim
2370 787 2510 845 dixi.
2597 788 2661 846 Is

324 875 502 947 enim,
568 875 671 949 qui
727 871 903 931 modo
950 904 1031 913 —
1078 872 1127 930 si
1185 890 1320 929 cum
1377 870 1736 929 adversariis
1783 871 1857 929 ad
1913 871 2131 929 librum
2177 872 2434 947 primum
2478 872 2663 947 respi-

327 961 607 1018 cimus—
633 957 883 1016 Achillis
917 956 1423 1015 animadversione
1454 955 1690 1030 insigne
1727 957 2032 1029 potentiae
2065 958 2397 1032 exemplum
2427 959 2662 1015 nemine

326 1045 639 1103 resistente
683 1042 1039 1101 exercuisset
1083 1071 1163 1080 -—
1211 1042 1271 1097 A
1320 1041 1438 1098 186
1474 1059 1560 1115 sq.
1610 1072 1692 1081 —-
1736 1045 1796 1099 et
1838 1060 1972 1100 cum
2018 1045 2244 1100 ceteros
2291 1043 2419 1099 tum
2466 1043 2662 1117 ipsum

328 1130 531 1188 Iovem
563 1148 598 1186 a
628 1128 752 1186 suis
783 1126 1057 1202 partibus
1087 1129 1245 1185 stare
1275 1144 1623 1199 persuasum
1647 1124 1760 1183 sibi
1791 1126 2132 1185 haberet—
2158 1126 2300 1187 ibid.
2323 1129 2438 1184 174
2455 1146 2542 1202 sq.
2565 1161 2661 1197 —,

327 1232 484 1272 nunc
549 1212 737 1288 magis
805 1212 985 1271 etiam
1050 1210 1326 1270 vincendi
1392 1228 1495 1284 spe
1550 1210 1770 1285 elatus,
1840 1230 1974 1269 cum
2039 1211 2202 1270 Iovis
2277 1213 2519 1270 hortatu
2599 1215 2663 1271 et

328 1299 622 1375 promisso
668 1297 858 1356 fretus
911 1296 1024 1355 hoc
1060 1297 1191 1371 ipso
1233 1295 1328 1354 die
1374 1325 1449 1337 —-
1494 1315 1551 1353 v.
1598 1296 1676 1352 37
1711 1314 1797 1371 sq.
1849 1327 1926 1336 —-
1975 1296 2211 1354 Troiam
2257 1316 2320 1355 se
2363 1315 2663 1373 expugna-

328 1389 531 1442 turum
576 1385 858 1458 speraret,
908 1380 1203 1455 quomodo
1246 1379 1489 1438 tandem
1535 1379 1700 1436 aliud
1747 1380 1890 1454 quid
1934 1381 2143 1456 facere,
2190 1381 2239 1439 si
2284 1380 2522 1456 quidem
2567 1382 2662 1441 sui

331 1468 541 1527 similis
595 1470 891 1537 maneret,
952 1468 1055 1523 aut
1110 1468 1343 1540 poterat
1398 1468 1502 1522 aut
1554 1464 1834 1537 debebat,
1898 1485 2077 1541 quam
2133 1470 2202 1524 ut
2266 1466 2448 1524 allata
2504 1467 2662 1525 Iovis

234 1561 292 1607 11
326 1552 677 1611 auctoritate
708 1551 1026 1609 exercitum
1060 1569 1226 1608 arma
1270 1568 1478 1624 parare
1521 1549 1755 1608 iuberet
1798 1550 1870 1607 ad
1915 1552 2307 1609 certissimam
2351 1552 2668 1610 victoriam

331 1634 794 1712 reportandam?
868 1634 1080 1710 Neque
1139 1638 1243 1693 aut
1300 1634 1581 1708 antiquos
1636 1638 1741 1692 aut
1791 1636 2150 1694 recentiores
2206 1635 2442 1694 criticos
2508 1637 2671 1711 fugit

330 1723 589 1781 alienum
634 1739 762 1779 esse
806 1721 1049 1778 omnino
1082 1720 1142 1777 id
1175 1719 1446 1777 tentandi
1478 1719 1808 1793 periculum
1838 1721 1911 1778 ab
1944 1720 2410 1797 Agamemnonis
2440 1722 2667 1779 animo,

333 1826 517 1883 quare
540 1806 735 1865 varias
756 1805 1247 1879 excogitaverunt
1273 1804 1590 1876 machinas,
1619 1806 1836 1878 quibus
1860 1824 1987 1863 eam
2009 1824 2132 1863 rem
2160 1806 2672 1864 autdefenderent

334 1900 438 1950 aut
463 1892 828 1952 excusarent
888 1889 1056 1947 Unus
1082 1889 1322 1965 quidem
1350 1888 1597 1946 candide
1620 1889 1958 1964 profitetur:
1991 1886 2212 1964 ἄλογον
2242 1885 2306 1947 τὸ
2335 1882 2666 1967 πειράζειν·

334 1976 387 2036 εἰ
384 1973 522 2070 γὰρ
551 1968 778 2051 ἑτέρως,
803 1969 1003 2047 ω’σπερ
1030 1970 1130 2031 καὶ
1155 1968 1402 2065 ἐγένετο,
1420 1968 1484 2030 τὸ
1516 1975 1754 2048 πληθος
1788 1970 2049 2050 ἔνευσεν,
2079 1968 2407 2032 ἅπώλετο“
2366 1997 2446 2032 αν
2473 1970 2670 2032 πάντα

334 2051 401 2119 τοὶ
445 2053 779 2137 πράγματα,
824 2062 1024 2117 tamen
1056 2062 1117 2116 et
1133 2059 1273 2156 ipse
1302 2046 1480 2116 λύσιν
1509 2058 1681 2116 affert
1709 2060 1874 2131 hanc,
1918 2063 2160 2135 propter
2192 2060 2439 2118 Achillis
2470 2060 2663 2118 defec-

334 2148 558 2206 tionem
582 2152 641 2202 et
666 2146 955 2202 exercitus
984 2143 1379 2218 suspicionem
1404 2143 1607 2202 utilem
1634 2143 1817 2201 fuisse
1840 2164 1967 2202 eam
1989 2146 2404 2203 tentationem.
2456 2144 2673 2204 Omnia

334 2229 781 2306 comprehendit
810 2228 1047 2303 longior
1080 2227 1277 2287 Schol
1300 2226 1450 2287 Ven.
1477 2228 1524 2285 B
1550 2227 1880 2301 adnotatio,
1911 2248 2063 2305 quae
2088 2229 2431 2289 Aristotelis
2453 2230 2675 2288 dicitur

337 2315 466 2392 [sed
501 2315 576 2373 cf.
616 2314 798 2371 Dind.
840 2312 1102 2370 V01.111
1136 2333 1195 2386 p.
1237 2307 1379 2391 91],
1439 2312 1597 2371 unde
1653 2314 1970 2387 potissima
2012 2317 2245 2373 tantum
2292 2315 2672 2389 exscripsisse

337 2400 587 2460 sufficit:
657 2395 812 2468 εἰκὸς
870 2391 936 2455 δὲ
995 2394 1093 2455 καὶ
1147 2393 1210 2453 ἐκ
1265 2400 1473 2473 λοιμοῦ
1515 2393 1966 2474 πεπονημένους
2025 2395 2126 2456 καὶ
2182 2405 2263 2479 τῷ
2328 2392 2502 2474 μήκει
2565 2406 2674 2457 τοῦ

334 2482 550 2587 χρόνου
591 2477 1087 2558 ἇπαυδήσαντας,
1140 2477 1242 2539 καὶ
1271 2482 1371 2538 τοῦ
1413 2475 1718 2557 Ἀχιλλέως
1763 2481 1903 2558 μετὰ
1949 2490 2053 2561 τῆς
2098 2459 2316 2553 οἰκείας
2361 2480 2672 2559 δυνάμεως

336 2562 710 2638 ἀποστάντος
747 2567 877 2642 (sed
923 2587 1029 2627 nec
1074 2568 1259 2644 pestis
1303 2587 1411 2626 nec
1444 2568 1696 2627 Achillis
1741 2570 1865 2628 ulla
1909 2571 1971 2628 in
2016 2574 2144 2629 tota
2189 2570 2464 2628 contione
2507 2571 2674 2629 inici-

336 2660 435 2714 tur
479 2653 763 2726 mentio),
819 2672 917 2709 και
974 2645 1161 2709 αὐτοῦ
1215 2646 1610 2727 ἀφαιρεῖσθαι
1667 2648 1733 2711 ἐν
1788 2662 1858 2735 τῇ
1905 2650 2184 2733 ἐκκλησίᾳ
2229 2649 2340 2730 τὴν
2389 2652 2674 2731 Βρισηίδα

336 2736 602 2816 λέγοντος
668 2737 752 2807 εἰς
817 2734 1013 2812 φόβον
1079 2742 1198 2793 τῶν
1239 2732 1438 2794 α’λλων
1482 2734 1741 2818 ,,στυγε’·ῃ
1785 2737 1852 2796 δὲ
1915 2736 2016 2797 καὶ
2070 2735 2247 2836 α’λλος
2300 2736 2309 2817 Ι
2361 2729 2490 2797 ἶσον
2547 2736 2676 2813 ἐμοὶ

339 2822 578 2898 φάσθαι
622 2820 720 2880 καὶ
775 2816 1221 2897 ὁμοιωθήμεναι
1264 2817 1464 2879 ἆ’ντα“
1511 2823 1783 2898 (propter
1826 2825 1887 2883 id
1934 2825 2126 2900 ipsum
2173 2825 2288 2881 iam
2335 2829 2673 2900 exspectan-

341 2910 481 2967 dum
527 2911 654 2967 erat
698 2909 995 2966 neminem
1042 2908 1093 2964 ei
1143 2906 1218 2964 ad
1262 2926 1525 2982 pugnam
1572 2910 1808 2967 vocanti
1855 2909 2305 2968 adversaturum
2352 2908 2526 2985 esse),
2574 2906 2677 2968 καὶ

338 2991 613 3071 θορύβου
659 3014 718 3051 τε
764 2988 828 3049 ἐκ
874 2998 975 3067 τῆς
1022 2987 1466 3063 ἑξαναστοὶσεως
1512 2997 1618 3050 τοῦ
1656 2983 1956 3096 Ἀχιλλέως
2000 2990 2308 3071 γεγονότος
2355 2989 2456 3071 (de
2501 3014 2569 3052 ea
2612 3015 2675 3053 re

340 3081 529 3138 altum
586 3083 679 3136 est
735 3077 890 3153 apud
947 3081 1182 3152 poetam
1242 3075 1590 3152 silentium),
1634 3073 1714 3153 μὴ
1775 3072 1967 3148 εὐθὺς
2012 3081 2380 3155 παρακαλεῖν
2424 3074 2522 3137 ἐπὶ
2567 3076 2677 3153 τὴν

343 3161 565 3236 ἔξοδον,
622 3154 767 3218 ἀλλὰ
825 3164 1189 3237 πειραθῆναι
1231 3156 1582 3239 ἡγήσασθαι
1638 3160 1769 3220 δεῖν
1820 3163 1873 3221 εἰ
1915 3158 2105 3233 οὕτως
2164 3160 2398 3239 ἔχουσιν
2442 3162 2673 3268 (verum

341 3249 727 3307 antecedente
774 3247 868 3304 die
914 3247 1183 3321 fugituro
1228 3247 1448 3305 Achilli
1494 3253 1855 3322 opposuerat
1899 3249 2076 3308 alios:
2134 3241 2278 3325 πάρ’
2341 3244 2530 3325 ἔμοιγε
2574 3246 2675 3306 καὶ

340 3325 534 3407 αλλοι,
574 3331 583 3399 Ι
622 3328 689 3388 οῖ’
724 3326 790 3389 κέ
834 3350 903 3405 με
950 3323 1305 3433 τιμήσουσι).
1398 3331 1450 3389 εἰ
1503 3329 1617 3409 γὰρ
1673 3327 1825 3390 α’νευ
1881 3331 2086 3409 πείρας
2131 3334 2405 3407 πολεμεῖν
2451 3328 2676 3392 ἐκέλευε

345 3413 479 3487 τοὺς
540 3437 695 3474 ουτω
751 3411 1159 3490 διακειμένους
1207 3416 1309 3493 (de
1353 3436 1470 3492 qua
1512 3418 1755 3491 quidem
1800 3419 2090 3477 exercitus
2135 3419 2483 3477 condicione
2527 3419 2678 3476 nihil

344 3503 587 3561 omnino
632 3496 901 3578 legitur),
972 3496 1199 3578 συνέβη
1259 3497 1323 3559 δὲ
1379 3495 1683 3559 ἀντειπεῖν
1739 3522 1903 3572 τινας
1962 3500 2087 3578 (qui
2134 3521 2274 3561 vero
2320 3503 2678 3563 contradice-

343 3583 571 3664 rent?)‚
640 3579 976 3643 ἀνάστατον
1030 3581 1252 3662 ἐγίνετο
1308 3582 1371 3644 τὸ
1423 3592 1549 3644 πᾶν
1605 3582 1776 3663 ἔργον
1818 3584 1918 3644 καὶ
1972 3578 2370 3658 ἐπανάστασις
2428 3585 2678 3646 πάντων

346 3668 564 3752 (οιιι-Ῥ).
656 3669 888 3730 Similia
955 3671 1203 3745 partim,
1273 3673 1489 3746 partim
1557 3673 1673 3730 alia
1734 3672 2219 3749 excogitaverunt
2282 3674 2675 3732 recentiores:

344 3760 883 3832 Agamemnonem,
932 3775 1001 3814 ex
1046 3775 1161 3830 quo
1207 3775 1339 3814 cum
1387 3757 1619 3815 Achille
1663 3759 1889 3816 rixatus
1937 3760 2122 3827 esset,
2168 3762 2367 3816 mente
2412 3777 2676 3817 occaeca-

346 3847 475 3901 tum
530 3862 684 3912 esse,
744 3839 902 3916 quod
957 3842 1083 3915 ipse
1142 3841 1360 3900 inscius
1418 3841 1512 3899 hic
1568 3862 1625 3900 v.
1679 3845 1819 3913 111,
1866 3843 2082 3901 diserte
2127 3843 2169 3900 1
2219 3842 2335 3899 115
2368 3863 2454 3918 sq.
2501 3842 2677 3918 profi-

346 3930 561 3997 teatur,
607 3925 971 3984 Baeumlein.
1019 3947 1076 4000 p.
1109 3928 1223 3985 331
1277 3926 1542 4001 monuit3
1592 3928 1758 4002 quasi
1805 3927 1932 4002 ipso
1979 3931 2156 4001 poeta
2199 3931 2460 3987 testante
2506 3948 2563 3985 v.
2597 3931 2674 3985 37

349 4018 437 4087 φῆ
480 4032 592 4088 γαρ
637 4006 670 4068 ό
716 4005 773 4087 γ’
823 4004 1093 4088 αἱρήσειν
1125 4008 1402 4088 Πριαμου
1432 4008 1611 4069 πόλιν
1638 4008 1818 4088 ἤματι
1862 4009 2040 4091 κείνῳ
2080 4008 2090 4086 Ι
2130 4009 2375 4088 νήπιος,
2421 4005 2563 4070 ουδὲ
2608 4008 2675 4070 τὰ

346 4094 466 4177 ἤδη
510 4092 550 4152 ἔὶ
596 4093 669 4172 ῥα
704 4090 854 4164 Ζεύς
899 4092 1115 4171 μήδετο
1161 4092 1296 4173 ἔργα
1340 4116 1462 4156 non
1492 4097 1660 4155 furor
1705 4097 1805 4154 ille
1849 4098 2214 4156 constitisset
2255 4098 2318 4155 in
2348 4098 2692 4156 certissima·

351 4182 423 4239 de
468 4181 579 4240 Ilio
635 4173 906 4257 αὐτῆμαρ
962 4183 1354 4258 expugnando
1411 4183 1813 4258 persuasione,
1886 4182 1979 4239 cui
2037 4183 2404 4257 persuasioni
2451 4183 2680 4241 fervida

351 4266 424 4323 ad
470 4266 695 4324 bellum
738 4265 1097 4340 gerendum,
1146 4286 1266 4326 non
1311 4268 1594 4326 simulata
1639 4267 1709 4324 ad
1757 4267 1958 4342 fugam
2005 4267 2422 4343 capessendam
2467 4268 2677 4326 adhor-

350 4351 500 4409 tatio
546 4352 716 4409 unice
764 4351 1059 4413 convenit.
1152 4352 1346 4411 Aliam
1406 4354 1559 4412 viam
1607 4351 2002 4410 Hoffmannus
2045 4353 2183 4411 iniit
2222 4372 2284 4427 p.
2335 4355 2487 4425 201,
2546 4371 2678 4411 cum
