3132 5129
1313 373 1772 436 —125-

363 533 718 603 notaretur,
778 531 830 588 ei
890 549 1060 590 suum
1108 548 1438 589 sermonem
1486 533 1886 605 opponentem
1931 531 2074 589 fecit
2117 531 2508 606 interpolator
2550 532 2708 590 Pari·

365 615 508 673 dem
555 617 674 674 361
724 615 938 674 iisdem
985 615 1212 688 verbis,
1260 615 1480 690 quibus
1525 615 1749 674 Hector
1791 616 1946 674 infra
1988 616 2180 674 utitur
2228 615 2281 673 Θ
2315 617 2437 674 525

626 737 875 808 μῦθος
921 727 1012 807 δ’,
1058 727 1122 800 ὃς
1164 728 1279 809 μὲν
1323 741 1439 792 νῦν
1481 728 1689 811 ὑγιής,
1736 729 2036 810 εἰρημένος
2082 731 2259 792 ἔστω·

627 809 732 875 τὸν
776 813 833 876 δ’
882 813 1032 894 ἠοῦς
1083 812 1413 896 Τρώεσσι
1454 815 1624 895 μεθ’
1673 815 2125 895 ἱπποδάμοις
2170 811 2582 898 ἀγορεύσω,

367 939 546 997 initio
592 937 725 997 aliis
771 956 841 995 ex
886 937 1034 996 locis
1077 929 1307 1014 αὐτὰρ
1352 933 1488 1038 ἐγώ
1535 939 1635 997 vix
1679 939 1823 997 satis
1869 941 2007 1014 apte
2050 940 2457 1014 praemittens.

545 1023 686 1080 363.
736 1020 829 1080 Cf.
877 1021 936 1077 X
982 1022 1100 1080 115
1133 1041 1263 1097 sqq.
1321 1020 1517 1080 πάντα
1585 1012 1775 1098 μάλ’,
1840 1017 2019 1080 οσσα
2086 1017 2140 1078 τ’
2209 1018 2584 1101 Ἀλέξανδρος
2630 1056 2710 1066 -

371 1102 743 1184 ijyoiysto
778 1137 851 1149 --
894 1112 904 1174 Ι
941 1101 1277 1181 δωσέμεν
1323 1140 1398 1149 -
1445 1103 1572 1180 ἅμα
1603 1102 1662 1165 δ’
1703 1140 1774 1149 -
1819 1104 1827 1184 Ι
1866 1102 2016 1165 ἄλλ’
2072 1101 2538 1184 ’ποδασσεσθαι,
2581 1112 2708 1167 tum

369 1193 434 1248 N
482 1195 604 1251 378
657 1189 915 1266 δοῖμεν
975 1223 1045 1232 -
1089 1191 1097 1264 Ι
1133 1184 1432 1270 ’Ἄργεος
1487 1188 2023 1270 ἐξαγαγόντεςς
2069 1212 2242 1269 saepe
2288 1194 2465 1252 etiam
2523 1197 2590 1251 ut
2648 1195 2709 1252 in

367 1281 582 1352 quarta
624 1296 832 1336 versus
875 1276 1012 1336 sede
1053 1271 1296 1354 ’Ἀργεος
1351 1277 1603 1354 legitur,
1662 1279 1746 1336 ita
1801 1271 2081 1353 ἡμέτερον
2137 1276 2226 1335 δοῖ
2270 1279 2535 1337 iunctum
2585 1281 2709 1353 qui-

370 1364 508 1419 dem
554 1381 786 1436 semper
831 1381 962 1419 cum
1009 1362 1368 1421 veniendi
1413 1362 1598 1422 verbo
1645 1364 1966 1478 clausulam
2016 1363 2213 1438 explet
2260 1365 2318 1418 Σ
2343 1364 2465 1421 385
2499 1360 2703 1442 (424).

369 1469 409 1503 α
448 1450 586 1505 176.
632 1445 672 1522 β
705 1447 848 1507 262.
896 1443 929 1500 δ
967 1448 1104 1504 139.
1151 1468 1197 1504 ω
1236 1449 1372 1504 115.

543 1533 685 1589 364.
734 1529 823 1589 Cf.
862 1532 918 1586 A
957 1532 1070 1589 116
1103 1527 1336 1589 ἐθέλω
1380 1525 1691 1607 δόμεναι
1723 1537 1782 1591 et
1808 1534 1876 1588 Ψ
1900 1533 2021 1590 558
2055 1526 2234 1612 (592)
2267 1553 2357 1608 sq.
2390 1530 2710 1590 οἴκοθεν

378 1613 547 1673 ἄλλο
598 1648 666 1658 —-
716 1611 1086 1673 ἐπιδοῦναι.

548 1702 783 1759 365-
701 1727 783 1748 =
817 1701 959 1774 354,
1007 1701 1107 1759 ubi
1156 1701 1275 1759 vid.
1321 1705 1544 1761 notam.

547 1787 667 1844 366
699 1811 781 1833 --
815 1785 876 1841 X
903 1787 1025 1844 352
1073 1782 1274 1864 (alibi)
1308 1786 1386 1864 -Ι-
1417 1809 1454 1864 γ
1484 1788 1627 1846 409.

546 1872 666 1929 367
699 1896 780 1919 ==
815 1871 957 1929 326.

543 1956 665 2014 368
697 1975 787 2030 sq.
822 1981 902 2003 ==
936 1957 1058 2014 348
1091 1975 1177 2030 sq.
1237 1955 1504 2014 Ieiunam
1550 1957 1761 2013 horum
1809 1975 2086 2016 versuum
2133 1958 2545 2033 repetitionem
2592 1959 2710 2016 iam

367 2040 637 2115 antiquis
682 2039 903 2099 criticis
947 2040 1197 2100 offensui
1243 2041 1425 2100 fuisse
1471 2041 1695 2099 diserta
1740 2042 1912 2100 docet
1957 2043 2306 2102 scholiastae
2338 2045 2397 2099 A
2440 2044 2707 2102 notatio·

369 2121 439 2183 ἐν
481 2121 655 2204 ἄλλῳ.
742 2114 906 2182 οὗτοι
959 2123 1022 2183 οἱ
1069 2122 1253 2200 στίχοι
1311 2129 1536 2183 κεῖνται
1582 2121 1870 2200 ,,κε’κλυτε’
1919 2159 1987 2167 —
2040 2123 2324 2185 κελεύειῦὗ.
2411 2128 2494 2186 Et
2537 2129 2708 2186 omit-

369 2214 514 2269 tunt
556 2228 658 2269 eos
702 2208 851 2268 Ven.
884 2214 947 2268 et
975 2209 1233 2269 vindob.
1267 2211 1477 2270 XLIX.

543 2296 689 2353 370
699 2314 788 2370 sq.
835 2295 1205 2370 ineptissime
1261 2314 1334 2354 ex
1383 2299 1440 2351 Σ
1477 2297 1599 2354 298
1631 2316 1756 2372 sq.,
1804 2297 1903 2355 ubi
1950 2297 2522 2373 opportunissimum
2569 2316 2707 2356 con-

367 2381 569 2439 tinent
613 2379 886 2439 Hectoris
929 2379 1003 2437 ad
1047 2379 1337 2440 Troianos
1383 2381 1493 2440 sub
1539 2380 1637 2440 dio
1684 2381 2063 2441 excubituros
2108 2382 2423 2457 imperium

627 2521 767 2575 νῦν
806 2510 940 2591 μὲν
984 2512 1267 2594 δόρπον
1310 2513 1579 2576 ἕλεσθε
1623 2513 1807 2575 κατὰ
1851 2513 2101 2596 στρατὸν
2144 2512 2213 2575 ἐν
2255 2513 2509 2576 τελέεσσι

625 2596 746 2657 καὶ
797 2604 1132 2677 φυλακῆς
1175 2600 1570 2679 μνήσασθε
1615 2600 1734 2661 καὶ
1778 2597 2189 2680 ἐγρήγορθε
2235 2598 2579 2676 ἕκαστος,

367 2738 466 2796 hio
508 2736 572 2795 in
617 2736 839 2796 Priami
885 2738 1135 2797 abusum
1180 2738 1396 2798 detorti
1440 2742 1612 2814 sunt,
1670 2740 1997 2799 substituto
2043 2759 2151 2815 pro
2195 2740 2487 2814 clausula,
2552 2757 2706 2814 quae

369 2823 466 2881 hic
520 2822 757 2897 quidem
817 2823 960 2881 ferri
1004 2823 1171 2883 nullo
1217 2824 1391 2883 modo
1435 2826 1665 2899 potuit,
1723 2818 1805 2894 ὥς
1864 2821 1928 2882 τὸ
1981 2819 2169 2902 πάρος
2213 2844 2323 2901 περ
2367 2843 2439 2883 ex
2484 2824 2540 2880 E
2583 2825 2704 2882 806
2738 2836 2769 2883 8

372 2905 575 2985 (alibi)
622 2910 683 2966 et
725 2908 1038 2966 notissimo
1095 2904 1243 2965 κατὰ
1303 2906 1571 2967 πτόλιν
1613 2910 1905 2968 exereitus
1950 2910 2097 2969 loco,
2190 2910 2558 2984 Quamquam
2603 2908 2705 2967 alii

368 2992 469 3051 hic
532 3010 765 3067 quoque
829 2988 980 3049 κατὰ
1045 2989 1365 3070 στρατόν
1439 2994 1813 3053 retinuerunt
1879 2994 2200 3054 scholiasta
2264 2998 2326 3053 et
2392 2994 2706 3053 Eustathio

372 3076 651 3137 testibus.

542 3161 684 3220 372.
733 3160 979 3237 Saepius
1011 3165 1072 3220 et
1110 3156 1320 3238 ἠῶθεν
1361 3168 1648 3239 sequente
1693 3164 1872 3223 eundi
1915 3163 2101 3223 verbo
2132 3163 2305 3223 initio
2338 3161 2433 3239 (ut
2465 3166 2527 3220 A
2553 3159 2706 3237 555)

368 3249 436 3305 et
477 3243 583 3304 ἴτω
628 3246 690 3304 in
735 3246 927 3307 medio
971 3266 1148 3307 versu
1193 3243 1291 3327 (ut
1342 3246 1575 3325 Y355)
1622 3252 1683 3307 et
1733 3246 1937 3319 κοίλας
1995 3244 2090 3307 ἐπὶ
2148 3255 2298 3325 νῆας
2356 3247 2452 3324 (ut
2496 3249 2551 3304 Ε
2597 3242 2704 3326 26)

375 3332 436 3390 in
481 3331 598 3390 fine
641 3330 944 3390 habemus.

542 3417 664 3474 373
695 3442 778 3464 --
809 3436 840 3473 τ
871 3418 991 3474 222
1024 3414 1105 3493 -Ι-
1142 3417 1331 3477 Ρ249
1380 3414 1472 3496 (et
1514 3418 1674 3476 infra
1717 3415 1893 3495 470).

542 3584 664 3643 375
697 3604 784 3660 sq.
853 3584 941 3644 Cf.
975 3583 1013 3643 δ
1054 3587 1173 3645 681
1221 3606 1351 3662 sqq.
1439 3586 1627 3662 κῆρυξ
1669 3619 1750 3630 -—-
1790 3577 1877 3664 {³
1837 3609 1875 3663 η
1922 3585 2307 3679 εἰπέμεναι
2352 3619 2433 3630 —-
2472 3581 2484 3665 Ι
2522 3583 2707 3664 ἔργων

367 3666 851 3744 παύσασθαι,
911 3677 1036 3729 tum
1084 3670 1148 3727 Ω
1189 3673 1267 3730 75
1315 3671 1473 3747 (coll.
1523 3669 1672 3747 744)
1719 3669 1869 3729 εἴπω
1925 3691 2242 3730 πυκινον
2298 3667 2499 3746 ἔπος,
2558 3691 2705 3746 quae

369 3755 503 3831 ipsa
531 3755 753 3814 locutio
785 3754 862 3814 ab
892 3756 1162 3815 hocloco
1193 3755 1492 3815 abhorret.
1566 3756 1694 3815 Nec
1741 3756 1932 3815 multo
1977 3756 2190 3816 melius
2232 3777 2297 3813 αι
2345 3750 2404 3812 κ’
2455 3752 2705 3813 ἐθέλωσι

368 3859 440 3898 ex
501 3840 540 3897 Ι
595 3841 717 3899 255
774 3840 890 3898 huc
947 3841 1309 3899 traductum.
1401 3840 1798 3917 Sequentibus
1860 3843 2127 3917 proxime
2192 3841 2420 3901 accedit
2477 3841 2539 3897 N
2583 3842 2705 3898 535

368 3918 575 4003 ἐξῆγεν
615 3920 961 4000 πολέμοιο
1004 3919 1403 4000 δυσηχέος,
1450 3917 1614 4003 ὄφρ’
1666 3918 1827 3984 ἵκεθ’
1876 3923 2118 3995 ἵππους.

540 4012 661 4070 377
695 4028 783 4084 sq.
829 4004 1080 4087 ὕστερον
1113 4042 1186 4051 -
1226 4006 1398 4085 νίκην
1421 4036 1502 4059 =
1526 4012 1644 4070 291
1675 4031 1767 4087 sq.
1842 4011 2103 4086 „Asinus
2135 4010 2407 4070 asinum“
2453 4010 2703 4086 spoliat!

539 4096 662 4154 379
695 4119 779 4142 ==
815 4094 850 4151 Ι
880 4096 957 4154 79
1003 4094 1165 4153 alibi.
1255 4169 1268 4174 ”

539 4180 668 4238 380
695 4205 778 4227 ==
812 4179 872 4234 Σ
896 4180 1037 4255 298,
1086 4180 1186 4256 qui
1232 4179 1411 4238 etiam
1456 4181 1520 4238 in
1565 4184 1629 4237 A
1665 4183 1790 4240 730
1832 4181 2094 4254 transiit,
2141 4180 2237 4239 hie
2281 4180 2523 4256 quidem
2570 4200 2701 4239 cum

369 4264 545 4339 plane
600 4265 743 4324 ferri
800 4267 1061 4339 nequeat
1103 4285 1137 4323 a
1179 4265 1609 4324 recentioribus
1663 4267 1937 4326 sublatus
1995 4269 2106 4324 est.
2197 4265 2421 4324 Nostro
2467 4266 2705 4324 homine

371 4349 523 4407 hand
573 4348 854 4425 indignus
897 4348 1157 4409 videtur.

539 4436 683 4493 381.
732 4431 868 4492 vid.
916 4434 993 4493 ad
1038 4435 1182 4493 372.
