3132 5129
1273 350 1735 413 —341—

335 507 566 583 Ulixes,
612 507 756 583 quid
802 507 1034 568 consilii
1088 507 1320 584 agitent
1366 507 1648 581 Troiani,
1708 509 2139 584 exploraturus.
2215 510 2298 568 Et
2349 510 2420 569 de
2467 511 2672 570 eadem

332 613 397 652 re
443 593 739 653 Homerus
784 590 822 650 ὃ
874 592 995 653 249
1042 587 1262 651 κατέδυ
1312 586 1584 671 Τρώων
1636 586 1843 651 πόλιν*
1904 592 1962 651 οἳ
2006 588 2066 649 δ’
2115 588 2432 670 ἀβάκησαν
2468 595 2478 672 Ι
2517 592 2671 653 πάν-

332 696 446 748 τες.
521 678 646 737 Nec
689 678 887 737 minus
932 681 1095 737 recte
1141 677 1214 738 de
1258 676 1499 738 Graecis
1544 681 1724 739 noctu
1759 679 1999 739 Troiam
2044 680 2464 741 invadentibus
2510 681 2668 756 apud

333 761 401 834 Q.
448 762 614 838 XIII,
665 765 744 823 70
776 782 864 839 sq.
914 763 1168 839 legitur:

585 876 669 951 ὥς
713 874 832 959 οἵγ’
881 875 1116 958 αὖίαχοι
1167 877 1436 957 Τρώων
1480 876 1648 939 ποτὶ
1692 877 1886 940 ἄστυ
1927 878 2164 959 νέοντο,

584 963 805 1037 πάντες
846 960 1236 1046 ἀριστήεσσιν
1275 960 1637 1045 ἄρηγέμεναι
1678 974 1999 1044 μεμαῶτες.

331 1086 487 1145 Nam
549 1086 781 1145 animus
837 1085 1194 1145 Graecorum
1251 1087 1529 1165 Troianis
1597 1087 1866 1146 infensus
1922 1087 2221 1163 innuitur,
2290 1107 2408 1164 quo
2465 1089 2669 1149 hostes

331 1170 746 1230 acerbissimos
790 1170 1085 1231 trucidare
1126 1172 1485 1250 gestiebant.
1561 1172 1835 1248 Apparet
1864 1173 1973 1232 hoc
2019 1193 2089 1231 ex
2132 1194 2227 1249 ea,
2273 1194 2423 1249 quae
2467 1175 2667 1233 statim

330 1255 631 1331 sequitur,
679 1257 1138 1332 comparatione.

501 1340 574 1400 In
619 1360 688 1399 ea
731 1342 1031 1417 oratione,
1078 1362 1196 1417 qua
1225 1341 1604 1402 Penthesilea
1635 1342 1928 1402 Achillem
1973 1346 2035 1402 et
2065 1343 2307 1403 Aiacem
2351 1362 2460 1404 sua
2488 1364 2668 1402 manu

330 1427 710 1486 occubituros
754 1425 1089 1503 praedicat,
1136 1447 1192 1486 v.
1243 1427 1365 1486 556
1398 1446 1484 1503 sq.
1534 1427 1858 1503 legendum
1902 1428 2190 1488 arbitror:

584 1576 670 1586 -
754 1577 837 1587 —
926 1578 1004 1586 —
1094 1539 1456 1622 ἕλαφροτὲρη
1499 1541 1565 1604 δὲ
1610 1543 1827 1620 μύθοιο

586 1625 812 1687 ἔσσεται
855 1628 1242 1705 ἱπποδάμοισι
1288 1623 1450 1688 τότε
1499 1625 1804 1707 Τρωεσσιν
1845 1621 2025 1702 ὀιζύς.

330 1749 532 1826 Vulgo
579 1750 736 1808 enim
781 1751 938 1824 quod
971 1750 1160 1809 fertur
1189 1737 1364 1823 μετὰ
1402 1746 1729 1827 Τρωεσσιν,
1778 1770 2133 1827 quamquam
2164 1750 2225 1809 id
2258 1752 2459 1827 aliquo
2490 1754 2666 1812 modo

330 1835 568 1894 defendi
637 1852 811 1910 posse
868 1836 1133 1911 videtur,
1192 1836 1435 1910 languet
1490 1840 1692 1896 tamen
1746 1854 2107 1911 magnopere
2153 1855 2293 1911 prae
2350 1855 2450 1912 ee,
2508 1839 2667 1913 quod

328 1920 588 1994 reposui.
673 1918 1031 1980 Distinctius
1081 1922 1259 1979 etiam
1313 1923 1598 1996 temporis
1660 1922 1967 1981 notionem
2021 1921 2191 1980 effert
2247 1921 2542 1981 Homerus
2596 1942 2664 1982 eo

330 2005 494 2081 loce,
542 2023 718 2081 quem
770 2008 839 2077 Q.
885 2005 1154 2065 imitatus
1201 2008 1320 2080 est,
1367 2006 1439 2081 X,
1488 2007 1610 2065 287
1644 2025 1732 2081 sq.

584 2123 694 2182 καί
731 2145 837 2183 κεν
881 2117 1268 2201 ἐλαφρότερος
1311 2121 1562 2197 πόλεμος
1614 2120 1873 2195 Τρώεσσι
1917 2120 2149 2199 γένοιτο
2166 2166 2183 2200 ,

583 2214 746 2269 σεῖο
788 2206 1423 2286 καταφθιμένοιο,

498 2328 721 2389 Iudicio
765 2329 893 2388 Tuo
937 2327 1381 2387 memorabilem
1425 2346 1694 2404 propono
1753 2329 2099 2405 lectionem,
2158 2347 2310 2404 quae
2364 2332 2559 2389 exstat
2602 2351 2659 2390 v.

330 2412 450 2473 587
497 2413 559 2473 in
604 2413 735 2474 cod.
786 2414 1044 2473 Monam:
1091 2413 1354 2473 Achilles
1401 2414 1666 2471 minatur
1708 2413 2142 2473 Penthesileae:

580 2567 662 2577 -
707 2567 790 2577 --
834 2566 915 2576 -
963 2531 1136 2603 τίσεις
1180 2527 1242 2591 δὲ
1287 2522 1475 2592 κακὸν
1516 2524 1736 2611 μόρον,
1783 2522 1912 2591 εὖτ’
1963 2527 2027 2591 ἐν
2070 2527 2273 2610 ορεσσι

582 2610 806 2696 κεμμᾶς
851 2609 1335 2696 ὁμαρτήσασα
1389 2616 1754 2698 βοοδμητῆρι
1800 2615 2008 2677 λέοντι.

325 2739 397 2799 In
439 2739 580 2798 Ald.
639 2734 1019 2814 ἐπαντήσασα
1084 2739 1333 2815 legitur,
1403 2739 1557 2797 unde
1612 2732 1929 2812 ἆπαιτήσ.
1985 2739 2275 2798 fecerunt.
2378 2738 2660 2809 Quamvis

328 2843 438 2883 vox
491 2817 809 2902 ὁμαρτεῖν,
866 2823 1159 2899 siquidem
1211 2842 1282 2882 eo
1339 2823 1466 2882 loco
1523 2824 1898 2884 restituenda
1953 2827 2073 2899 est,
2134 2825 2309 2900 plane
2370 2823 2659 2900 singulari

324 2909 520 2984 posita
564 2910 644 2968 sit
688 2909 1152 2986 significatione,
1212 2909 1410 2968 nescio
1456 2912 1656 2966 tamen
1700 2928 1774 2966 an
1820 2910 1871 2966 ei
1916 2909 2139 2984 aliquid
2202 2909 2454 2967 subsidii
2500 2927 2656 2967 acce-

324 2994 430 3051 dat
480 3013 552 3052 ex
606 2995 735 3053 loco
794 2994 1112 3053 Homerico
1174 2993 1292 3051 iam
1346 2995 1649 3052 veteribus
1708 2993 1929 3052 criticis
1984 2995 2206 3053 iactato
2263 2994 2414 3071 (vid.
2480 2995 2655 3052 etiam

325 3078 642 3141 Phavorin.
690 3100 752 3154 p.
805 3079 968 3138 1354
1016 3081 1160 3136 extr.
1209 3078 1299 3138 ed.
1344 3075 1558 3151 Basil.)
1608 3078 1671 3135 N
1714 3079 1839 3137 584
1872 3098 1960 3154 sq.

579 3193 657 3254 τώ
703 3193 763 3255 δ’
809 3191 912 3274 ἄρ’
963 3189 1423 3299 ὃμαρτήτην,
1470 3190 1502 3254 ὃ
1544 3191 1655 3273 μὲν
1701 3193 1883 3298 ἔγχεϊ
1903 3190 2168 3268 ὀξυόεντι

577 3276 690 3341 ἵετ’
737 3277 1114 3358 ἀκοντίσσαι,
1162 3271 1195 3337 ὃ
1242 3275 1300 3336 δ’
1348 3270 1469 3339 &nd
1517 3280 1811 3358 νευρῆφιν
1856 3274 2059 3365 ὀιστῷ.

275 3402 411 3459 ·lbi
459 3402 617 3460 enim
648 3422 1030 3494 quamquam
1087 3405 1247 3461 recte
1300 3402 1428 3461 sine
1484 3400 1666 3460 dubio
1723 3402 2129 3499 metaphrasta
2185 3420 2389 3461 vocem
2449 3395 2654 3479 ὁμαρτ.

319 3488 594 3561 exposuit
637 3477 785 3563 ὁμοῦ
831 3484 1182 3564 ἑπαφῆκαν,
1229 3493 1429 3545 tamen
1472 3487 1650 3544 etiam
1684 3486 1949 3562 fuerunt,
1999 3489 2101 3563 qui
2131 3488 2378 3546 eandem
2423 3508 2460 3562 η
2497 3481 2660 3560 ὁμου

327 3566 362 3645 ἢ
405 3566 542 3627 κατ’
589 3563 858 3648 αλλήλων
903 3567 1174 3648 ἐγένοντο
1231 3574 1628 3646 exponerent,
1686 3571 1804 3629 nisi
1846 3571 2004 3630 haud
2063 3572 2240 3631 dubie
2298 3574 2427 3647 ipsa
2486 3573 2651 3632 verbi

323 3656 550 3732 origine
599 3677 716 3732 qua
757 3658 997 3734 proprie
1040 3657 1126 3715 nil
1169 3657 1287 3716 nisi
1328 3658 1667 3731 coaptandi
1713 3662 1837 3715 arte
1891 3674 2011 3717 sese
2053 3659 2445 3732 coniunyendi
2491 3657 2650 3717 vide-

325 3741 498 3799 batur
539 3742 818 3802 habuisse
848 3743 1172 3804 notionem.
1252 3740 1369 3799 Sed
1414 3742 1501 3800 nil
1544 3759 1654 3818 ego
1684 3742 1830 3800 cer'ti
1862 3743 2247 3816 pronuntiare
2279 3741 2491 3801 audeo:
2541 3742 2650 3818 Tu,

323 3826 370 3884 si
416 3826 738 3902 placuerit,
785 3828 965 3887 altius
1011 3847 1137 3886 eam
1183 3845 1307 3885 rem
1353 3825 1686 3902 indagabiS.
1745 3857 1828 3868 —
1884 3826 1954 3884 In
2001 3826 2101 3900 iis,
2148 3845 2300 3901 quae
2343 3847 2398 3889 v,
2448 3830 2655 3887 601—

323 3913 442 3968 609
501 3911 573 3969 de
631 3911 1000 3972 dubitatione
1058 3912 1400 3969 vulneratae
1458 3910 1866 3969 Penthesileae
1922 3917 2266 3985 narrantur,
2323 3912 2438 3970 duo
2495 3915 2652 3986 sunt,

321 4014 473 4070 quae
519 4015 612 4054 me
659 3997 978 4056 offendant.
1061 3997 1326 4054 Primum
1358 3995 1517 4071 quod
1547 4015 1605 4054 v.
1641 3996 1761 4054 602
1807 3998 2004 4067 μεῖναι
2048 3991 2464 4068 ἐπεσσυμένοιο
2497 3998 2655 4054 θοοῦ

313 4074 579 4155 Ἀχιλῆος
647 4075 840 4158 ἐρωήν
904 4085 1114 4141 contra
1181 4079 1501 4157 Epicorum
1570 4080 2059 4139 consuetudinem
2118 4081 2370 4139 Achillis
2436 4100 2652 4139 nomen

321 4165 553 4225 duobus
598 4167 878 4241 epithetis
923 4170 1231 4240 oneratur,
1281 4166 1406 4224 sine
1437 4164 1735 4223 adiectivo
1768 4164 1971 4222 addita
2014 4184 2155 4224 voce
2201 4159 2416 4240 ἐρωήν.
2478 4166 2653 4224 Prae-

319 4249 556 4308 tulerim
605 4251 791 4326 igitur
846 4241 1033 4326 θοὴν
1085 4244 1169 4308 Ἀ.
1216 4241 1464 4341 ἐρωήν,
1493 4249 1554 4308 id
1611 4249 1769 4344 quod
1826 4251 2209 4309 immutatum
2266 4256 2387 4325 est,
2449 4250 2522 4310 ab
2581 4251 2653 4310 iis

320 4334 414 4393 vel
458 4335 834 4411 nolentibus,
881 4337 979 4412 qui
1013 4336 1310 4395 Achillem
1355 4325 1504 4393 θοόν
1536 4335 1632 4392 vel
1663 4323 1830 4392 ὠκύν
1846 4353 2031 4437 saepe
2074 4336 2363 4411 legerant.
2426 4336 2651 4395 Deinde

323 4419 481 4495 quod
529 4421 749 4496 legitur
792 4441 847 4480 v,
897 4422 1016 4480 604
1048 4440 1135 4497 sq.
1186 4415 1560 4495 ὑποσχέσθαι
1604 4415 1671 4478 δέ
1715 4418 1780 4476 οἷ
1819 4438 1962 4477 ωκα
2004 4423 2012 4495 Ι
2052 4417 2331 4496 χαλκὸν
2372 4413 2504 4491 αλις
2550 4441 2650 4477 και

2702 3589 2801 3639 704
