3132 5129
1285 433 1360 443 —-
1451 397 1746 460 255—

332 553 814 627 celebraverunt,
874 572 1000 612 rem
1059 571 1321 628 unquam
1377 555 1556 612 aliter
1610 555 1988 630 interpretati
2043 556 2202 613 sunt.
2289 552 2418 623 Quo
2476 556 2666 631 magis

331 641 553 697 mirum
620 641 740 713 est,
806 638 964 713 quod
1031 639 1191 714 ipsos
1247 638 1552 698 Heliconis
1618 640 1849 698 accolas
1916 659 1985 697 ex
2055 639 2275 698 tradita
2333 640 2667 716 antiquitus

329 726 614 799 opinione
661 723 1069 799 Theogoniam
1098 724 1359 782 Hesiodo
1403 724 1775 783 abiudicasse
1819 726 2051 784 constat
2094 744 2164 782 ex
2197 725 2669 784 luculentissimo

327 810 433 867 illo
480 809 809 868 Pausaniae
852 808 1193 867 testimonio
1239 808 1344 881 IX,
1392 810 1492 883 31,
1539 817 1574 863 4
1621 810 1896 868 Βοιωτων
1950 804 2016 867 δὲ
2071 808 2134 867 οἱ
2180 807 2314 886 περὶ
2370 804 2479 867 τὸν
2516 798 2664 867 Ἑλι-

328 901 499 951 κοῖνα
532 892 833 963 οἰκοῦντες
862 890 1424 970 παρειλημμένα
1471 884 1652 975 δόξῃ
1695 890 2053 972 λέγουσιν
2094 887 2189 964 ὥς
2233 891 2408 952 αλλο
2431 884 2668 951 Ἡσίο-

327 977 460 1047 δος
515 976 833 1053 ποιησαι
888 971 1115 1035 οὐδὲν
1166 973 1210 1054 ἢ
1263 976 1342 1036 τὰ
1399 975 1603 1056 ἔργα,
1671 999 1850 1055 quam
1907 980 2244 1055 opinionem
2303 983 2669 1056 quantopere

326 1063 655 1123 Pausanias
711 1065 834 1139 ipse
878 1064 1241 1139 probaverit,
1289 1064 1560 1139 pluribus
1606 1065 1751 1123 locis
1797 1061 2004 1142 (ibid.
2054 1065 2152 1140 27,
2198 1073 2229 1119 2
2281 1059 2564 1123 Ἡσίοδον
2608 1059 2670 1121 δὲ

326 1143 370 1225 ἢ
414 1144 520 1206 τὸν
555 1142 819 1207 Ἡσιόδω
865 1146 1190 1233 Θεογονίαν
1234 1144 1630 1225 ἐσποιήσαντα
1676 1139 1809 1206 οἶδα
1852 1147 2176 1225 γράψαντα
2222 1140 2408 1219 ὦς-
2424 1190 2442 1222 ‚
2488 1150 2666 1209 ibid.

329 1234 432 1307 35,
476 1241 508 1289 6
559 1208 832 1303 Ἡσίοδος
887 1222 952 1289 δὲ
1010 1228 1076 1290 ἐν
1121 1232 1439 1315 Θεογονία,
1495 1230 1839 1311 προσιέσθω
1884 1230 1950 1291 δὲ
1993 1229 2110 1313 ὅτῳ
2154 1232 2333 1308 φίλον
2375 1231 2488 1311 τὴν
2532 1233 2670 1293 Θεο-

326 1316 571 1396 γονίαν,
616 1318 781 1394 VIII,
833 1320 929 1393 18,
981 1310 1328 1376 ιἩσιόδου
1381 1316 1495 1397 γὰρ
1550 1317 1627 1395 δὴ
1684 1315 1794 1395 ἔπη
1850 1314 1960 1395 τὴν
2016 1317 2342 1395 Θεογονίαν
2398 1317 2551 1380 εἰσιν
2605 1318 2665 1377 οἳ

331 1401 662 1483 νομίζουσι)
717 1404 1122 1480 apertissime
1144 1403 1433 1481 prodidit.
1524 1404 1743 1463 Mirum
1797 1404 1934 1480 hoc,
1994 1407 2265 1481 inquam,
2325 1423 2395 1463 eo
2449 1407 2658 1483 magiS,
2710 1412 2769 1459 12

330 1490 491 1566 quod
549 1489 672 1548 fere
732 1489 1094 1565 cupidissimi
1153 1492 1323 1548 erant
1377 1508 1582 1548 omnes
1626 1489 1987 1549 Graecorum
2040 1495 2249 1567 gentes
2294 1494 2354 1549 et
2398 1492 2669 1552 civitates

333 1575 693 1634 domesticae
738 1574 949 1649 laudiS,
997 1577 1067 1632 ut
1095 1575 1294 1650 potius
1322 1575 1516 1634 aliena
1545 1575 1658 1634 sibi
1692 1574 2061 1651 adfingerent
2090 1595 2269 1651 quam
2301 1577 2666 1635 testimonio·

330 1679 464 1717 rum
508 1659 792 1719 beneficio
838 1660 983 1736 ipsis
1027 1660 1328 1719 vindicata
1370 1679 1406 1717 a
1450 1679 1512 1717 se
1570 1663 1866 1734 arcerent,
1926 1662 2091 1718 cuius
2149 1662 2328 1718 moris
2382 1681 2457 1719 ne
2508 1661 2666 1737 apud

328 1763 439 1804 nos
488 1745 730 1819 quidem
775 1745 1028 1820 depositi
1072 1763 1259 1803 unum
1306 1745 1534 1805 adferre
1591 1745 1734 1803 satis
1780 1750 1871 1804 est
1913 1746 2250 1821 exemplum
2294 1749 2386 1805 tot
2429 1747 2665 1806 urbium

331 1829 403 1889 de
448 1829 695 1889 Homeri
741 1830 968 1906 origine
1013 1831 1344 1889 certamen!
1420 1830 1522 1889 Illi
1566 1831 1754 1906 igitur
1797 1831 2030 1905 antiqui
2060 1830 2519 1907 Heliconicolae,
2565 1832 2667 1907 qui

333 1914 740 1990 Theogoniam
783 1934 905 1974 non
950 1934 1077 1974 esse
1122 1916 1212 1974 sui
1242 1915 1490 1975 Hesiodi
1533 1915 1931 1989 crediderunt,
1979 1915 2125 1974 illud
2170 1916 2533 1991 prooemium
2567 1919 2672 1975 aut

328 2019 438 2076 pro
485 2000 790 2059 mendacio
833 2000 1037 2059 haberi
1081 2001 1403 2060 voluerunt
1445 2003 1551 2059 aut
1594 2002 1835 2059 omnino
1877 2019 1998 2058 non
2041 2005 2344 2059 noverunt
2370 2004 2477 2060 aut
2506 2001 2667 2060 deni-

251 2120 262 2125 -
329 2103 442 2159 que
489 2084 661 2144 aliter
702 2090 886 2161 atque
929 2086 1103 2145 hodie
1145 2086 1450 2162 legerunt:
1511 2089 1832 2161 „quartum
1890 2104 2009 2145 non
2067 2085 2313 2144 datur!“
2402 2084 2666 2154 Quorum

327 2170 582 2228 maxime
640 2171 986 2230 incredibile
1040 2175 1134 2230 est
1187 2172 1443 2247 primum
1500 2175 1750 2246 propter
1803 2170 1866 2229 id
1911 2171 2104 2247 ipsum
2149 2171 2411 2230 studium
2457 2171 2552 2230 vel
2597 2190 2667 2230 ex

330 2254 653 2314 mendaciis
695 2255 1040 2330 popularem
1084 2256 1338 2332 gloriam
1382 2256 1714 2329 hauriendi,
1761 2274 1870 2314 nec
1916 2257 2169 2314 alterum
2211 2256 2522 2331 probabile
2556 2260 2663 2331 est,

333 2340 612 2414 quoniam
660 2339 1067 2418 Theogoniam
1111 2360 1210 2400 eos
1255 2346 1383 2399 tum
1425 2342 1659 2401 novisse
1704 2359 1940 2399 necesse
1982 2345 2105 2417 est,
2152 2360 2286 2401 cum
2329 2345 2390 2400 et
2434 2360 2561 2399 eam
2605 2346 2667 2400 et

197 2428 210 2440 '
326 2429 528 2484 cetera
557 2424 841 2484 Hesiodei
883 2427 1141 2485 nominis
1185 2426 1449 2485 carmina
1492 2427 1770 2502 populari
1816 2444 1923 2484 suo
1969 2434 2179 2501 poetae
2224 2425 2661 2501 abiudicabant,

326 2529 396 2568 ex
431 2510 862 2585 antiquissimis
893 2530 1032 2571 vero
1063 2511 1239 2570 huius
1265 2510 1644 2588 Theogoniae
1674 2509 1945 2587 partibus
1976 2511 2038 2570 id
2069 2512 2261 2588 ipsum
2292 2512 2663 2587 prooemium

329 2595 515 2654 fuisse
562 2596 685 2654 veri
730 2601 823 2655 est
868 2596 1259 2656 simillimum.
1349 2597 1732 2671 Relinquitur
1773 2597 1962 2672 igitur
2006 2597 2068 2655 id
2111 2597 2196 2655 ita
2241 2597 2383 2656 olim
2429 2615 2661 2673 compa-

325 2683 524 2738 ratum
583 2680 792 2753 fuisse,
852 2685 923 2740 ut
974 2701 1094 2740 non
1139 2681 1471 2740 Hesiodum
1529 2682 1631 2740 sed
1688 2682 1871 2740 alium
1929 2682 2226 2758 quendam
2272 2684 2342 2741 ut
2385 2684 2663 2742 carminis

323 2769 629 2824 auctorem
685 2766 905 2825 diserte
963 2768 1274 2826 indicaret.
1365 2766 1434 2824 Id
1491 2785 1635 2826 vero
1693 2767 1868 2825 etiam
1926 2767 2064 2826 inde
2121 2767 2434 2843 probatur,
2503 2767 2663 2844 quod

326 2855 449 2909 tres
496 2850 567 2909 de
611 2852 827 2925 quibus
872 2851 1075 2928 agitur
1118 2871 1338 2927 versus,

632 2966 706 3026 αἴ
744 2967 819 3027 νύ
863 2962 1037 3027 ποθ’
1074 2960 1424 3028 Ησίοδον
1466 2967 1656 3047 καλὴν
1703 2966 1980 3042 ἐδίδαξαν
2022 2961 2236 3048 ἀοιδὴν

630 3043 816 3129 ι’ἱρνας
859 3049 1246 3156 ποιμαίνονθ’
1285 3044 1602 3125 Ελικῶνος
1645 3048 1765 3114 ὑπὸ
1810 3051 2075 3125 ζαθέοιο·

632 3136 802 3197 τόνδε
845 3135 912 3197 δέ
952 3161 1035 3216 με
1078 3136 1376 3217 πρώτιστα
1419 3137 1561 3198 θεαι
1604 3137 1752 3217 πρὸς
1794 3144 2000 3217 μῦθον
2043 3137 2273 3215 ἔειπον,

327 3257 375 3314 si
424 3258 772 3333 simpliciter
817 3259 1095 3336 legantur
1137 3260 1465 3320 communis
1508 3279 1661 3334 quae
1705 3260 1842 3319 inde
1884 3260 2056 3318 fluxit
2087 3260 2427 3319 traditionis
2456 3261 2661 3318 imme-

323 3344 507 3416 mori,
568 3343 685 3401 duo
742 3343 967 3403 habent
1019 3364 1170 3419 quae
1214 3344 1541 3419 offendant,
1596 3346 1950 3419 particulam
2008 3340 2186 3402 ποτέ
2229 3345 2532 3404 Musarum
2577 3346 2662 3402 in·

322 3428 715 3501 spirationem
760 3428 939 3505 longo
982 3449 1019 3488 a
1061 3431 1318 3490 carmine
1362 3429 1677 3506 pangendo
1721 3431 2007 3507 temporis
2037 3430 2351 3490 intervallo
2381 3449 2661 3506 separan-

323 3518 448 3571 tem
507 3516 569 3570 et
619 3515 846 3588 primae
897 3533 1179 3590 personae
1232 3534 1556 3592 pronomen
1624 3514 1877 3590 abrupte
1943 3520 2079 3592 post
2133 3515 2380 3574 Hesiodi
2447 3534 2661 3574 nomen

322 3597 578 3656 illatum.
668 3598 825 3657 Hinc
868 3618 989 3658 non
1034 3599 1264 3674 dubito,
1312 3603 1456 3677 quin
1502 3601 1763 3675 primum
1809 3603 1872 3659 et
1914 3603 2238 3676 genuinum
2284 3599 2661 3677 Theogoniae

322 3683 631 3741 exordium
678 3684 823 3742 olim
867 3684 978 3743 hoc
1022 3685 1230 3744 ordine
1274 3686 1494 3745 lectum
1538 3685 1744 3743 fuerit:

583 3781 899 3842 Μουσάων
933 3779 1375 3847 Ἑλικωνιάδων
1415 3778 1723 3863 αρχώμεθ’
1771 3779 2025 3861 ἀείδειν,
2628 3795 2653 3842 1

494 3865 572 3926 αἴ
608 3890 684 3927 νυ
729 3864 880 3928 ποθ’
932 3864 1213 3929 Ησίοδον
1254 3869 1446 3949 καλὴν
1490 3866 1769 3943 ἐδίδαξαν
1810 3864 2021 3947 ἀοιδὴν
2594 3878 2661 3926 22

397 3961 431 4008 3
498 3973 693 4032 αρνας
735 3949 1123 4032 ποιμαίνονθ’
1164 3947 1483 4024 Ἑλικῶνος
1527 3949 1652 4014 ὑπὸ
1694 3952 1954 4030 ζαθέοιο,

580 4059 644 4096 αι
689 4034 760 4096 θ’
801 4033 1118 4112 Ἑλικῶνος
1162 4037 1400 4117 ἔχουσιν
1442 4059 1581 4119 ορος
1624 4037 1769 4119 μέγα
1813 4062 1872 4100 τε
1916 4037 2141 4111 ζαθεόν
2184 4061 2264 4116 τε,
2628 4048 2660 4095 2

493 4121 603 4180 καί
640 4144 700 4183 τε
743 4122 878 4200 περὶ
919 4123 1151 4204 κρήνην
1194 4123 1409 4186 ἰοειδέα
1452 4120 1633 4185 πόσσ’
1680 4120 2000 4185 ἁπαλοῖσιν

390 4217 424 4264 6
492 4201 805 4286 ὀρχεῦνται
847 4231 947 4269 και
988 4207 1197 4289 βωμὸν
1241 4208 1579 4290 ἐρισθενέος
1628 4210 1994 4312 Κρονίωνος·

582 4290 765 4353 ἔνθεν
806 4288 1214 4375 ἀπορνύμεναι
1257 4291 1695 4372 κεκαλυμμέναι
1735 4289 1865 4375 ἠέρι
1906 4293 2091 4376 πολλῇ
2626 4303 2659 4350 9

492 4372 764 4455 ἐννύχιαι
807 4383 1060 4477 στεῖχον
1078 4378 1427 4460 περικαλλέα
1475 4378 1665 4440 ὄσσαν
1709 4378 1918 4456 ἰεῖσαι,

388 4473 423 4519 9
493 4459 666 4522 τόνδε
712 4459 781 4523 δέ
817 4484 889 4541 με
931 4458 1223 4544 πρώτιστα
1268 4464 1408 4526 θεαὶ
1451 4462 1602 4545 πρὸς
1644 4468 1852 4542 μῦθον
1898 4462 2122 4524 ἔειπον·
2594 4471 2661 4518 24
