3132 5129
1357 330 1772 391 -11-

396 486 455 544 in
501 484 783 560 pluribus
829 485 1009 543 etiam
1054 485 1165 545 hoc
1210 504 1455 545 acumen
1501 486 1768 547 invenire
1814 488 1928 547 sibi
1973 487 2085 547 visi
2130 489 2271 547 sunt
2299 492 2547 561 veteres,
2593 509 2734 565 quo·

395 589 526 628 rum
570 569 995 629 adnotationes
1039 571 1372 630 adscribere
1403 573 1629 647 placet,
1676 573 1951 648 quoniam
1996 573 2220 645 minus,
2271 592 2447 649 quam
2492 593 2599 649 par
2628 577 2735 647 est,

398 675 497 714 eos
542 656 646 731 qui
694 654 802 714 has
851 657 1226 730 quaestiones
1271 657 1505 732 agitant
1544 658 1904 717 scholiorum
1950 659 2238 717 rationem
2282 658 2499 717 habere
2545 658 2734 733 vide0,

398 741 460 799 in
506 740 727 816 quibus
772 741 1071 815 permulta
1124 743 1244 799 iam
1300 741 1514 800 iactata
1556 746 1723 815 sunt,
1782 763 1932 818 quae
1989 743 2165 802 hodie
2223 746 2526 819 tamquam
2582 763 2738 802 nova

398 825 577 885 nobis
622 824 1032 884 venditantur.
1105 825 1181 883 V.
1235 828 1355 885 110
1409 827 1835 886 observabatur
1877 824 2067 905 ἥρωες
2112 829 2185 886 ad
2232 847 2437 887 omnes
2482 828 2736 888 Graecos

393 910 620 969 dictum
667 929 826 969 esse.
876 908 1219 989 προεπαίρει
1264 915 1385 981 τοῖς
1432 907 1771 989 ἐγκωμίοις,
1827 933 1989 983 οπως
2035 911 2298 971 αἰδοῖντο
2342 910 2607 990 φεύγειν.
2654 946 2736 955 -

396 995 471 1054 V.
522 996 644 1053 112
679 991 1120 1072 προτρεπτικὸν
1183 1002 1355 1053 τοῦτο
1397 993 1544 1073 πρὸς
1591 993 1654 1054 τὸ
1698 992 1898 1073 μένειν
1943 994 2078 1068 τούς
2133 992 2437 1075 Ἀχαιούς·
2498 992 2569 1056 οὐ
2622 994 2738 1075 γὰρ

392 1074 784 1180 ἀτελεύτητον
827 1076 861 1138 ὅ
908 1078 966 1136 τί
1014 1101 1119 1139 κεν
1164 1083 1393 1160 κεφαλῇ
1437 1074 1788 1141 κατανεύσει
1834 1082 1921 1160 (Α
1952 1082 2123 1158 527).
2177 1115 2254 1124 --
2303 1083 2379 1141 V.
2417 1086 2534 1143 115
2567 1091 2738 1141 τοῦτο

391 1161 457 1223 δὲ
502 1155 673 1223 εἶπεν
715 1159 978 1240 οἰόμενος
1023 1160 1107 1235 ὡς
1136 1160 1208 1224 οὐ
1253 1165 1557 1225 πείσονται
1589 1167 1650 1226 οἱ
1671 1162 1961 1244 Έλληνες
2006 1167 2312 1238 δυσκλεεῖς
2343 1162 2734 1244 ὑποστρέψαι.

396 1284 481 1295 --
526 1250 604 1309 V.
659 1252 781 1310 1-20
824 1246 925 1352 62&
972 1257 1093 1308 των
1138 1247 1442 1332 ἐγκωμίων
1493 1250 1712 1327 μείζων
1754 1246 1791 1328 ἡ
1839 1250 2189 1332 κατηγορία·
2244 1250 2344 1311 καὶ
2398 1249 2488 1311 οτι
2541 1247 2736 1324 ἀίδιος

398 1332 565 1393 ἔσται
609 1328 816 1405 αὐτοῖς
860 1327 898 1410 ἡ
943 1330 1118 1412 ὕβρις
1167 1333 1268 1393 τὸν
1320 1329 1581 1411 πόλεμον
1633 1330 1808 1414 ἀτελη
1851 1342 2295 1396 καταλιποῦσιν.
2356 1372 2429 1380 -
2490 1337 2565 1397 V.
2618 1340 2735 1396 122

396 1424 600 1495 ταχεῖα
646 1438 763 1478 ουν
807 1416 968 1490 ἐλπὶς
1014 1427 1119 1497 τῆς
1163 1419 1369 1496 νίκης,
1427 1419 1489 1479 εἴ
1528 1443 1594 1500 γε
1648 1419 1750 1480 καὶ
1802 1422 2037 1494 πλείους
2063 1419 2181 1525 τκαὶ
2227 1418 2588 1499 ἰσχυρότεροι
2639 1420 2739 1481 καὶ

405 1504 524 1563 Δία
582 1502 816 1581 ἔχοντες
874 1499 1211 1581 σύμμαχον,
1265 1503 1367 1564 καὶ
1425 1512 1526 1582 τῆς
1573 1502 1752 1583 ἥττης
1805 1505 1989 1612 πολλὴ
2047 1500 2085 1582 ἡ
2139 1505 2415 1584 αἰσχύνη.
2473 1542 2551 1549 -
2611 1507 2737 1579 πῶς

395 1582 512 1649 οὖν
554 1584 674 1667 πρὸ
720 1586 922 1661 τέλους
969 1585 1489 1688 ὖποχωρήσουσινς
1536 1587 1841 1651 ἐκδεκτέον
1890 1583 2031 1653 οὖν
2054 1587 2118 1651 τὸ
2165 1589 2266 1668 τῆς
2309 1590 2501 1669 μάχης
2532 1589 2733 1669 πέρας.

402 1710 479 1719 —-
530 1675 606 1734 V.
660 1677 779 1735 134
826 1672 946 1733 ἔστι
990 1672 1055 1734 δὲ
1098 1667 1248 1752 πρὸς
1303 1672 1415 1752 μὲν
1459 1671 1523 1734 τὰ
1569 1672 1746 1735 απιέπ
1734 1697 1812 1734 αι
1855 1673 2213 1756 διεγερτικὸν
2256 1699 2338 1748 ως
2385 1673 2513 1736 ἐκει
2547 1681 2736 1754 καθη-

401 1757 606 1838 μένων
649 1754 971 1836 ἀπράκτων
1024 1758 1242 1838 χρόνον
1289 1760 1600 1838 τοσοῦτον,
1659 1757 1805 1864 πρὸς
1858 1759 1925 1821 δὲ
1970 1760 2034 1821 τὸ
2077 1757 2279 1839 μένειν
2335 1757 2417 1833 ὦς
2474 1769 2579 1821 τοῦ
2637 1760 2736 1838 τῆς

394 1842 674 1916 ἁλώσεως
720 1842 937 1921 χρόνου
994 1842 1432 1923 πληρωθέὛντος
1521 1854 1602 1929 τῷ
1653 1843 1766 1925 γάρ
1820 1844 2045 1950 δεκάτῳ
2105 1845 2216 1906 ἔτει
2272 1844 2335 1905 τὸ
2382 1844 2570 1906 Ἴλιον
2624 1844 2737 1923 ἔφη

394 1928 641 2008 Κάλχας
685 1923 1059 1989 ἁλώσεσθαι.
1135 1928 1345 1989 ἐλπίδα
1401 1927 1468 1989 δὲ
1524 1939 1630 1990 τοῦ
1687 1929 1885 2003 τέλους
1940 1926 2311 2035 ὑπογράφων
2367 1927 2570 2003 αὐτοῖς
2624 1927 2795 1992 οὐκ.

400 2011 776 2091 ἐνεστηκέναι
828 2012 926 2073 τὸν
972 2011 1183 2074 ἔνατον
1227 2007 1509 2075 ἐνιαυτὸν
1553 2009 1678 2076 εἷπε
1724 2012 1857 2095 (καί
1895 2039 1979 2075 τοι
2024 2015 2213 2087 οὕτως
2258 2008 2338 2094 ἦν
2382 2014 2445 2075 τὸ
2488 2012 2736 2092 ἀληθές,

395 2098 542 2177 ὅπερ
587 2098 688 2158 καὶ
726 2093 1048 2172 Ὀδυσσεύς
1091 2118 1278 2177 φησιν
1316 2093 1505 2177 ,,ἡμῖν
1548 2097 1607 2160 δ’
1657 2100 1891 2173 εἴνατός
1934 2099 2055 2161 ἐστι
2097 2123 2169 2161 πε
2209 2099 2495 2177 ιτροπὲων
2535 2098 2737 2160 ἐνιαυ-

396 2183 539 2256 τός“
586 2181 755 2264 295).
809 2182 960 2260 φασὶ
1005 2184 1073 2244 δὲ
1117 2183 1206 2245 ὅτι
1257 2183 1780 2263 παρεληλύθεισαν
1823 2187 1884 2245 οἱ
1922 2184 2094 2246 ἐννέα
2135 2123 2299 2245 ugron
2341 2182 2510 2244 ἕνιαυ
2500 2186 2617 2245 το’.ι
2660 2219 2735 2229 —-

394 2270 468 2329 V.
493 2271 611 2329 135
631 2277 815 2328 ταῦτα
839 2266 906 2328 δὲ
926 2264 1279 2348 ἀμφοτέροις
1309 2269 1580 2353 συνάδει,
1617 2279 1697 2354 τῷ
1718 2268 1829 2349 μὲν
1855 2266 2114 2367 ἀπιέναι,
2152 2270 2296 2349 πρὶν
2317 2270 2738 2349 διαφθαρῆναι

399 2351 595 2414 τέλεον
639 2352 743 2425 τας
788 2363 969 2431 νῆας,
1027 2354 1126 2415 καὶ
1171 2378 1253 2437 τῳ
1300 2331 1501 2433 μένειν
1544 2353 1612 2416 δὲ
1665 2351 1744 2428 ὥς
1790 2354 1889 2415 διὰ
1936 2346 2002 2415 τὸ
2046 2353 2370 2429 σεσηπέναι
2427 2353 2528 2427 τὰς
2589 2364 2737 2423 ναῦς

402 2436 575 2510 τέως
570 2441 764 2498 πλεῖν
809 2434 880 2498 οὗ
926 2418 1299 2518 δυναμένων.
1347 2477 1432 2486 --
1489 2442 1563 2501 V.
1618 2444 1738 2502 140
1785 2438 1927 2518 ἐνῆν
1970 2441 2161 2502 εἰπεῖν
2204 2439 2546 2517 στείχωμεν·
2593 2431 2737 2499 ἀλλά

397 2520 476 2606 τῷ
520 2524 744 2607 αἰσχρῷ
799 2513 1044 2604 ὀνόματι
1101 2521 1416 2604 ἀποτρέπει
1473 2528 1577 2587 τοῦ
1618 2521 1914 2587 ἀπόπλου.
1992 2527 2176 2588 Vides
2220 2526 2385 2585 illam
2442 2527 2513 2585 de
2557 2524 2738 2606 μύθῳ

402 2608 701 2692 κερδαλέα)
745 2612 1076 2671 doctrinam
1123 2615 1314 2673 multo
1360 2614 1595 2690 plenius
1640 2614 1968 2690 expositam
2016 2633 2142 2672 csse
2187 2613 2259 2671 ab
2307 2614 2584 2689 antiquis
2660 2613 2740 2672 Et

402 2701 604 2756 tamen
651 2697 892 2755 frustra.
970 2697 1193 2756 Bonam
1256 2701 1411 2758 enim
1468 2703 1698 2774 partem
1756 2700 1992 2757 illarum
2049 2699 2533 2757 observationum
2589 2699 2737 2757 nihil

394 2783 654 2858 probare
686 2781 1035 2858 simpliciter
1064 2782 1203 2841 inde
1233 2785 1465 2858 prodit,
1500 2783 1657 2859 quod
1691 2804 1749 2842 v.
1787 2784 2138 2843 110—118.
2194 2784 2520 2842 139-141
2556 2784 2737 2841 etiam

400 2868 433 2924 1
486 2867 734 2924 17-28
779 2867 1093 2943 leguntur,
1154 2867 1254 2925 ubi
1301 2870 1444 2945 quin
1491 2869 1644 2927 serio
1688 2867 1865 2945 fugae
1923 2872 2130 2927 auctor
2184 2869 2265 2926 sit
2307 2868 2735 2944 Agamemnon,

397 2951 666 3010 dubitari
710 2954 938 3027 nequit.
1017 2950 1390 3029 Quamquam
1444 2953 1603 3013 haud
1651 2953 1770 3013 scio
1815 2973 1890 3011 an
1935 2956 2092 3012 recte
2133 2952 2217 3011 ibi
2263 2972 2319 3011 v.
2369 2953 2618 3010 23—25
2663 2952 2736 3010 ab

401 3036 810 3113 Aristophane
855 3039 1137 3113 expuncti
1180 3039 1423 3098 fuerint.
1497 3037 1611 3097 Sed
1657 3038 1931 3097 nolumus
1976 3038 2066 3097 his
2113 3037 2365 3114 argutiis
2411 3038 2735 3096 immorari.

404 3121 719 3180 Sententia
761 3121 897 3194 illa,
943 3118 1265 3195 κερδαλέον
1292 3123 1390 3182 hic
1433 3125 1507 3182 ab
1539 3123 1987 3199 Agamemnone
2018 3123 2270 3198 proponi
2313 3124 2541 3197 μῦθον,
2586 3141 2740 3181 vana

407 3211 528 3277 est,
576 3207 833 3281 primum
879 3206 1035 3282 quod
1081 3227 1374 3283 nusquam
1409 3228 1539 3266 eum
1589 3208 1770 3265 talem
1815 3226 1946 3266 esse
1991 3207 2289 3266 indicatur
2321 3240 2397 3248 —
2432 3226 2570 3265 nam
2599 3208 2736 3284 βου-

396 3280 510 3366 λὴν
537 3287 835 3367 γερόντων
877 3291 990 3349 iam
1038 3293 1315 3369 ignorare
1347 3293 1487 3352 lieet
1517 3327 1599 3335 —
1629 3291 2126 3367 quemadmodum
2158 3292 2228 3351 fit
2282 3292 2316 3364 ζ
2344 3292 2482 3350 148.
2532 3291 2562 3364 ξ
2593 3293 2736 3351 459.

402 3398 439 3432 ν
484 3377 608 3433 254
639 3395 729 3451 sq.
790 3394 824 3432 ο
869 3377 1009 3435 304.
1069 3388 1120 3450 ψ
1169 3379 1309 3437 181.
1370 3399 1416 3435 ω
1464 3379 1618 3451 2403
1691 3376 1935 3448 deinde,
1996 3376 2153 3451 quod
2211 3381 2272 3436 et
2329 3377 2613 3449 orationi,
2668 3381 2739 3436 ut

403 3460 697 3533 vidimus,
756 3463 1055 3535 permulta
1108 3463 1375 3522 admixta
1430 3465 1599 3534 sunt,
1658 3481 1807 3537 quae
1861 3462 2062 3537 fugam
2124 3463 2275 3521 serio
2333 3462 2574 3522 suadere
2640 3462 2736 3519 de-

400 3545 620 3621 beant3
667 3549 1000 3620 postremo,
1059 3549 1217 3622 quod
1262 3549 1324 3607 in
1370 3551 1542 3607 tanto
1590 3548 1827 3607 silentio
1872 3546 2048 3605 etiam
2111 3566 2349 3621 prorsus
2407 3548 2739 3605 contrarius

399 3635 499 3689 est
527 3633 808 3700 mentua,
858 3650 1035 3706 quam
1061 3652 1236 3708 quem
1270 3634 1485 3692 babere
1516 3633 1729 3691 debeat
1760 3631 2047 3690 eiusmodi
2078 3631 2414 3690 artificium.
2479 3629 2736 3690 Omnino

401 3715 561 3773 enim
609 3715 862 3790 simplex
907 3716 1081 3775 huius
1126 3719 1320 3792 poesis
1374 3738 1470 3777 ars
1517 3719 1697 3776 etiam
1755 3735 1823 3774 eo
1870 3715 2162 3787 cernitur,
2221 3715 2380 3791 quod
2428 3735 2521 3774 res
2567 3734 2738 3790 saepe
2777 3729 2837 3776 15

400 3817 523 3857 non
572 3803 695 3857 tam
741 3801 903 3875 ipsae
936 3800 1370 3875 describantur,
1420 3803 1521 3862 sed
1570 3821 1746 3878 quam
1790 3800 1911 3860 vim
1958 3802 2019 3859 in
2064 3801 2208 3859 alias
2254 3800 2590 3872 habuerint,
2635 3818 2736 3857 ex-

402 3887 683 3958 ponatur.
785 3884 931 3944 Eius
989 3887 1225 3961 generis
1297 3890 1388 3947 est
1460 3887 1847 3947 celeberrima
1908 3886 2015 3944 illa
2085 3884 2549 3960 pulchritudinis
2623 3884 2740 3942 He·

401 3968 572 4026 lenae
617 3968 994 4029 adumbratio
1052 3990 1120 4028 ex
1166 3990 1371 4030 senum
1420 3973 1813 4032 Troianorum
1875 3971 2264 4029 admiratione
2319 3969 2544 4044 optime
2605 3969 2738 4027 illu·

404 4056 645 4112 stratae.
704 4053 903 4113 Stabit
942 4057 1161 4132 igitur,
1209 4058 1449 4132 opinor,
1509 4061 1716 4116 nostra
1762 4056 2057 4116 sententia
2102 4054 2367 4113 diversae
2412 4055 2739 4112 sententiae

402 4138 642 4197 diversa
706 4145 1009 4198 momenta
1075 4142 1351 4216 imperite
1417 4143 1694 4218 copulata
1761 4160 1921 4200 esse:
2000 4140 2271 4199 versibus
2347 4142 2458 4197 111
2493 4173 2566 4181 —
2598 4142 2736 4197 115.

410 4224 737 4281 134-141
807 4225 1039 4301 fugam,
1107 4246 1163 4284 v.
1219 4228 1547 4287 116—129
1606 4227 1832 4287 bellum
1891 4225 2104 4283 iuberi.
2199 4224 2356 4297 Iam,
2421 4224 2567 4300 quid
2625 4223 2740 4284 sibi

404 4309 665 4367 voluerit
724 4309 1084 4383 Zenodotus,
1130 4312 1485 4387 percipitur,
1534 4312 1637 4388 qui
1683 4333 1738 4372 v.
1792 4311 2145 4370 110-—119
2202 4310 2312 4369 hoc
2366 4310 2543 4368 modo
2602 4327 2736 4368 con-

405 4393 617 4452 traxit:
