<?xml version="1.0" encoding="UTF-8"?>
<!DOCTYPE html PUBLIC "-//W3C//DTD XHTML 1.0 Transitional//EN"
    "http://www.w3.org/TR/xhtml1/DTD/xhtml1-transitional.dtd">
<html xmlns="http://www.w3.org/1999/xhtml" xml:lang="en" lang="en">
 <head>
  <title>
</title>
<meta http-equiv="Content-Type" content="text/html;charset=utf-8" />
  <meta name='ocr-system' content='tesseract 3.04.00' />
  <meta name='ocr-capabilities' content='ocr_page ocr_carea ocr_par ocr_line ocrx_word'/>
</head>
<body>
  <div class='ocr_page' id='page_1' title='image "./opusculaphilolo00koecgoog_0214.png"; bbox 0 0 3132 5129; ppageno 0'>
   <div class='ocr_carea' id='block_1_1' title="bbox 1402 368 1865 431">
    <p class='ocr_par' dir='ltr' id='par_1_1' title="bbox 1402 368 1865 431">
     <span class='ocr_line' id='line_1_1' title="bbox 1402 368 1865 431; baseline -0.002 0"><span class='ocrx_word' id='word_1_1' title='bbox 1402 368 1865 431; x_wconf 80' lang='lat'>-202-</span> 
     </span>
    </p>
   </div>
   <div class='ocr_carea' id='block_1_2' title="bbox 549 520 2808 1223">
    <p class='ocr_par' dir='ltr' id='par_1_2' title="bbox 549 520 2808 1199">
     <span class='ocr_line' id='line_1_2' title="bbox 635 520 2269 603; baseline -0.002 -19"><span class='ocrx_word' id='word_1_2' title='bbox 635 521 824 585; x_wconf 85' lang='grc' dir='ltr'><strong><em>λωτὸν</em></strong></span> <span class='ocrx_word' id='word_1_3' title='bbox 868 520 1247 598; x_wconf 79' lang='grc' dir='ltr'><strong><em>ἐρεπτόμενοι</em></strong></span> <span class='ocrx_word' id='word_1_4' title='bbox 1293 520 1541 603; x_wconf 82' lang='grc' dir='ltr'><strong><em>μενέμεν</em></strong></span> <span class='ocrx_word' id='word_1_5' title='bbox 1585 522 1801 583; x_wconf 89' lang='grc' dir='ltr'><strong><em>νόστου</em></strong></span> <span class='ocrx_word' id='word_1_6' title='bbox 1847 544 1905 581; x_wconf 91' lang='grc' dir='ltr'><strong><em>τε</em></strong></span> <span class='ocrx_word' id='word_1_7' title='bbox 1947 520 2269 593; x_wconf 77' lang='grc' dir='ltr'><strong><em>λαθέσθαι.</em></strong></span> 
     </span>
     <span class='ocr_line' id='line_1_3' title="bbox 549 603 2378 714; baseline -0.003 -44"><span class='ocrx_word' id='word_1_8' title='bbox 549 613 587 670; x_wconf 90' lang='lat' dir='ltr'><strong>d</strong></span> <span class='ocrx_word' id='word_1_9' title='bbox 675 629 814 682; x_wconf 90' lang='grc' dir='ltr'><strong><em>τους</em></strong></span> <span class='ocrx_word' id='word_1_10' title='bbox 858 606 967 685; x_wconf 80' lang='grc' dir='ltr'><strong><em>μὲν</em></strong></span> <span class='ocrx_word' id='word_1_11' title='bbox 1013 604 1165 687; x_wconf 74' lang='grc' dir='ltr'><strong><em>ἐγῶν</em></strong></span> <span class='ocrx_word' id='word_1_12' title='bbox 1208 604 1305 667; x_wconf 76' lang='grc' dir='ltr'><strong><em>ἐπὶ</em></strong></span> <span class='ocrx_word' id='word_1_13' title='bbox 1350 609 1499 689; x_wconf 84' lang='grc' dir='ltr'><strong><em>νῆας</em></strong></span> <span class='ocrx_word' id='word_1_14' title='bbox 1536 607 1703 714; x_wconf 89' lang='grc' dir='ltr'><strong><em>αγον</em></strong></span> <span class='ocrx_word' id='word_1_15' title='bbox 1747 607 2063 680; x_wconf 81' lang='grc' dir='ltr'><strong><em>κλαίοντας</em></strong></span> <span class='ocrx_word' id='word_1_16' title='bbox 2107 603 2378 689; x_wconf 76' lang='grc' dir='ltr'><strong><em>ἀνάγκῃ,</em></strong></span> 
     </span>
     <span class='ocr_line' id='line_1_4' title="bbox 633 684 2356 799; baseline -0.003 -45"><span class='ocrx_word' id='word_1_17' title='bbox 633 693 810 773; x_wconf 84' lang='grc' dir='ltr'><strong><em>νηυσὶ</em></strong></span> <span class='ocrx_word' id='word_1_18' title='bbox 852 689 914 753; x_wconf 89' lang='grc' dir='ltr'><strong><em>δ’</em></strong></span> <span class='ocrx_word' id='word_1_19' title='bbox 964 689 1051 752; x_wconf 83' lang='grc' dir='ltr'><strong><em>ἐνὶ</em></strong></span> <span class='ocrx_word' id='word_1_20' title='bbox 1097 694 1477 799; x_wconf 78' lang='grc' dir='ltr'><strong><em>γλαφυρῇσιν</em></strong></span> <span class='ocrx_word' id='word_1_21' title='bbox 1517 688 1642 754; x_wconf 74' lang='grc' dir='ltr'><strong><em>ὑπὸ</em></strong></span> <span class='ocrx_word' id='word_1_22' title='bbox 1687 684 1832 772; x_wconf 83' lang='grc' dir='ltr'><strong><em>ζυγα</em></strong></span> <span class='ocrx_word' id='word_1_23' title='bbox 1876 692 2030 772; x_wconf 85' lang='grc' dir='ltr'><strong><em>δῆσα</em></strong></span> <span class='ocrx_word' id='word_1_24' title='bbox 2075 690 2356 766; x_wconf 85' lang='grc' dir='ltr'><strong><em>ἐρύσσας·</em></strong></span> 
     </span>
     <span class='ocr_line' id='line_1_5' title="bbox 560 774 2808 879; baseline -0.003 -38"><span class='ocrx_word' id='word_1_25' title='bbox 560 803 591 841; x_wconf 83' lang='lat' dir='ltr'><strong>e</strong></span> <span class='ocrx_word' id='word_1_26' title='bbox 679 775 872 858; x_wconf 82' lang='grc' dir='ltr'><strong><em>αὐταρ</em></strong></span> <span class='ocrx_word' id='word_1_27' title='bbox 918 776 1055 851; x_wconf 83' lang='grc' dir='ltr'><strong><em>τοὺς</em></strong></span> <span class='ocrx_word' id='word_1_28' title='bbox 1095 774 1316 850; x_wconf 69' lang='grc' dir='ltr'><strong><em>ἄλλους</em></strong></span> <span class='ocrx_word' id='word_1_29' title='bbox 1357 779 1618 857; x_wconf 82' lang='grc' dir='ltr'><strong><em>κελόμην</em></strong></span> <span class='ocrx_word' id='word_1_30' title='bbox 1661 776 1929 879; x_wconf 75' lang='grc' dir='ltr'><strong><em>ἐρίηρας</em></strong></span> <span class='ocrx_word' id='word_1_31' title='bbox 1942 774 2213 858; x_wconf 86' lang='grc' dir='ltr'><strong><em>ἑταίρους</em></strong></span> <span class='ocrx_word' id='word_1_32' title='bbox 2708 787 2808 835; x_wconf 93' lang='grc'><strong><em>100</em></strong></span> 
     </span>
     <span class='ocr_line' id='line_1_6' title="bbox 634 857 2049 945; baseline -0.001 -22"><span class='ocrx_word' id='word_1_33' title='bbox 634 861 1067 943; x_wconf 81' lang='grc' dir='ltr'><strong><em>σπερχομένους</em></strong></span> <span class='ocrx_word' id='word_1_34' title='bbox 1112 863 1274 945; x_wconf 75' lang='grc' dir='ltr'><strong><em>νηῶν</em></strong></span> <span class='ocrx_word' id='word_1_35' title='bbox 1317 859 1702 942; x_wconf 74' lang='grc' dir='ltr'><strong><em>ἐπιβαινέμεν</em></strong></span> <span class='ocrx_word' id='word_1_36' title='bbox 1745 857 2049 939; x_wconf 73' lang='grc' dir='ltr'><strong><em>ὠκειάων,</em></strong></span> 
     </span>
     <span class='ocr_line' id='line_1_7' title="bbox 633 942 2105 1030; baseline -0.003 -20"><span class='ocrx_word' id='word_1_37' title='bbox 633 973 714 1028; x_wconf 88' lang='grc' dir='ltr'><strong><em>μη</em></strong></span> <span class='ocrx_word' id='word_1_38' title='bbox 760 972 853 1010; x_wconf 90' lang='grc' dir='ltr'><strong><em>πω</em></strong></span> <span class='ocrx_word' id='word_1_39' title='bbox 898 971 984 1020; x_wconf 85' lang='grc' dir='ltr'><strong><em>τις</em></strong></span> <span class='ocrx_word' id='word_1_40' title='bbox 1029 952 1236 1009; x_wconf 80' lang='grc' dir='ltr'><strong><em>λωτοῖο</em></strong></span> <span class='ocrx_word' id='word_1_41' title='bbox 1279 948 1495 1030; x_wconf 81' lang='grc' dir='ltr'><strong><em>φαγων</em></strong></span> <span class='ocrx_word' id='word_1_42' title='bbox 1540 946 1776 1011; x_wconf 87' lang='grc' dir='ltr'><strong><em>νόστοιο</em></strong></span> <span class='ocrx_word' id='word_1_43' title='bbox 1824 942 2105 1025; x_wconf 89' lang='grc' dir='ltr'><strong><em>λάθηται.</em></strong></span> 
     </span>
     <span class='ocr_line' id='line_1_8' title="bbox 549 1027 2242 1131; baseline -0.002 -37"><span class='ocrx_word' id='word_1_44' title='bbox 549 1036 585 1094; x_wconf 86' lang='lat' dir='ltr'>d</span> <span class='ocrx_word' id='word_1_45' title='bbox 673 1035 731 1094; x_wconf 75' lang='grc' dir='ltr'><strong><em>οἲ</em></strong></span> <span class='ocrx_word' id='word_1_46' title='bbox 776 1030 834 1093; x_wconf 89' lang='grc' dir='ltr'><strong><em>δ’</em></strong></span> <span class='ocrx_word' id='word_1_47' title='bbox 884 1027 1022 1107; x_wconf 84' lang='grc' dir='ltr'><strong><em>αἶψ’</em></strong></span> <span class='ocrx_word' id='word_1_48' title='bbox 1074 1032 1396 1131; x_wconf 82' lang='grc' dir='ltr'><strong><em>εἴσβαινον</em></strong></span> <span class='ocrx_word' id='word_1_49' title='bbox 1424 1034 1525 1096; x_wconf 82' lang='grc' dir='ltr'><strong><em>καὶ</em></strong></span> <span class='ocrx_word' id='word_1_50' title='bbox 1569 1032 1665 1097; x_wconf 89' lang='grc' dir='ltr'><strong><em>ἐπι</em></strong></span> <span class='ocrx_word' id='word_1_51' title='bbox 1711 1036 1909 1111; x_wconf 81' lang='grc' dir='ltr'><strong><em>κληῖσι</em></strong></span> <span class='ocrx_word' id='word_1_52' title='bbox 1954 1032 2242 1103; x_wconf 76' lang='grc' dir='ltr'><strong><em>καθῖζον·</em></strong></span> 
     </span>
     <span class='ocr_line' id='line_1_9' title="bbox 615 1110 2273 1223; baseline -0.001 -43.977"><span class='ocrx_word' id='word_1_53' title='bbox 615 1118 763 1197; x_wconf 81' lang='grc' dir='ltr'><strong><em>ἑξῆς</em></strong></span> <span class='ocrx_word' id='word_1_54' title='bbox 808 1114 864 1178; x_wconf 86' lang='grc' dir='ltr'><strong><em>δ’</em></strong></span> <span class='ocrx_word' id='word_1_55' title='bbox 915 1117 1182 1191; x_wconf 77' lang='grc' dir='ltr'><strong><em>ἑζόμενοι</em></strong></span> <span class='ocrx_word' id='word_1_56' title='bbox 1226 1110 1443 1199; x_wconf 77' lang='grc' dir='ltr'><strong><em>πολιὴν</em></strong></span> <span class='ocrx_word' id='word_1_57' title='bbox 1485 1117 1601 1180; x_wconf 86' lang='grc' dir='ltr'><strong><em>αλα</em></strong></span> <span class='ocrx_word' id='word_1_58' title='bbox 1646 1113 1867 1179; x_wconf 80' lang='grc' dir='ltr'><strong><em>τύπτον</em></strong></span> <span class='ocrx_word' id='word_1_59' title='bbox 1912 1114 2192 1223; x_wconf 85' lang='grc' dir='ltr'><strong><em>ἐρετμοῖς.</em></strong></span> <span class='ocrx_word' id='word_1_60' title='bbox 2255 1152 2273 1164; x_wconf 85' lang='grc'><strong>-</strong></span> 
     </span>
    </p>
   </div>
   <div class='ocr_carea' id='block_1_3' title="bbox 549 1194 2807 1469">
    <p class='ocr_par' dir='ltr' id='par_1_3' title="bbox 549 1194 2807 1454">
     <span class='ocr_line' id='line_1_10' title="bbox 550 1194 2804 1282; baseline -0.003 -18"><span class='ocrx_word' id='word_1_61' title='bbox 550 1207 589 1264; x_wconf 83' lang='lat' dir='ltr'>d</span> <span class='ocrx_word' id='word_1_62' title='bbox 718 1202 902 1264; x_wconf 75' lang='grc' dir='ltr'><strong><em>ἔνθεν</em></strong></span> <span class='ocrx_word' id='word_1_63' title='bbox 946 1202 1010 1265; x_wconf 83' lang='grc' dir='ltr'><strong><em>δὲ</em></strong></span> <span class='ocrx_word' id='word_1_64' title='bbox 1053 1201 1319 1278; x_wconf 81' lang='grc' dir='ltr'><strong><em>προτέρω</em></strong></span> <span class='ocrx_word' id='word_1_65' title='bbox 1361 1202 1613 1282; x_wconf 83' lang='grc' dir='ltr'><strong><em>πλέομεν</em></strong></span> <span class='ocrx_word' id='word_1_66' title='bbox 1654 1199 2021 1281; x_wconf 84' lang='grc' dir='ltr'><strong><em>ακαχήμενοι</em></strong></span> <span class='ocrx_word' id='word_1_67' title='bbox 2063 1194 2238 1281; x_wconf 80' lang='grc' dir='ltr'><strong><em>ἦτορ·</em></strong></span> <span class='ocrx_word' id='word_1_68' title='bbox 2500 1211 2804 1259; x_wconf 71' lang='lat' dir='ltr'>105=n77</span> 
     </span>
     <span class='ocr_line' id='line_1_11' title="bbox 633 1278 2806 1389; baseline -0.001 -42"><span class='ocrx_word' id='word_1_69' title='bbox 633 1288 850 1364; x_wconf 83' lang='grc' dir='ltr'><strong><em>τείρετο</em></strong></span> <span class='ocrx_word' id='word_1_70' title='bbox 895 1286 954 1349; x_wconf 85' lang='grc' dir='ltr'><strong><em>δ’</em></strong></span> <span class='ocrx_word' id='word_1_71' title='bbox 1003 1278 1241 1389; x_wconf 84' lang='grc' dir='ltr'><strong><em>ἆιδρων</em></strong></span> <span class='ocrx_word' id='word_1_72' title='bbox 1284 1286 1484 1367; x_wconf 83' lang='grc' dir='ltr'><strong><em>θυμὸς</em></strong></span> <span class='ocrx_word' id='word_1_73' title='bbox 1527 1286 1636 1350; x_wconf 79' lang='grc' dir='ltr'><strong><em>ὑπ’</em></strong></span> <span class='ocrx_word' id='word_1_74' title='bbox 1685 1289 1934 1367; x_wconf 83' lang='grc' dir='ltr'><strong><em>εἰρεσίης</em></strong></span> <span class='ocrx_word' id='word_1_75' title='bbox 1977 1282 2294 1367; x_wconf 70' lang='grc' dir='ltr'><strong><em>ἀλεγεινῆς.</em></strong></span> <span class='ocrx_word' id='word_1_76' title='bbox 2691 1296 2806 1345; x_wconf 69' lang='grc' dir='ltr'><strong><em>κ78</em></strong></span> 
     </span>
     <span class='ocr_line' id='line_1_12' title="bbox 549 1365 2807 1469; baseline -0.002 -35"><span class='ocrx_word' id='word_1_77' title='bbox 549 1397 582 1434; x_wconf 80' lang='lat' dir='ltr'><strong>a</strong></span> <span class='ocrx_word' id='word_1_78' title='bbox 671 1371 888 1452; x_wconf 74' lang='grc' dir='ltr'><strong><em>ἕξημαρ</em></strong></span> <span class='ocrx_word' id='word_1_79' title='bbox 932 1371 1041 1452; x_wconf 82' lang='grc' dir='ltr'><strong><em>μὲν</em></strong></span> <span class='ocrx_word' id='word_1_80' title='bbox 1087 1366 1248 1451; x_wconf 83' lang='grc' dir='ltr'><strong><em>ὅμως</em></strong></span> <span class='ocrx_word' id='word_1_81' title='bbox 1290 1374 1540 1453; x_wconf 81' lang='grc' dir='ltr'><strong><em>πλέομεν</em></strong></span> <span class='ocrx_word' id='word_1_82' title='bbox 1585 1372 1831 1469; x_wconf 87' lang='grc' dir='ltr'><strong><em>νύκτας</em></strong></span> <span class='ocrx_word' id='word_1_83' title='bbox 1852 1396 1914 1434; x_wconf 91' lang='grc' dir='ltr'><strong><em>τε</em></strong></span> <span class='ocrx_word' id='word_1_84' title='bbox 1959 1370 2060 1432; x_wconf 83' lang='grc' dir='ltr'><strong><em>καὶ</em></strong></span> <span class='ocrx_word' id='word_1_85' title='bbox 2105 1365 2290 1454; x_wconf 79' lang='grc' dir='ltr'><strong><em>ἦμαρ·</em></strong></span> <span class='ocrx_word' id='word_1_86' title='bbox 2740 1381 2807 1429; x_wconf 88' lang='grc'><strong><em>80</em></strong></span> 
     </span>
    </p>
   </div>
   <div class='ocr_carea' id='block_1_4' title="bbox 371 1445 2813 4515">
    <p class='ocr_par' dir='ltr' id='par_1_4' title="bbox 371 1445 2813 4515">
     <span class='ocr_line' id='line_1_13' title="bbox 635 1445 2271 1562; baseline -0.002 -44"><span class='ocrx_word' id='word_1_87' title='bbox 635 1456 935 1562; x_wconf 74' lang='grc' dir='ltr'><strong><em>ἑβδομάτῃ</em></strong></span> <span class='ocrx_word' id='word_1_88' title='bbox 977 1457 1035 1519; x_wconf 89' lang='grc' dir='ltr'><strong><em>δ’</em></strong></span> <span class='ocrx_word' id='word_1_89' title='bbox 1085 1458 1379 1535; x_wconf 76' lang='grc' dir='ltr'><strong><em>ἱκόμεσθα</em></strong></span> <span class='ocrx_word' id='word_1_90' title='bbox 1424 1461 1646 1560; x_wconf 88' lang='grc' dir='ltr'><strong><em>Λάμου</em></strong></span> <span class='ocrx_word' id='word_1_91' title='bbox 1691 1445 1837 1518; x_wconf 82' lang='grc' dir='ltr'><strong><em>αἰπυ</em></strong></span> <span class='ocrx_word' id='word_1_92' title='bbox 1880 1457 2271 1534; x_wconf 80' lang='grc' dir='ltr'><strong><em>πτολίεθρον,</em></strong></span> 
     </span>
     <span class='ocr_line' id='line_1_14' title="bbox 635 1538 2246 1645; baseline -0.001 -42"><span class='ocrx_word' id='word_1_93' title='bbox 635 1540 962 1619; x_wconf 83' lang='grc' dir='ltr'><strong><em>τηλέπυλον</em></strong></span> <span class='ocrx_word' id='word_1_94' title='bbox 1005 1547 1522 1624; x_wconf 79' lang='grc' dir='ltr'><strong><em>Λαιστρυγονίην,</em></strong></span> <span class='ocrx_word' id='word_1_95' title='bbox 1568 1538 1674 1606; x_wconf 87' lang='grc' dir='ltr'><strong><em>όθι</em></strong></span> <span class='ocrx_word' id='word_1_96' title='bbox 1719 1541 1970 1645; x_wconf 68' lang='grc' dir='ltr'><strong><em>ποιμένα</em></strong></span> <span class='ocrx_word' id='word_1_97' title='bbox 2018 1542 2246 1621; x_wconf 84' lang='grc' dir='ltr'><strong><em>ποιμὴν</em></strong></span> 
     </span>
     <span class='ocr_line' id='line_1_15' title="bbox 632 1624 2118 1707; baseline -0.001 -20"><span class='ocrx_word' id='word_1_98' title='bbox 632 1626 816 1707; x_wconf 82' lang='grc' dir='ltr'><strong><em>ἠπύει</em></strong></span> <span class='ocrx_word' id='word_1_99' title='bbox 859 1626 1171 1706; x_wconf 80' lang='grc' dir='ltr'><strong><em>εἰσελάων,</em></strong></span> <span class='ocrx_word' id='word_1_100' title='bbox 1215 1626 1250 1689; x_wconf 78' lang='grc' dir='ltr'><em>ὃ</em></span> <span class='ocrx_word' id='word_1_101' title='bbox 1292 1628 1362 1690; x_wconf 92' lang='grc' dir='ltr'><strong><em>δέ</em></strong></span> <span class='ocrx_word' id='word_1_102' title='bbox 1403 1627 1460 1689; x_wconf 88' lang='grc' dir='ltr'><strong><em>τ’</em></strong></span> <span class='ocrx_word' id='word_1_103' title='bbox 1512 1624 1762 1704; x_wconf 80' lang='grc' dir='ltr'><strong><em>ἐξελάων</em></strong></span> <span class='ocrx_word' id='word_1_104' title='bbox 1806 1626 2118 1688; x_wconf 85' lang='grc' dir='ltr'><strong><em>υπακούει.</em></strong></span> 
     </span>
     <span class='ocr_line' id='line_1_16' title="bbox 560 1707 2292 1822; baseline -0.002 -47"><span class='ocrx_word' id='word_1_105' title='bbox 560 1736 593 1775; x_wconf 82' lang='lat' dir='ltr'><strong>e</strong></span> <span class='ocrx_word' id='word_1_106' title='bbox 681 1712 835 1774; x_wconf 78' lang='grc' dir='ltr'><strong><em>ἔνθα</em></strong></span> <span class='ocrx_word' id='word_1_107' title='bbox 879 1710 937 1773; x_wconf 91' lang='grc' dir='ltr'><strong><em>κ’</em></strong></span> <span class='ocrx_word' id='word_1_108' title='bbox 986 1712 1221 1785; x_wconf 86' lang='grc' dir='ltr'><strong><em>αυπνος</em></strong></span> <span class='ocrx_word' id='word_1_109' title='bbox 1266 1707 1417 1822; x_wconf 76' lang='grc' dir='ltr'><strong><em>ἀνὴρ</em></strong></span> <span class='ocrx_word' id='word_1_110' title='bbox 1462 1711 1665 1787; x_wconf 80' lang='grc' dir='ltr'><strong><em>δοιοὺς</em></strong></span> <span class='ocrx_word' id='word_1_111' title='bbox 1710 1711 1951 1795; x_wconf 79' lang='grc' dir='ltr'><strong><em>ἐξήρατο</em></strong></span> <span class='ocrx_word' id='word_1_112' title='bbox 1994 1709 2292 1790; x_wconf 87' lang='grc' dir='ltr'><strong><em>μισθούς,</em></strong></span> 
     </span>
     <span class='ocr_line' id='line_1_17' title="bbox 633 1789 2805 1902; baseline -0.001 -46"><span class='ocrx_word' id='word_1_113' title='bbox 633 1789 735 1858; x_wconf 88' lang='grc' dir='ltr'><strong><em>τὸν</em></strong></span> <span class='ocrx_word' id='word_1_114' title='bbox 776 1797 889 1875; x_wconf 85' lang='grc' dir='ltr'><strong><em>μὲν</em></strong></span> <span class='ocrx_word' id='word_1_115' title='bbox 929 1796 1302 1877; x_wconf 82' lang='grc' dir='ltr'><strong><em>βουκολέων,</em></strong></span> <span class='ocrx_word' id='word_1_116' title='bbox 1348 1797 1455 1861; x_wconf 78' lang='grc' dir='ltr'><strong><em>τὸν</em></strong></span> <span class='ocrx_word' id='word_1_117' title='bbox 1500 1797 1557 1859; x_wconf 86' lang='grc' dir='ltr'><strong><em>δ’</em></strong></span> <span class='ocrx_word' id='word_1_118' title='bbox 1607 1821 1851 1902; x_wconf 84' lang='grc' dir='ltr'><strong><em>αργυφα</em></strong></span> <span class='ocrx_word' id='word_1_119' title='bbox 1892 1798 2047 1876; x_wconf 80' lang='grc' dir='ltr'><strong><em>μῆλα</em></strong></span> <span class='ocrx_word' id='word_1_120' title='bbox 2092 1795 2394 1874; x_wconf 82' lang='grc' dir='ltr'><strong><em>νομεύων·</em></strong></span> <span class='ocrx_word' id='word_1_121' title='bbox 2739 1805 2805 1853; x_wconf 82' lang='grc'><strong><em>85</em></strong></span> 
     </span>
     <span class='ocr_line' id='line_1_18' title="bbox 633 1879 2236 1994; baseline 0 -54"><span class='ocrx_word' id='word_1_122' title='bbox 633 1879 807 1963; x_wconf 76' lang='grc' dir='ltr'><strong><em>ἐγγὺς</em></strong></span> <span class='ocrx_word' id='word_1_123' title='bbox 851 1882 962 1961; x_wconf 81' lang='grc' dir='ltr'><strong><em>γὰρ</em></strong></span> <span class='ocrx_word' id='word_1_124' title='bbox 1009 1879 1225 1955; x_wconf 90' lang='grc' dir='ltr'><strong><em>νυκτός</em></strong></span> <span class='ocrx_word' id='word_1_125' title='bbox 1268 1906 1329 1944; x_wconf 90' lang='grc' dir='ltr'><strong><em>τε</em></strong></span> <span class='ocrx_word' id='word_1_126' title='bbox 1373 1884 1475 1946; x_wconf 87' lang='grc' dir='ltr'><strong><em>και</em></strong></span> <span class='ocrx_word' id='word_1_127' title='bbox 1514 1884 1738 1994; x_wconf 76' lang='grc' dir='ltr'><strong><em>ἤματός</em></strong></span> <span class='ocrx_word' id='word_1_128' title='bbox 1782 1884 1895 1945; x_wconf 77' lang='grc' dir='ltr'><strong><em>εἰσι</em></strong></span> <span class='ocrx_word' id='word_1_129' title='bbox 1939 1880 2236 1946; x_wconf 84' lang='grc' dir='ltr'><strong><em>κέλευθοι</em></strong></span> 
     </span>
     <span class='ocr_line' id='line_1_19' title="bbox 553 1942 2498 2050; baseline -0.001 -22"><span class='ocrx_word' id='word_1_130' title='bbox 553 1970 591 2028; x_wconf 95' lang='lat' dir='ltr'>b</span> <span class='ocrx_word' id='word_1_131' title='bbox 680 1964 820 2029; x_wconf 80' lang='grc' dir='ltr'><strong><em>ἔνθ’</em></strong></span> <span class='ocrx_word' id='word_1_132' title='bbox 869 1965 994 2029; x_wconf 76' lang='grc' dir='ltr'><strong><em>ἐπεὶ</em></strong></span> <span class='ocrx_word' id='word_1_133' title='bbox 1042 1965 1100 2041; x_wconf 80' lang='grc' dir='ltr'><strong><em>ἐς</em></strong></span> <span class='ocrx_word' id='word_1_134' title='bbox 1141 1967 1348 2049; x_wconf 80' lang='grc' dir='ltr'><strong><em>λιμένα</em></strong></span> <span class='ocrx_word' id='word_1_135' title='bbox 1391 1942 1618 2049; x_wconf 87' lang='grc' dir='ltr'><strong><em>κλυτην</em></strong></span> <span class='ocrx_word' id='word_1_136' title='bbox 1658 1969 1961 2050; x_wconf 82' lang='grc' dir='ltr'><strong><em>ἤλθομεν,</em></strong></span> <span class='ocrx_word' id='word_1_137' title='bbox 2016 1963 2096 2028; x_wconf 84' lang='grc' dir='ltr'><strong><em>ὸν</em></strong></span> <span class='ocrx_word' id='word_1_138' title='bbox 2137 1964 2273 2044; x_wconf 89' lang='grc' dir='ltr'><strong><em>πέρι</em></strong></span> <span class='ocrx_word' id='word_1_139' title='bbox 2316 1963 2498 2043; x_wconf 85' lang='grc' dir='ltr'><strong><em>πέτρη</em></strong></span> 
     </span>
     <span class='ocr_line' id='line_1_20' title="bbox 636 2049 2104 2156; baseline -0.002 -43"><span class='ocrx_word' id='word_1_140' title='bbox 636 2049 915 2156; x_wconf 82' lang='grc' dir='ltr'><strong><em>ἠλίβατος</em></strong></span> <span class='ocrx_word' id='word_1_141' title='bbox 961 2049 1238 2132; x_wconf 82' lang='grc' dir='ltr'><strong><em>τετύχηκε</em></strong></span> <span class='ocrx_word' id='word_1_142' title='bbox 1283 2053 1605 2135; x_wconf 79' lang='grc' dir='ltr'><strong><em>διαμπερὲς</em></strong></span> <span class='ocrx_word' id='word_1_143' title='bbox 1647 2051 2104 2131; x_wconf 85' lang='grc' dir='ltr'><strong><em>αμφοτέρωθεν,</em></strong></span> 
     </span>
     <span class='ocr_line' id='line_1_21' title="bbox 631 2132 2005 2246; baseline -0.001 -49"><span class='ocrx_word' id='word_1_144' title='bbox 631 2132 809 2198; x_wconf 72' lang='grc' dir='ltr'><strong><em>ἀκταὶ</em></strong></span> <span class='ocrx_word' id='word_1_145' title='bbox 862 2136 925 2199; x_wconf 80' lang='grc' dir='ltr'><strong><em>δὲ</em></strong></span> <span class='ocrx_word' id='word_1_146' title='bbox 968 2140 1292 2240; x_wconf 84' lang='grc' dir='ltr'><strong><em>προβλῆτες</em></strong></span> <span class='ocrx_word' id='word_1_147' title='bbox 1337 2138 1603 2201; x_wconf 79' lang='grc' dir='ltr'><strong><em>ἐναντίαι</em></strong></span> <span class='ocrx_word' id='word_1_148' title='bbox 1634 2136 2005 2246; x_wconf 75' lang='grc' dir='ltr'><strong><em>ἀλλήλῃσιν</em></strong></span> 
     </span>
     <span class='ocr_line' id='line_1_22' title="bbox 632 2216 2813 2304; baseline -0.003 -21"><span class='ocrx_word' id='word_1_149' title='bbox 632 2220 698 2283; x_wconf 89' lang='grc' dir='ltr'><strong><em>ἐν</em></strong></span> <span class='ocrx_word' id='word_1_150' title='bbox 739 2222 984 2300; x_wconf 84' lang='grc' dir='ltr'><strong><em>στόματι</em></strong></span> <span class='ocrx_word' id='word_1_151' title='bbox 1028 2218 1424 2303; x_wconf 83' lang='grc' dir='ltr'><strong><em>προύχουσιν,</em></strong></span> <span class='ocrx_word' id='word_1_152' title='bbox 1469 2222 1653 2304; x_wconf 80' lang='grc' dir='ltr'><strong><em>ἆραιη</em></strong></span> <span class='ocrx_word' id='word_1_153' title='bbox 1700 2220 1757 2282; x_wconf 89' lang='grc' dir='ltr'><strong><em>δ’</em></strong></span> <span class='ocrx_word' id='word_1_154' title='bbox 1806 2219 2038 2293; x_wconf 87' lang='grc' dir='ltr'><strong><em>εισοδός</em></strong></span> <span class='ocrx_word' id='word_1_155' title='bbox 2082 2216 2271 2281; x_wconf 87' lang='grc' dir='ltr'><strong><em>ἐστιν·</em></strong></span> <span class='ocrx_word' id='word_1_156' title='bbox 2743 2229 2813 2277; x_wconf 86' lang='grc'><strong><em>90</em></strong></span> 
     </span>
     <span class='ocr_line' id='line_1_23' title="bbox 632 2304 2256 2389; baseline -0.003 -20"><span class='ocrx_word' id='word_1_157' title='bbox 632 2306 772 2369; x_wconf 77' lang='grc' dir='ltr'><strong><em>ἔνθ’</em></strong></span> <span class='ocrx_word' id='word_1_158' title='bbox 823 2309 892 2370; x_wconf 82' lang='grc' dir='ltr'><strong><em>οἴ</em></strong></span> <span class='ocrx_word' id='word_1_159' title='bbox 925 2306 988 2389; x_wconf 82' lang='grc' dir='ltr'><strong><em>γ’</em></strong></span> <span class='ocrx_word' id='word_1_160' title='bbox 1038 2309 1183 2370; x_wconf 82' lang='grc' dir='ltr'><strong><em>εἴσω</em></strong></span> <span class='ocrx_word' id='word_1_161' title='bbox 1225 2308 1443 2383; x_wconf 88' lang='grc' dir='ltr'><strong><em>πάντες</em></strong></span> <span class='ocrx_word' id='word_1_162' title='bbox 1489 2309 1627 2389; x_wconf 79' lang='grc' dir='ltr'><strong><em>ἔχον</em></strong></span> <span class='ocrx_word' id='word_1_163' title='bbox 1671 2308 1807 2380; x_wconf 82' lang='grc' dir='ltr'><strong><em>νέας</em></strong></span> <span class='ocrx_word' id='word_1_164' title='bbox 1849 2304 2256 2384; x_wconf 71' lang='grc' dir='ltr'><strong><em>ἀμφιελίσσας.</em></strong></span> 
     </span>
     <span class='ocr_line' id='line_1_24' title="bbox 561 2389 2217 2501; baseline -0.004 -46"><span class='ocrx_word' id='word_1_165' title='bbox 561 2411 633 2455; x_wconf 72' lang='grc' dir='ltr'><strong><em>θα</em></strong></span> <span class='ocrx_word' id='word_1_166' title='bbox 690 2394 756 2454; x_wconf 76' lang='grc' dir='ltr'><strong><em>αἲ</em></strong></span> <span class='ocrx_word' id='word_1_167' title='bbox 798 2392 907 2472; x_wconf 79' lang='grc' dir='ltr'><strong><em>μὲν</em></strong></span> <span class='ocrx_word' id='word_1_168' title='bbox 950 2392 1055 2501; x_wconf 75' lang='grc' dir='ltr'><strong><em>ἄρ’</em></strong></span> <span class='ocrx_word' id='word_1_169' title='bbox 1104 2394 1391 2456; x_wconf 79' lang='grc' dir='ltr'><strong><em>ἔντοσθεν</em></strong></span> <span class='ocrx_word' id='word_1_170' title='bbox 1433 2394 1666 2474; x_wconf 83' lang='grc' dir='ltr'><strong><em>λιμένος</em></strong></span> <span class='ocrx_word' id='word_1_171' title='bbox 1711 2394 1932 2454; x_wconf 85' lang='grc' dir='ltr'><strong><em>κοίλοιο</em></strong></span> <span class='ocrx_word' id='word_1_172' title='bbox 1979 2389 2217 2453; x_wconf 82' lang='grc' dir='ltr'><strong><em>δέδεντο</em></strong></span> 
     </span>
     <span class='ocr_line' id='line_1_25' title="bbox 631 2471 2420 2587; baseline -0.003 -47"><span class='ocrx_word' id='word_1_173' title='bbox 631 2482 906 2581; x_wconf 87' lang='grc' dir='ltr'><strong><em>πλησίαι·</em></strong></span> <span class='ocrx_word' id='word_1_174' title='bbox 951 2476 1022 2541; x_wconf 80' lang='grc' dir='ltr'><strong><em>οὐ</em></strong></span> <span class='ocrx_word' id='word_1_175' title='bbox 1069 2478 1178 2556; x_wconf 81' lang='grc' dir='ltr'><strong><em>μὲν</em></strong></span> <span class='ocrx_word' id='word_1_176' title='bbox 1222 2478 1337 2560; x_wconf 62' lang='grc' dir='ltr'><strong><em>γάρ</em></strong></span> <span class='ocrx_word' id='word_1_177' title='bbox 1381 2477 1517 2540; x_wconf 90' lang='grc' dir='ltr'><strong><em>ποτ’</em></strong></span> <span class='ocrx_word' id='word_1_178' title='bbox 1564 2477 1765 2553; x_wconf 72' lang='grc' dir='ltr'><strong><em>ἀέξετο</em></strong></span> <span class='ocrx_word' id='word_1_179' title='bbox 1809 2472 1970 2587; x_wconf 83' lang='grc' dir='ltr'><strong><em>κῦμά</em></strong></span> <span class='ocrx_word' id='word_1_180' title='bbox 2012 2472 2069 2555; x_wconf 82' lang='grc' dir='ltr'><strong><em>γ’</em></strong></span> <span class='ocrx_word' id='word_1_181' title='bbox 2119 2472 2184 2536; x_wconf 89' lang='grc' dir='ltr'><strong><em>ἐν</em></strong></span> <span class='ocrx_word' id='word_1_182' title='bbox 2227 2471 2420 2557; x_wconf 79' lang='grc' dir='ltr'><strong><em>αὖτω,</em></strong></span> 
     </span>
     <span class='ocr_line' id='line_1_26' title="bbox 632 2555 2378 2667; baseline -0.004 -41"><span class='ocrx_word' id='word_1_183' title='bbox 632 2587 766 2626; x_wconf 90' lang='grc' dir='ltr'><strong><em>ουτε</em></strong></span> <span class='ocrx_word' id='word_1_184' title='bbox 808 2563 940 2667; x_wconf 89' lang='grc' dir='ltr'><strong><em>μέγ’</em></strong></span> <span class='ocrx_word' id='word_1_185' title='bbox 991 2562 1133 2625; x_wconf 88' lang='grc' dir='ltr'><strong><em>ουτ’</em></strong></span> <span class='ocrx_word' id='word_1_186' title='bbox 1182 2561 1417 2645; x_wconf 81' lang='grc' dir='ltr'><strong><em>ὀλίγον·</em></strong></span> <span class='ocrx_word' id='word_1_187' title='bbox 1468 2560 1652 2644; x_wconf 79' lang='grc' dir='ltr'><strong><em>λευκὴ</em></strong></span> <span class='ocrx_word' id='word_1_188' title='bbox 1696 2560 1759 2625; x_wconf 86' lang='grc' dir='ltr'><strong><em>δ’</em></strong></span> <span class='ocrx_word' id='word_1_189' title='bbox 1807 2555 1887 2642; x_wconf 83' lang='grc' dir='ltr'><strong><em>ἦν</em></strong></span> <span class='ocrx_word' id='word_1_190' title='bbox 1928 2557 2085 2638; x_wconf 69' lang='grc' dir='ltr'><strong><em>ἀμφὶ</em></strong></span> <span class='ocrx_word' id='word_1_191' title='bbox 2130 2558 2378 2642; x_wconf 83' lang='grc' dir='ltr'><strong><em>γαλήνη.</em></strong></span> 
     </span>
     <span class='ocr_line' id='line_1_27' title="bbox 560 2641 2797 2745; baseline -0.004 -33"><span class='ocrx_word' id='word_1_192' title='bbox 560 2668 632 2712; x_wconf 76' lang='grc' dir='ltr'><strong><em>θα</em></strong></span> <span class='ocrx_word' id='word_1_193' title='bbox 691 2643 879 2728; x_wconf 82' lang='grc' dir='ltr'><strong><em>αὐταρ</em></strong></span> <span class='ocrx_word' id='word_1_194' title='bbox 924 2641 1077 2726; x_wconf 77' lang='grc' dir='ltr'><strong><em>ἐγων</em></strong></span> <span class='ocrx_word' id='word_1_195' title='bbox 1121 2643 1243 2722; x_wconf 83' lang='grc' dir='ltr'><strong><em>οἷος</em></strong></span> <span class='ocrx_word' id='word_1_196' title='bbox 1287 2649 1511 2729; x_wconf 83' lang='grc' dir='ltr'><strong><em>σχέθον</em></strong></span> <span class='ocrx_word' id='word_1_197' title='bbox 1556 2650 1667 2726; x_wconf 72' lang='grc' dir='ltr'><strong><em>ἔξω</em></strong></span> <span class='ocrx_word' id='word_1_198' title='bbox 1711 2649 1828 2728; x_wconf 82' lang='grc' dir='ltr'><strong><em>νῆα</em></strong></span> <span class='ocrx_word' id='word_1_199' title='bbox 1870 2646 2189 2745; x_wconf 88' lang='grc' dir='ltr'><strong><em>μέλαιναν,</em></strong></span> <span class='ocrx_word' id='word_1_200' title='bbox 2731 2654 2797 2702; x_wconf 86' lang='grc'><strong><em>95</em></strong></span> 
     </span>
     <span class='ocr_line' id='line_1_28' title="bbox 371 2726 2257 2835; baseline -0.002 -42"><span class='ocrx_word' id='word_1_201' title='bbox 371 2754 435 2801; x_wconf 88' lang='lat'><strong><em>10</em></strong></span> <span class='ocrx_word' id='word_1_202' title='bbox 634 2731 823 2793; x_wconf 78' lang='grc' dir='ltr'><strong><em>αὐτοῦ</em></strong></span> <span class='ocrx_word' id='word_1_203' title='bbox 869 2730 964 2795; x_wconf 82' lang='grc' dir='ltr'><strong><em>ἐπ’</em></strong></span> <span class='ocrx_word' id='word_1_204' title='bbox 1018 2731 1289 2835; x_wconf 79' lang='grc' dir='ltr'><strong><em>ἐσχατιῇ,</em></strong></span> <span class='ocrx_word' id='word_1_205' title='bbox 1333 2734 1551 2812; x_wconf 85' lang='grc' dir='ltr'><strong><em>πέτρης</em></strong></span> <span class='ocrx_word' id='word_1_206' title='bbox 1597 2731 1661 2795; x_wconf 83' lang='grc' dir='ltr'><strong><em>ἐκ</em></strong></span> <span class='ocrx_word' id='word_1_207' title='bbox 1706 2733 1999 2812; x_wconf 88' lang='grc' dir='ltr'><strong><em>πείσματα</em></strong></span> <span class='ocrx_word' id='word_1_208' title='bbox 2043 2726 2257 2810; x_wconf 83' lang='grc' dir='ltr'><strong><em>δήσας·</em></strong></span> 
     </span>
     <span class='ocr_line' id='line_1_29' title="bbox 498 2811 2162 2898; baseline -0.002 -19"><span class='ocrx_word' id='word_1_209' title='bbox 498 2831 504 2838; x_wconf 83' lang='grc'><em>’</em></span> <span class='ocrx_word' id='word_1_210' title='bbox 636 2817 811 2894; x_wconf 76' lang='grc' dir='ltr'><strong><em>ἔστην</em></strong></span> <span class='ocrx_word' id='word_1_211' title='bbox 855 2818 921 2880; x_wconf 81' lang='grc' dir='ltr'><strong><em>δὲ</em></strong></span> <span class='ocrx_word' id='word_1_212' title='bbox 965 2811 1225 2898; x_wconf 72' lang='grc' dir='ltr'><strong><em>σκοπιὴν</em></strong></span> <span class='ocrx_word' id='word_1_213' title='bbox 1268 2817 1325 2891; x_wconf 86' lang='grc' dir='ltr'><strong><em>ἐς</em></strong></span> <span class='ocrx_word' id='word_1_214' title='bbox 1368 2820 1819 2882; x_wconf 84' lang='grc' dir='ltr'><strong><em>παιπαλόεσσαν</em></strong></span> <span class='ocrx_word' id='word_1_215' title='bbox 1861 2813 2162 2879; x_wconf 84' lang='grc' dir='ltr'><strong><em>ανελθων.</em></strong></span> 
     </span>
     <span class='ocr_line' id='line_1_30' title="bbox 548 2896 2344 2984; baseline -0.002 -21"><span class='ocrx_word' id='word_1_216' title='bbox 548 2906 585 2963; x_wconf 86' lang='lat' dir='ltr'><strong>d</strong></span> <span class='ocrx_word' id='word_1_217' title='bbox 673 2901 826 2963; x_wconf 75' lang='grc' dir='ltr'><strong><em>ἔνθα</em></strong></span> <span class='ocrx_word' id='word_1_218' title='bbox 868 2901 981 2983; x_wconf 84' lang='grc' dir='ltr'><strong><em>μὲν</em></strong></span> <span class='ocrx_word' id='word_1_219' title='bbox 1023 2901 1161 2966; x_wconf 71' lang='grc' dir='ltr'><strong><em>οὔτε</em></strong></span> <span class='ocrx_word' id='word_1_220' title='bbox 1206 2906 1372 2984; x_wconf 77' lang='grc' dir='ltr'><strong><em>βοῶν</em></strong></span> <span class='ocrx_word' id='word_1_221' title='bbox 1413 2902 1544 2967; x_wconf 81' lang='grc' dir='ltr'><strong><em>οὐτ’</em></strong></span> <span class='ocrx_word' id='word_1_222' title='bbox 1593 2896 1835 2977; x_wconf 73' lang='grc' dir='ltr'><strong><em>ἄνδρων</em></strong></span> <span class='ocrx_word' id='word_1_223' title='bbox 1880 2904 2125 2976; x_wconf 85' lang='grc' dir='ltr'><strong><em>φαίνετο</em></strong></span> <span class='ocrx_word' id='word_1_224' title='bbox 2169 2899 2344 2978; x_wconf 75' lang='grc' dir='ltr'><strong><em>ἔργα,</em></strong></span> 
     </span>
     <span class='ocr_line' id='line_1_31' title="bbox 633 2982 2187 3068; baseline -0.001 -21"><span class='ocrx_word' id='word_1_225' title='bbox 633 2982 866 3048; x_wconf 85' lang='grc' dir='ltr'><strong><em>καπνὸν</em></strong></span> <span class='ocrx_word' id='word_1_226' title='bbox 909 2986 964 3047; x_wconf 86' lang='grc' dir='ltr'><strong><em>δ’</em></strong></span> <span class='ocrx_word' id='word_1_227' title='bbox 1014 2983 1212 3050; x_wconf 65' lang='grc' dir='ltr'><strong><em>οἷον“</em></strong></span> <span class='ocrx_word' id='word_1_228' title='bbox 1184 2991 1417 3066; x_wconf 81' lang='grc' dir='ltr'><strong><em>ορῶμεν</em></strong></span> <span class='ocrx_word' id='word_1_229' title='bbox 1459 2986 1580 3051; x_wconf 80' lang='grc' dir='ltr'><strong><em>άπὸ</em></strong></span> <span class='ocrx_word' id='word_1_230' title='bbox 1622 2987 1844 3068; x_wconf 80' lang='grc' dir='ltr'><strong><em>χθονὸς</em></strong></span> <span class='ocrx_word' id='word_1_231' title='bbox 1886 2985 2187 3049; x_wconf 75' lang='grc' dir='ltr'><strong><em>ἀίσσοντα.</em></strong></span> 
     </span>
     <span class='ocr_line' id='line_1_32' title="bbox 563 3066 2806 3153; baseline -0.004 -18"><span class='ocrx_word' id='word_1_232' title='bbox 563 3071 634 3140; x_wconf 74' lang='grc' dir='ltr'><strong><em>εβ</em></strong></span> <span class='ocrx_word' id='word_1_233' title='bbox 690 3066 766 3152; x_wconf 83' lang='grc' dir='ltr'><strong><em>δὴ</em></strong></span> <span class='ocrx_word' id='word_1_234' title='bbox 810 3071 934 3135; x_wconf 91' lang='grc' dir='ltr'><strong><em>τότ’</em></strong></span> <span class='ocrx_word' id='word_1_235' title='bbox 985 3070 1135 3153; x_wconf 87' lang='grc' dir='ltr'><strong><em>ἐγων</em></strong></span> <span class='ocrx_word' id='word_1_236' title='bbox 1180 3073 1422 3151; x_wconf 76' lang='grc' dir='ltr'><strong><em>ἑτάρους</em></strong></span> <span class='ocrx_word' id='word_1_237' title='bbox 1464 3078 1702 3150; x_wconf 82' lang='grc' dir='ltr'><strong><em>προΐειν</em></strong></span> <span class='ocrx_word' id='word_1_238' title='bbox 1742 3072 2088 3136; x_wconf 89' lang='grc' dir='ltr'><strong><em>πεύθεσθαι</em></strong></span> <span class='ocrx_word' id='word_1_239' title='bbox 2130 3069 2364 3143; x_wconf 83' lang='grc' dir='ltr'><strong><em>ἰόντας,</em></strong></span> <span class='ocrx_word' id='word_1_240' title='bbox 2706 3081 2806 3128; x_wconf 86' lang='grc'><strong><em>100</em></strong></span> 
     </span>
     <span class='ocr_line' id='line_1_33' title="bbox 633 3153 2189 3240; baseline 0.001 -23"><span class='ocrx_word' id='word_1_241' title='bbox 633 3157 701 3218; x_wconf 90' lang='grc' dir='ltr'><strong><em>οι</em></strong></span> <span class='ocrx_word' id='word_1_242' title='bbox 737 3182 893 3229; x_wconf 86' lang='grc' dir='ltr'><strong><em>τινες</em></strong></span> <span class='ocrx_word' id='word_1_243' title='bbox 936 3154 1141 3240; x_wconf 88' lang='grc' dir='ltr'><strong><em>ανέρες</em></strong></span> <span class='ocrx_word' id='word_1_244' title='bbox 1185 3153 1304 3221; x_wconf 79' lang='grc' dir='ltr'><strong><em>εἷεν</em></strong></span> <span class='ocrx_word' id='word_1_245' title='bbox 1349 3158 1444 3221; x_wconf 77' lang='grc' dir='ltr'><strong><em>ἐπὶ</em></strong></span> <span class='ocrx_word' id='word_1_246' title='bbox 1490 3160 1670 3240; x_wconf 78' lang='grc' dir='ltr'><strong><em>χθονὶ</em></strong></span> <span class='ocrx_word' id='word_1_247' title='bbox 1712 3166 1879 3220; x_wconf 86' lang='grc' dir='ltr'><strong><em>σῖτον</em></strong></span> <span class='ocrx_word' id='word_1_248' title='bbox 1921 3157 2189 3233; x_wconf 81' lang='grc' dir='ltr'><strong><em>ἔδοντες,</em></strong></span> 
     </span>
     <span class='ocr_line' id='line_1_34' title="bbox 630 3236 2333 3346; baseline -0.001 -44"><span class='ocrx_word' id='word_1_249' title='bbox 630 3241 818 3320; x_wconf 89' lang='grc' dir='ltr'><strong><em>ανδρε</em></strong></span> <span class='ocrx_word' id='word_1_250' title='bbox 862 3241 990 3305; x_wconf 85' lang='grc' dir='ltr'><strong><em>δύω</em></strong></span> <span class='ocrx_word' id='word_1_251' title='bbox 1035 3246 1274 3322; x_wconf 88' lang='grc' dir='ltr'><strong><em>κρίνας,</em></strong></span> <span class='ocrx_word' id='word_1_252' title='bbox 1318 3245 1591 3319; x_wconf 87' lang='grc' dir='ltr'><strong><em>τρίτατον</em></strong></span> <span class='ocrx_word' id='word_1_253' title='bbox 1616 3242 1846 3346; x_wconf 84' lang='grc' dir='ltr'><strong><em>κήρυχ’</em></strong></span> <span class='ocrx_word' id='word_1_254' title='bbox 1893 3236 2000 3322; x_wconf 69' lang='grc' dir='ltr'><strong><em>οἶμ’</em></strong></span> <span class='ocrx_word' id='word_1_255' title='bbox 2050 3239 2333 3316; x_wconf 81' lang='grc' dir='ltr'><strong><em>ὀπάσσας.</em></strong></span> 
     </span>
     <span class='ocr_line' id='line_1_35' title="bbox 552 3322 2283 3414; baseline 0.001 -27"><span class='ocrx_word' id='word_1_256' title='bbox 552 3330 590 3387; x_wconf 90' lang='lat' dir='ltr'><strong>d</strong></span> <span class='ocrx_word' id='word_1_257' title='bbox 678 3330 739 3388; x_wconf 80' lang='grc' dir='ltr'><strong><em>οἳ</em></strong></span> <span class='ocrx_word' id='word_1_258' title='bbox 783 3326 842 3388; x_wconf 85' lang='grc' dir='ltr'><strong><em>δ’</em></strong></span> <span class='ocrx_word' id='word_1_259' title='bbox 892 3328 1032 3390; x_wconf 82' lang='grc' dir='ltr'><strong><em>ἴσαν</em></strong></span> <span class='ocrx_word' id='word_1_260' title='bbox 1076 3326 1353 3410; x_wconf 75' lang='grc' dir='ltr'><strong><em>ἐκβάντες</em></strong></span> <span class='ocrx_word' id='word_1_261' title='bbox 1393 3331 1561 3410; x_wconf 84' lang='grc' dir='ltr'><strong><em>λείην</em></strong></span> <span class='ocrx_word' id='word_1_262' title='bbox 1603 3323 1777 3400; x_wconf 83' lang='grc' dir='ltr'><strong><em>ὁδόν,</em></strong></span> <span class='ocrx_word' id='word_1_263' title='bbox 1822 3322 1867 3414; x_wconf 70' lang='grc' dir='ltr'><strong><em>ᾖ</em></strong></span> <span class='ocrx_word' id='word_1_264' title='bbox 1908 3350 2018 3408; x_wconf 88' lang='grc' dir='ltr'><strong><em>περ</em></strong></span> <span class='ocrx_word' id='word_1_265' title='bbox 2060 3326 2283 3404; x_wconf 69' lang='grc' dir='ltr'><strong><em>ἄμαξαι</em></strong></span> 
     </span>
     <span class='ocr_line' id='line_1_36' title="bbox 632 3409 2162 3514; baseline -0.003 -38"><span class='ocrx_word' id='word_1_266' title='bbox 632 3409 853 3476; x_wconf 87' lang='grc' dir='ltr'><strong><em>αστυδ’</em></strong></span> <span class='ocrx_word' id='word_1_267' title='bbox 899 3410 1012 3489; x_wconf 82' lang='grc' dir='ltr'><strong><em>ἆφ</em></strong></span> <span class='ocrx_word' id='word_1_268' title='bbox 1061 3411 1321 3492; x_wconf 84' lang='grc' dir='ltr'><strong><em>ὖψηλων</em></strong></span> <span class='ocrx_word' id='word_1_269' title='bbox 1364 3411 1552 3488; x_wconf 79' lang='grc' dir='ltr'><strong><em>ὀρέων</em></strong></span> <span class='ocrx_word' id='word_1_270' title='bbox 1594 3416 1945 3514; x_wconf 78' lang='grc' dir='ltr'><strong><em>καταγίνεον</em></strong></span> <span class='ocrx_word' id='word_1_271' title='bbox 1987 3410 2162 3491; x_wconf 88' lang='grc' dir='ltr'><strong><em>υλην.</em></strong></span> 
     </span>
     <span class='ocr_line' id='line_1_37' title="bbox 547 3490 2804 3582; baseline -0.001 -24"><span class='ocrx_word' id='word_1_272' title='bbox 547 3501 585 3558; x_wconf 91' lang='lat' dir='ltr'><strong>d</strong></span> <span class='ocrx_word' id='word_1_273' title='bbox 675 3498 864 3582; x_wconf 87' lang='grc' dir='ltr'><strong><em>κούρῃ</em></strong></span> <span class='ocrx_word' id='word_1_274' title='bbox 908 3497 973 3560; x_wconf 82' lang='grc' dir='ltr'><strong><em>δὲ</em></strong></span> <span class='ocrx_word' id='word_1_275' title='bbox 1019 3500 1359 3580; x_wconf 86' lang='grc' dir='ltr'><strong><em>ξύμβληντο</em></strong></span> <span class='ocrx_word' id='word_1_276' title='bbox 1400 3501 1516 3574; x_wconf 86' lang='grc' dir='ltr'><strong><em>πρὸ</em></strong></span> <span class='ocrx_word' id='word_1_277' title='bbox 1559 3501 1767 3573; x_wconf 73' lang='grc' dir='ltr'><strong><em>ἄστεος</em></strong></span> <span class='ocrx_word' id='word_1_278' title='bbox 1811 3490 2185 3581; x_wconf 71' lang='grc' dir='ltr'><strong><em>ὑδρευούσῃ,</em></strong></span> <span class='ocrx_word' id='word_1_279' title='bbox 2706 3507 2804 3555; x_wconf 81' lang='grc'><strong><em>105</em></strong></span> 
     </span>
     <span class='ocr_line' id='line_1_38' title="bbox 632 3523 2118 3690; baseline -0.002 -45"><span class='ocrx_word' id='word_1_280' title='bbox 632 3523 921 3662; x_wconf 80' lang='grc' dir='ltr'><strong><em>θυγατέρ’</em></strong></span> <span class='ocrx_word' id='word_1_281' title='bbox 928 3584 1200 3690; x_wconf 79' lang='grc' dir='ltr'><strong><em>ἰφθίμῃ</em></strong></span> <span class='ocrx_word' id='word_1_282' title='bbox 1244 3585 1699 3664; x_wconf 88' lang='grc' dir='ltr'><strong><em>Λαιστρυγόνος</em></strong></span> <span class='ocrx_word' id='word_1_283' title='bbox 1738 3580 2118 3655; x_wconf 75' lang='grc' dir='ltr'><strong><em>Ἀντιφάταο.</em></strong></span> 
     </span>
     <span class='ocr_line' id='line_1_39' title="bbox 550 3664 2270 3749; baseline -0.002 -19"><span class='ocrx_word' id='word_1_284' title='bbox 550 3671 590 3730; x_wconf 85' lang='lat' dir='ltr'>d</span> <span class='ocrx_word' id='word_1_285' title='bbox 673 3665 718 3748; x_wconf 77' lang='grc' dir='ltr'><strong><em>ἢ</em></strong></span> <span class='ocrx_word' id='word_1_286' title='bbox 759 3667 870 3746; x_wconf 78' lang='grc' dir='ltr'><strong><em>μὲν</em></strong></span> <span class='ocrx_word' id='word_1_287' title='bbox 912 3664 1014 3740; x_wconf 79' lang='grc' dir='ltr'><strong><em>αρ’</em></strong></span> <span class='ocrx_word' id='word_1_288' title='bbox 1065 3667 1123 3741; x_wconf 89' lang='grc' dir='ltr'><strong><em>ἐς</em></strong></span> <span class='ocrx_word' id='word_1_289' title='bbox 1166 3668 1401 3747; x_wconf 77' lang='grc' dir='ltr'><strong><em>κρήνην</em></strong></span> <span class='ocrx_word' id='word_1_290' title='bbox 1442 3670 1796 3749; x_wconf 86' lang='grc' dir='ltr'><strong><em>κατεβησετο</em></strong></span> <span class='ocrx_word' id='word_1_291' title='bbox 1841 3665 2270 3744; x_wconf 83' lang='grc' dir='ltr'><strong><em>καλλιρέεθρον</em></strong></span> 
     </span>
     <span class='ocr_line' id='line_1_40' title="bbox 629 3748 2351 3833; baseline -0.001 -20.991"><span class='ocrx_word' id='word_1_292' title='bbox 629 3749 976 3830; x_wconf 78' lang='grc' dir='ltr'><strong><em>Ἀρτακίην·</em></strong></span> <span class='ocrx_word' id='word_1_293' title='bbox 1022 3752 1205 3815; x_wconf 74' lang='grc' dir='ltr'><strong><em>ἔνθεν</em></strong></span> <span class='ocrx_word' id='word_1_294' title='bbox 1247 3775 1360 3833; x_wconf 85' lang='grc' dir='ltr'><strong><em>γαρ</em></strong></span> <span class='ocrx_word' id='word_1_295' title='bbox 1405 3753 1572 3830; x_wconf 86' lang='grc' dir='ltr'><strong><em>υδωρ</em></strong></span> <span class='ocrx_word' id='word_1_296' title='bbox 1617 3752 1788 3831; x_wconf 77' lang='grc' dir='ltr'><strong><em>προτὶ</em></strong></span> <span class='ocrx_word' id='word_1_297' title='bbox 1833 3754 1983 3814; x_wconf 75' lang='grc' dir='ltr'><strong><em>ἄστυ</em></strong></span> <span class='ocrx_word' id='word_1_298' title='bbox 2029 3748 2351 3828; x_wconf 81' lang='grc' dir='ltr'><strong><em>φέρεσκον·</em></strong></span> 
     </span>
     <span class='ocr_line' id='line_1_41' title="bbox 560 3832 2352 3940; baseline -0.002 -40"><span class='ocrx_word' id='word_1_299' title='bbox 560 3836 632 3906; x_wconf 76' lang='grc' dir='ltr'><strong><em>οβ</em></strong></span> <span class='ocrx_word' id='word_1_300' title='bbox 687 3837 747 3898; x_wconf 73' lang='grc' dir='ltr'><strong><em>οἳ</em></strong></span> <span class='ocrx_word' id='word_1_301' title='bbox 790 3836 857 3899; x_wconf 74' lang='grc' dir='ltr'><strong><em>δὲ</em></strong></span> <span class='ocrx_word' id='word_1_302' title='bbox 900 3837 1326 3918; x_wconf 87' lang='grc' dir='ltr'><strong><em>παριστάμενοι</em></strong></span> <span class='ocrx_word' id='word_1_303' title='bbox 1368 3836 1825 3940; x_wconf 85' lang='grc' dir='ltr'><strong><em>προσεφωνεον,</em></strong></span> <span class='ocrx_word' id='word_1_304' title='bbox 1872 3837 1938 3900; x_wconf 92' lang='grc' dir='ltr'><strong><em>ἐκ</em></strong></span> <span class='ocrx_word' id='word_1_305' title='bbox 1982 3832 2038 3897; x_wconf 90' lang='grc' dir='ltr'><strong><em>τ’</em></strong></span> <span class='ocrx_word' id='word_1_306' title='bbox 2088 3834 2352 3912; x_wconf 79' lang='grc' dir='ltr'><strong><em>ἐρέοντο,</em></strong></span> 
     </span>
     <span class='ocr_line' id='line_1_42' title="bbox 635 3918 2806 4001; baseline -0.003 -16"><span class='ocrx_word' id='word_1_307' title='bbox 635 3947 703 3996; x_wconf 88' lang='grc' dir='ltr'><strong><em>ος</em></strong></span> <span class='ocrx_word' id='word_1_308' title='bbox 747 3946 835 3997; x_wconf 87' lang='grc' dir='ltr'><strong><em>τις</em></strong></span> <span class='ocrx_word' id='word_1_309' title='bbox 879 3920 1059 3985; x_wconf 85' lang='grc' dir='ltr'><strong><em>τωνδ’</em></strong></span> <span class='ocrx_word' id='word_1_310' title='bbox 1108 3922 1203 3998; x_wconf 80' lang='grc' dir='ltr'><strong><em>εἴη</em></strong></span> <span class='ocrx_word' id='word_1_311' title='bbox 1247 3919 1528 4001; x_wconf 89' lang='grc' dir='ltr'><strong><em>βασιλευς</em></strong></span> <span class='ocrx_word' id='word_1_312' title='bbox 1572 3924 1672 3986; x_wconf 79' lang='grc' dir='ltr'><strong><em>καὶ</em></strong></span> <span class='ocrx_word' id='word_1_313' title='bbox 1715 3931 1903 3986; x_wconf 83' lang='grc' dir='ltr'><strong><em>τοῖσιν</em></strong></span> <span class='ocrx_word' id='word_1_314' title='bbox 1944 3918 2220 3984; x_wconf 69' lang='grc' dir='ltr'><strong><em>ἀνάσσοι.</em></strong></span> <span class='ocrx_word' id='word_1_315' title='bbox 2706 3932 2806 3978; x_wconf 90' lang='grc'><strong><em>110</em></strong></span> 
     </span>
     <span class='ocr_line' id='line_1_43' title="bbox 632 4003 2375 4111; baseline -0.002 -42"><span class='ocrx_word' id='word_1_316' title='bbox 632 4006 677 4089; x_wconf 76' lang='grc' dir='ltr'><strong><em>ἢ</em></strong></span> <span class='ocrx_word' id='word_1_317' title='bbox 720 4006 788 4069; x_wconf 85' lang='grc' dir='ltr'><strong><em>δὲ</em></strong></span> <span class='ocrx_word' id='word_1_318' title='bbox 831 4004 974 4088; x_wconf 82' lang='grc' dir='ltr'><strong><em>μάλ’</em></strong></span> <span class='ocrx_word' id='word_1_319' title='bbox 1022 4004 1235 4068; x_wconf 83' lang='grc' dir='ltr'><strong><em>αὐτίκα</em></strong></span> <span class='ocrx_word' id='word_1_320' title='bbox 1279 4008 1504 4086; x_wconf 83' lang='grc' dir='ltr'><strong><em>πατρὸς</em></strong></span> <span class='ocrx_word' id='word_1_321' title='bbox 1550 4008 1881 4111; x_wconf 85' lang='grc' dir='ltr'><strong><em>ἐπέφραδεν</em></strong></span> <span class='ocrx_word' id='word_1_322' title='bbox 1923 4003 2225 4086; x_wconf 75' lang='grc' dir='ltr'><strong><em>ὑψερεφὲς</em></strong></span> <span class='ocrx_word' id='word_1_323' title='bbox 2267 4005 2375 4071; x_wconf 80' lang='grc' dir='ltr'><strong><em>δῶ.</em></strong></span> 
     </span>
     <span class='ocr_line' id='line_1_44' title="bbox 557 4088 2471 4195; baseline -0.002 -42"><span class='ocrx_word' id='word_1_324' title='bbox 557 4095 593 4153; x_wconf 87' lang='lat' dir='ltr'>d</span> <span class='ocrx_word' id='word_1_325' title='bbox 680 4095 741 4153; x_wconf 82' lang='grc' dir='ltr'><strong><em>οἳ</em></strong></span> <span class='ocrx_word' id='word_1_326' title='bbox 786 4090 853 4153; x_wconf 86' lang='grc' dir='ltr'><strong><em>δ’</em></strong></span> <span class='ocrx_word' id='word_1_327' title='bbox 904 4090 1030 4154; x_wconf 81' lang='grc' dir='ltr'><strong><em>ἐπεὶ</em></strong></span> <span class='ocrx_word' id='word_1_328' title='bbox 1073 4093 1358 4172; x_wconf 78' lang='grc' dir='ltr'><strong><em>εἰσῆλθον</em></strong></span> <span class='ocrx_word' id='word_1_329' title='bbox 1400 4088 1587 4156; x_wconf 91' lang='grc' dir='ltr'><strong><em>κλυτα</em></strong></span> <span class='ocrx_word' id='word_1_330' title='bbox 1631 4092 1904 4195; x_wconf 75' lang='grc' dir='ltr'><strong><em>δώματα,</em></strong></span> <span class='ocrx_word' id='word_1_331' title='bbox 1951 4091 2060 4170; x_wconf 88' lang='grc' dir='ltr'><strong><em>τὴν</em></strong></span> <span class='ocrx_word' id='word_1_332' title='bbox 2104 4088 2169 4151; x_wconf 77' lang='grc' dir='ltr'><strong><em>δὲ</em></strong></span> <span class='ocrx_word' id='word_1_333' title='bbox 2210 4095 2471 4170; x_wconf 82' lang='grc' dir='ltr'><strong><em>γυναῖκα</em></strong></span> 
     </span>
     <span class='ocr_line' id='line_1_45' title="bbox 636 4170 2558 4282; baseline -0.001 -44"><span class='ocrx_word' id='word_1_334' title='bbox 636 4170 848 4253; x_wconf 73' lang='grc' dir='ltr'><strong><em>εὗρον,</em></strong></span> <span class='ocrx_word' id='word_1_335' title='bbox 894 4175 1045 4256; x_wconf 88' lang='grc' dir='ltr'><strong><em>οσην</em></strong></span> <span class='ocrx_word' id='word_1_336' title='bbox 1086 4174 1141 4237; x_wconf 90' lang='grc' dir='ltr'><strong><em>τ’</em></strong></span> <span class='ocrx_word' id='word_1_337' title='bbox 1180 4174 1360 4282; x_wconf 78' lang='grc' dir='ltr'><strong><em>ὄρεος</em></strong></span> <span class='ocrx_word' id='word_1_338' title='bbox 1405 4179 1713 4259; x_wconf 83' lang='grc' dir='ltr'><strong><em>κορυφήν,</em></strong></span> <span class='ocrx_word' id='word_1_339' title='bbox 1758 4202 1906 4239; x_wconf 88' lang='grc' dir='ltr'><strong><em>κατα</em></strong></span> <span class='ocrx_word' id='word_1_340' title='bbox 1950 4174 2011 4239; x_wconf 89' lang='grc' dir='ltr'><strong><em>δ’</em></strong></span> <span class='ocrx_word' id='word_1_341' title='bbox 2063 4174 2302 4254; x_wconf 73' lang='grc' dir='ltr'><strong><em>ἔστυγον</em></strong></span> <span class='ocrx_word' id='word_1_342' title='bbox 2346 4172 2558 4254; x_wconf 80' lang='grc' dir='ltr'><strong><em>αὐτήν.</em></strong></span> 
     </span>
     <span class='ocr_line' id='line_1_46' title="bbox 549 4255 2321 4343; baseline -0.002 -21"><span class='ocrx_word' id='word_1_343' title='bbox 549 4265 587 4322; x_wconf 91' lang='lat' dir='ltr'><strong>d</strong></span> <span class='ocrx_word' id='word_1_344' title='bbox 674 4260 717 4340; x_wconf 81' lang='grc' dir='ltr'><strong><em>ἢ</em></strong></span> <span class='ocrx_word' id='word_1_345' title='bbox 758 4258 820 4322; x_wconf 90' lang='grc' dir='ltr'><strong><em>δ’</em></strong></span> <span class='ocrx_word' id='word_1_346' title='bbox 868 4255 1007 4339; x_wconf 80' lang='grc' dir='ltr'><strong><em>αἶψ’</em></strong></span> <span class='ocrx_word' id='word_1_347' title='bbox 1059 4261 1118 4337; x_wconf 82' lang='grc' dir='ltr'><strong><em>ἐξ</em></strong></span> <span class='ocrx_word' id='word_1_348' title='bbox 1160 4256 1380 4343; x_wconf 83' lang='grc' dir='ltr'><strong><em>αγορῆς</em></strong></span> <span class='ocrx_word' id='word_1_349' title='bbox 1426 4262 1624 4326; x_wconf 80' lang='grc' dir='ltr'><strong><em>ἐκάλει</em></strong></span> <span class='ocrx_word' id='word_1_350' title='bbox 1667 4261 1890 4324; x_wconf 80' lang='grc' dir='ltr'><strong><em>κλυτὸν</em></strong></span> <span class='ocrx_word' id='word_1_351' title='bbox 1928 4259 2321 4339; x_wconf 81' lang='grc' dir='ltr'><strong><em>Ἀντιφατῆα,</em></strong></span> 
     </span>
     <span class='ocr_line' id='line_1_47' title="bbox 633 4341 2803 4449; baseline -0.001 -41"><span class='ocrx_word' id='word_1_352' title='bbox 633 4346 706 4408; x_wconf 81' lang='grc' dir='ltr'><strong><em>ὃν</em></strong></span> <span class='ocrx_word' id='word_1_353' title='bbox 733 4341 952 4449; x_wconf 86' lang='grc' dir='ltr'><strong><em>πόσιν,</em></strong></span> <span class='ocrx_word' id='word_1_354' title='bbox 998 4370 1064 4420; x_wconf 90' lang='grc' dir='ltr'><strong><em>ος</em></strong></span> <span class='ocrx_word' id='word_1_355' title='bbox 1113 4346 1188 4426; x_wconf 81' lang='grc' dir='ltr'><strong><em>δὴ</em></strong></span> <span class='ocrx_word' id='word_1_356' title='bbox 1234 4354 1426 4410; x_wconf 80' lang='grc' dir='ltr'><strong><em>τοῖσιν</em></strong></span> <span class='ocrx_word' id='word_1_357' title='bbox 1470 4349 1727 4448; x_wconf 77' lang='grc' dir='ltr'><strong><em>ἐμήσατο</em></strong></span> <span class='ocrx_word' id='word_1_358' title='bbox 1770 4344 1992 4427; x_wconf 83' lang='grc' dir='ltr'><strong><em>λυγρὸν</em></strong></span> <span class='ocrx_word' id='word_1_359' title='bbox 2037 4345 2306 4423; x_wconf 76' lang='grc' dir='ltr'><strong><em>ὄλεθρον.</em></strong></span> <span class='ocrx_word' id='word_1_360' title='bbox 2706 4355 2803 4402; x_wconf 80' lang='grc'><strong><em>115</em></strong></span> 
     </span>
     <span class='ocr_line' id='line_1_48' title="bbox 549 4425 2281 4515; baseline -0.002 -24"><span class='ocrx_word' id='word_1_361' title='bbox 549 4434 587 4491; x_wconf 91' lang='lat' dir='ltr'><strong>d</strong></span> <span class='ocrx_word' id='word_1_362' title='bbox 675 4425 864 4509; x_wconf 74' lang='grc' dir='ltr'><strong><em>αὐτίχ’</em></strong></span> <span class='ocrx_word' id='word_1_363' title='bbox 915 4431 1040 4494; x_wconf 90' lang='grc' dir='ltr'><strong><em>ενα</em></strong></span> <span class='ocrx_word' id='word_1_364' title='bbox 1063 4431 1312 4514; x_wconf 85' lang='grc' dir='ltr'><strong><em>μάρψας</em></strong></span> <span class='ocrx_word' id='word_1_365' title='bbox 1359 4432 1581 4515; x_wconf 87' lang='grc' dir='ltr'><strong><em>ἑτάρων</em></strong></span> <span class='ocrx_word' id='word_1_366' title='bbox 1624 4425 1961 4494; x_wconf 74' lang='grc' dir='ltr'><strong><em>ὡπλίσσατο</em></strong></span> <span class='ocrx_word' id='word_1_367' title='bbox 2002 4431 2281 4493; x_wconf 87' lang='grc' dir='ltr'><strong><em>δεῖπνον·</em></strong></span> 
     </span>
    </p>
   </div>
  </div>
 </body>
</html>
