3132 5129
1303 353 1721 417 -99-

343 514 523 572 verba
569 533 627 571 v.
677 514 756 572 87
809 532 876 572 ex
940 512 1161 569 2459.
1218 512 1340 568 479
1389 506 1477 586 (et
1529 507 1700 584 alibi)
1738 508 1812 584 -Ι-
1852 510 2078 583 Γ353,
2138 531 2193 567 v.
2242 512 2321 567 88
2376 528 2445 568 ex
2492 530 2529 565 v
2562 510 2681 567 382

350 600 427 670 (ψ
458 597 608 671 324)
642 596 722 672 —l-
755 619 794 653 α
832 598 967 671 183,
1000 616 1057 654 v.
1093 598 1172 654 89
1205 614 1274 653 ex
1313 595 1382 650 Ψ
1406 595 1546 668 331,
1580 596 1733 653 v.91
1760 597 1900 654 exA
1932 597 2046 652 182
2081 591 2159 673 (Ζ
2183 590 2335 670 462)
2361 591 2439 668 -l-
2470 595 2680 651 3325.

351 683 618 757 Denique
690 684 945 740 usitatae
1017 680 1313 739 clausulae
1377 678 1533 737 haud
1590 679 1739 737 bene
1795 681 2105 754 praemisit
2167 673 2553 753 ἀριστεύοντα
2616 698 2683 736 ex

349 771 408 824 A
439 768 582 828 505.
633 765 684 823 Ο
715 769 859 841 460,
904 766 1123 841 quibus
1153 765 1297 823 locis
1341 764 1721 839 participium
1766 767 1966 839 aptius
2014 766 2240 842 legitur
2285 764 2357 821 dc
2401 764 2577 822 heroe
2622 764 2685 820 in

347 853 536 927 prima
580 867 826 910 suorum
872 852 1088 910 civium
1134 850 1259 908 acie
1302 853 1629 925 pugnante.

518 937 681 1006 Quae
746 935 958 994 deinde
1025 935 1102 993 ad
1159 934 1408 993 Menelai
1476 934 1804 992 orationem
1872 934 2367 992 introducendam
2436 935 2684 991 92—95

347 1023 657 1097 leguntur,
730 1041 802 1079 ex
863 1021 899 1076 Ι
942 1019 1673 1079 29—31=694-696
1740 1038 2017 1093 expressa
2083 1023 2249 1094 sunt,
2313 1019 2469 1076 unde
2526 1022 2686 1076 totus

346 1125 554 1165 versus
618 1107 696 1164 92
753 1106 1146 1179 transcriptus
1214 1108 1303 1162 est
1370 1104 1585 1162 ceteris
1651 1104 1830 1178 paulo
1886 1104 2133 1162 liberius
2189 1105 2477 1162 tractatis,
2569 1103 2683 1161 Sed

347 1193 476 1265 ipsa
505 1191 759 1249 Menelai
793 1191 982 1248 oratio
1013 1191 1172 1248 inter
1198 1188 1648 1264 probatissimas
1679 1191 1771 1246 est
1799 1192 2038 1247 nostrae
2069 1188 2421 1263 rhapsodiae
2460 1189 2684 1263 p'artes:

347 1275 613 1334 breviter
657 1294 904 1333 nervose
959 1275 1112 1332 clare
1157 1275 1373 1330 iustam
1419 1273 1490 1331 de
1547 1277 1884 1332 ceterorum
1938 1274 2183 1331 heroum
2238 1275 2481 1349 ignavia
2536 1273 2686 1331 indi-

352 1361 698 1436 gnationem
731 1360 1150 1434 propriamque
1179 1357 1254 1415 ad
1286 1357 1749 1434 depugnandum
1790 1359 2161 1416 alacritatem
2192 1360 2543 1433 pronuntiat
2574 1358 2685 1416 diis

349 1445 605 1504 confisus
664 1445 986 1503 Menelaus.
1077 1444 1416 1519 Singularia
1473 1443 1760 1518 quaedam
1818 1445 2025 1501 insunt
2080 1438 2239 1500 baud
2295 1443 2561 1516 inficeta,
2621 1446 2690 1500 ut

347 1523 731 1606 ἀπειλητῆρες
777 1528 1082 1587 commode
1129 1530 1190 1585 et
1233 1527 1494 1585 effictum
1529 1547 1599 1586 ex
1635 1529 1694 1585 N
1724 1528 1844 1586 219
1878 1554 1960 1575 ---
1998 1528 2155 1585 Υ83
2204 1532 2263 1585 et
2307 1528 2685 1586 coniunctum

350 1632 483 1672 cum
524 1608 816 1689 Ἀχαιίδες
862 1605 1059 1670 οὐκέτ’
1103 1605 1328 1686 Ἀχαιοί
1367 1632 1434 1671 ex
1472 1613 1519 1668 B
1550 1614 1691 1685 235,
1738 1604 1996 1670 αἰνόθεν
2040 1608 2244 1686 αἰνῶς,
2291 1612 2364 1670 de
2405 1631 2525 1688 quo
2572 1614 2685 1669 iam

350 1717 529 1773 supra
574 1700 797 1772 monui,
844 1691 1044 1766 ἀκλεὲς
1085 1717 1306 1770 αυτως,
1354 1697 1425 1755 de
1468 1716 1587 1772 quo
1632 1697 1975 1762 dubitatum
2020 1716 2147 1755 esse
2178 1700 2430 1772 constat,
2478 1694 2689 1771 νίκης

347 1777 579 1855 πείρατ’
631 1779 895 1858 ἔχονται,
954 1801 1086 1841 cum
1144 1782 1289 1840 alibi
1345 1785 1581 1841 tantum
1638 1775 1960 1858 ὀλέθρου
2016 1781 2367 1855 babeamus3
2438 1782 2690 1857 denique

351 1868 804 1926 celeberrimum
852 1867 999 1925 illud
1047 1861 1211 1942 ὕδωρ
1242 1861 1341 1922 καὶ
1373 1870 1514 1942 γαῖα
1545 1863 1850 1944 γένοισθε,
1897 1886 2014 1941 quo
2047 1863 2381 1942 philosophi
2414 1868 2687 1925 certatim

355 1954 444 2010 usi
478 1957 638 2010 sunt.
718 1952 852 2010 Una
897 1955 987 2009 est
1033 1971 1183 2027 quae
1228 1953 1424 2010 minus
1467 1953 1698 2027 placeat
1745 1953 1965 2010 locutio
2011 1949 2154 2008 τώδε
2201 1947 2261 2008 δ’
2312 1947 2467 2028 ἐγών
2511 1945 2690 2020 αὐτὸς

352 2034 827 2114 θωρήξομαι,
875 2038 934 2095 in
979 2057 1096 2111 qua
1143 2036 1330 2094 dativi
1377 2056 1518 2094 usus
1561 2036 1818 2130 aliquam
1865 2036 2046 2094 habet
2074 2037 2524 2095 similitudinem
2557 2056 2687 2096 cum

351 2141 439 2196 eo,
489 2141 667 2196 quem
718 2123 794 2178 75
842 2122 1156 2179 habuimus
1200 2117 1421 2197 πρόμος
1469 2117 1711 2197 ε”μμεναι
1738 2111 1983 2188 Έκτορι
2028 2119 2155 2201 δίω.

523 2206 781 2266 Omnino
827 2211 1020 2264 totum
1063 2206 1191 2280 hoc,
1240 2223 1347 2280 per
1382 2206 1538 2280 quod
1574 2206 1918 2265 certaminis
1949 2207 2188 2264 initium
2233 2205 2687 2280 1·,etardatur

353 2291 712 2366 episodium,
773 2310 889 2366 quo
941 2291 1240 2350 Menelaus
1295 2292 1552 2365 primum
1610 2295 1938 2350 ceterorum
1996 2291 2211 2349 ducum
2258 2291 2689 2349 dubitationem

355 2377 575 2434 frustra
620 2378 979 2450 increpasse,
1028 2379 1155 2433 tum
1200 2396 1236 2433 a
1281 2375 1446 2433 fatali
1493 2376 1800 2452 pugnandi
1843 2375 2121 2451 cupidine
2165 2376 2455 2434 benevolo
2489 2376 2692 2435 fratris

355 2462 650 2538 vituperio
715 2479 1019 2536 repressus
1086 2479 1235 2534 esse,
1307 2461 1550 2519 tandem
1607 2479 1746 2519 vero
1806 2459 2023 2519 Nestor
2084 2460 2354 2535 longiore
2425 2462 2692 2520 convicio
2798 2459 2799 2462 ’

356 2546 700 2605 dubitantes
767 2547 1078 2605 etiamtum
1143 2547 1439 2622 principes
1505 2550 1575 2604 ut
1641 2546 1914 2609 certatim
1980 2545 2054 2603 ad
2114 2544 2570 2622 depugnandum
2632 2567 2693 2605 se

356 2630 640 2689 offerrent
682 2632 966 2690 excitasse
1010 2636 1287 2691 narratur
1336 2664 1432 2705 -‚
1478 2626 1858 2705 totum‘hoc,
1908 2631 2178 2705 inquam,
2225 2631 2585 2706 episodium,
2643 2634 2691 2690 si

355 2716 674 2793 benignam
720 2722 952 2791 spectas
993 2718 1331 2792 argumenti
1377 2717 1624 2791 copiam,
1671 2717 1799 2775 toto
1846 2716 2006 2774 caelo
2052 2716 2236 2775 distat
2276 2736 2313 2773 a
2356 2717 2553 2774 ieiuno
2584 2717 2689 2775 illo

358 2805 416 2857 et
458 2801 720 2875 abrupto
768 2802 1028 2875 exordio,
1076 2820 1192 2876 quo
1239 2803 1363 2859 sine
1408 2801 1530 2859 ulla
1574 2801 1804 2860 ratione
1834 2804 1897 2858 et
1927 2819 2103 2859 causa
2146 2802 2488 2859 certaminis
2536 2820 2693 2861 men·

361 2888 581 2944 tionem
641 2890 702 2944 et
757 2886 1332 2944 commendationem
1392 2886 1597 2945 inferri
1644 2886 1921 2955 vidimus.
2014 2884 2319 2959 Profecto,
2381 2888 2428 2945 si
2485 2887 2693 2945 eadem

360 2970 653 3029 brevitate
711 2976 773 3029 et
831 2971 1209 3030 festinatione
1262 2971 1337 3029 ad
1410 2972 1603 3045 ipsum
1663 2974 1955 3029 certamen
2028 2974 2506 3046 transgressurus
2561 2975 2698 3046 post

361 3054 636 3114 Hectoris
681 3056 1009 3114 orationem
1054 3055 1405 3131 simpliciter
1449 3057 1536 3114 ita
1580 3056 1702 3114 fere
1747 3055 2135 3130 perrexisset:

447 3181 527 3259 ὣς
573 3185 768 3263 ἔφατ’.
855 3182 1136 3268 Ἀργείων
1177 3186 1244 3248 δέ
1286 3188 1349 3248 οἵ
1387 3186 1558 3247 ἐννέα
1604 3181 1819 3260 πάντες
1864 3182 2119 3247 ἀνέσταν
2164 3192 2270 3264 (92
2305 3190 2380 3265 -l-
2422 3190 2584 3265 162)

443 3266 593 3350 ὦρτο
635 3273 788 3333 πολὺ
832 3281 1061 3351 πρῶτος
1106 3268 1218 3349 μὲν
1259 3265 1407 3347 ἅναξ
1451 3269 1695 3353 ἀνδρῶν
1733 3269 2115 3351 Ἀγαμέμνων
2158 3279 2290 3349 etc„

362 3426 508 3485 nibil
553 3446 694 3486 sane
737 3427 895 3503 apud
939 3428 1096 3487 hunc
1125 3427 1604 3501 versificatorem,
1652 3428 1887 3503 qualem
1933 3427 2164 3485 adhuc
2210 3427 2449 3503 quidem
2481 3446 2696 3505 cogno-

363 3513 586 3586 vimus,
652 3511 1142 3587 desideraremus,
1179 3515 1330 3588 qui,
1389 3515 1438 3571 si
1493 3514 1619 3588 ipse
1664 3516 1900 3589 praeter
1941 3514 2352 3571 necessitatem
2402 3517 2521 3572 tres
2565 3513 2699 3571 illas

365 3599 700 3672 composuit
744 3599 1375 3673 orationes,-profecto
1420 3616 1482 3656 se
1527 3600 1657 3672 ipse
1699 3615 2006 3673 superasse
2050 3598 2307 3657 videtur.
2401 3596 2548 3655 Tam
2593 3618 2699 3674 suo

368 3701 663 3757 quemque
709 3684 951 3758 ingenio
994 3682 1431 3741 accommodate
1478 3683 1861 3741 disserentem
1904 3681 2255 3756 introduxit,
2302 3686 2424 3739 tam
2457 3684 2701 3741 circum·

366 3772 560 3840 specte
605 3766 976 3842 plerumque,
1036 3786 1185 3843 quos
1239 3768 1401 3825 locos
1433 3772 1595 3837 ⁴ante
1640 3768 1843 3827 oculos
1887 3766 2124 3839 habuit,
2182 3768 2245 3824 in
2302 3770 2473 3823 suum
2502 3785 2699 3825 usum

366 3852 692 3923 convertit,
781 3856 849 3909 nt
914 3851 1064 3910 hanc
1128 3852 1480 3927 rhapsodiae
1545 3854 1778 3927 partem
1848 3852 2142 3910 92-160
2203 3870 2562 3925 quamquam
2626 3851 2700 3909 ad

367 3936 561 4011 ipsum
626 3936 974 3994 Homericae
1040 3954 1284 4010 poeseos
1343 3937 1668 4012 fastigium
1711 3937 1954 3994 minime
2011 3939 2306 4009 evectam,
2368 3939 2571 3994 tamen
2625 3935 2701 3993 ab

365 4021 517 4095 epici
578 4023 869 4079 sermonis
925 4039 1087 4079 more
1144 4021 1441 4097 modoque
1486 4040 1606 4080 non
1651 4022 1829 4080 nimis
1872 4024 2160 4078 remotam
2193 4039 2336 4078 ‘esse
2382 4022 2702 4080 conceden-

368 4103 505 4162 dum
552 4107 652 4163 sit.

319 4234 324 4237 -
524 4190 630 4249 Ad
661 4190 963 4288 singu-la
994 4194 1252 4249 transeo·
1302 4190 1684 4249 Familiarem
1717 4189 1965 4248 Menelai
1998 4188 2459 4296 appellationem
2494 4170 2705 4251 v.104
2744 4199 2804 4245 15

327 4284 490 4359 ,non
529 4274 774 4341 dubito
790 4277 942 4351 quin
978 4275 1054 4334 ad
1100 4276 1435 4351 exemplum
1487 4279 1540 4330 A
1577 4277 1692 4333 127

620 4401 761 4467 οὐδὲ
809 4406 1023 4485 σέθεν,
1073 4407 1376 4485 Μενέλαε,
1421 4408 1555 4469 θεοὶ
1599 4402 1855 4488 μάκαρες
1900 4402 2221 4503 λελᾷθοντο

2330 4513 2401 4560 7·
