3132 5129
1384 392 1841 454 —116—

446 554 627 610 tione.
705 551 916 626 Itaque
961 551 1166 608 ambos
1210 568 1418 608 versus
1474 548 1840 608 diversarum
1886 548 2293 607 recensionum
2339 547 2528 623 signis
2571 549 2786 605 notan·

451 638 559 695 doe
602 655 832 695 cense0.

618 722 819 780 Etiam
865 720 938 779 de
985 740 1037 778 v.
1087 720 1426 779 318—320

703 832 841 896 ἕνθ’
874 833 1112 916 ’Έκτωρ
1156 837 1400 914 εἰσῆλθε
1446 835 1735 911 διίφιλος,
1784 833 1850 894 έν
1893 830 1950 893 δ’
1997 832 2115 914 ἄρα
2161 833 2307 913 χειρὶ

702 920 866 1000 ἔγχος
912 917 1003 999 ἔχ’
1053 918 1462 998 ἑνδεκάπηχυ·
1511 919 1767 998 πάροιθε
1812 916 1880 978 δὲ
1923 919 2181 997 λάμπετο
2230 917 2435 997 δουρὸς

706 1004 886 1084 αἰχμὴ
933 1005 1212 1083 χαλκείη,
1257 1005 1391 1085 περὶ
1435 1004 1502 1064 δὲ
1549 1005 1796 1084 χρύσεος
1841 1003 1947 1063 θέε
1990 1004 2252 1083 πόρκης,

450 1128 778 1188 Aristarchi
823 1146 1041 1202 sequor
1085 1127 1474 1201 sententiam,
1522 1126 1595 1184 de
1640 1145 1758 1200 qua
1798 1125 1874 1183 ad
1912 1123 1964 1181 Θ
1993 1126 2150 1198 493,
2198 1125 2302 1183 ubi
2347 1124 2529 1183 iidem
2575 1124 2793 1200 legun-

450 1219 551 1271 tur
594 1214 710 1271 alio
757 1232 890 1272 cum
935 1213 1109 1271 initio
1153 1245 1235 1255 -
1282 1207 1411 1268 τόν
1456 1203 1515 1287 ῤ’
1558 1206 1798 1286 “Eurum
1843 1202 2155 1285 ἀγόρευε
2204 1242 2282 1251 -
2297 1209 2504 1284 ‚haec
2548 1208 2790 1267 rettulit

449 1298 855 1357 Aristonicus:
912 1317 1000 1354 οτι
1047 1294 1378 1372 Ζηνόδοτος
1422 1292 1775 1371 περιγράφει
1815 1288 1935 1352 άπὸ
1981 1293 2190 1353 τούτου
2235 1290 2521 1364 τέσσαρας
2554 1291 2792 1368 στίχους

449 1379 598 1440 κατὰ
657 1379 722 1439 τὸ
777 1378 912 1458 ἑξῆς
969 1378 1070 1438 διὰ
1115 1379 1179 1439 τὸ
1224 1377 1324 1438 καὶ
1369 1377 1436 1437 έν
1487 1377 1646 1458 αλλῳ
1691 1376 1851 1460 τόπῳ
1894 1377 2252 1458 γεγράφθαι.
2302 1373 2333 1436 ὁ
2381 1374 2446 1436 δὲ
2487 1372 2790 1473 Ἀρίσταρ-

449 1486 548 1543 χος
604 1466 957 1543 οἰκειότερον
1015 1463 1282 1523 ἐνταῦθα
1336 1463 1579 1523 κεῖσθαι
1633 1460 1787 1542 λέγει
1846 1461 1946 1520 δια
2003 1461 2065 1521 τὸ
2124 1461 2189 1522 ἐν
2255 1470 2334 1545 τῷ
2402 1457 2795 1541 στρατεύματι

451 1548 850 1629 διαλέγεσθαι.
955 1553 1327 1626 Quamquam
1379 1568 1501 1609 non
1558 1550 1815 1610 defuisse
1870 1550 2006 1624 qui·
2030 1568 2248 1626 magno
2306 1550 2510 1609 critico
2558 1551 2793 1608 contra-

453 1637 716 1696 dicerent
780 1637 873 1695 hic
943 1656 1182 1712 quoque
1247 1637 1514 1711 insignes
1571 1637 1877 1711 captantes
1932 1636 2229 1711 argutias,
2296 1634 2549 1692 ridicula
2614 1633 2795 1691 docet

452 1725 595 1780 nota
638 1721 714 1779 ad
772 1725 1043 1780 nostrum
1087 1721 1286 1780 locum
1331 1721 1670 1795 adscripta:
1730 1716 1875 1798 πρὸς
1931 1713 2320 1797 ὑπογραμμὸν
2370 1715 2437 1776 δὲ
2493 1715 2592 1775 καὶ
2646 1737 2791 1793 προ-

451 1802 681 1881 τροπὴν
746 1799 1139 1884 Ἀλεξάνδρου
1193 1803 1428 1882 θρασὺς
1484 1804 1763 1879 φαίνεται
1816 1799 1849 1862 ὁ
1894 1799 2129 1883 4’Ἕὶκτωρ
2197 1800 2294 1862 δια
2351 1810 2454 1861 τοῦ
2507 1796 2789 1880 δόρατος·

449 1912 574 1966 αμα
618 1885 684 1947 δὲ
727 1889 828 1949 καὶ
871 1888 1203 1968 προμηνύει
1247 1887 1358 1966 τὴν
1399 1886 1628 1965 α’φιξιν.

621 1974 877 2035 Versum
925 1976 1047 2036 334

706 2090 957 2153 τοῦνεκά
1004 2114 1091 2152 τοι
1135 2091 1302 2172 ἐρέω·
1349 2090 1424 2152 συ
1470 2089 1537 2151 δὲ
1583 2091 1811 2153 σύνθεο
1852 2093 1960 2152 καί
1994 2115 2107 2171 μευ
2150 2089 2442 2169 ακουσον,

456 2215 560 2288 qui
603 2214 816 2273 iisdem
863 2215 1062 2275 verbis
1107 2228 1143 2270 6
1194 2216 1348 2287 129,
1403 2214 1605 2309 paucis
1651 2215 1901 2272 mutatis
1946 2233 1979 2270 ο
2024 2212 2176 2288 318,
2225 2234 2271 2270 ω
2319 2216 2440 2272 265
2499 2208 2598 2290 (ἐκ
2652 2208 2795 2289 γάρ

457 2319 544 2356 τοι
595 2295 703 2379 —-)
750 2302 812 2357 et
854 2318 900 2356 π
946 2301 1066 2358 259
1113 2294 1404 2379 (τοιγὰρ
1451 2289 1640 2375 ἐγών
1684 2294 1824 2374 ἐρέω
1856 2297 1998 2374 —)‚
2046 2298 2291 2373 paulum
2335 2299 2604 2358 detortus
2648 2317 2680 2354 ο
2712 2300 2794 2354 27

457 2379 662 2481 (ἄλλο
705 2379 783 2441 δέ
825 2382 920 2441 τοί
964 2404 1018 2441 τι
1062 2380 1230 2454 ἔπος
1298 2380 1466 2461 ἐρέω,
1530 2379 1608 2441 σὺ
1661 2378 1727 2440 δὲ
1779 2379 2008 2441 συνθεο
2061 2379 2303 2464 θυμῷ)
2362 2384 2609 2458 legitur,
2671 2383 2795 2456 pri-

455 2488 588 2528 mus
633 2470 696 2527 in
740 2469 1065 2528 novissima
1111 2470 1372 2528 editione
1431 2470 1613 2527 tacite
1651 2470 2004 2544 proscripsit
2059 2469 2439 2528 Bekkerus
2492 2468 2795 2542 adscripto

454 2558 688 2613 tantum
736 2556 796 2611 A
841 2557 920 2615 76
1055 2568 1061 2575 '

711 2671 912 2751 τοιγὰρ
957 2670 1111 2751 ἐγών
1155 2668 1354 2753 ἐρέω·
1414 2670 1496 2731 σὺ
1542 2668 1622 2731 δὲ
1666 2669 1949 2732 σύνθεο
1992 2672 2117 2731 καί
2151 2691 2273 2750 μοι
2319 2668 2589 2748 ὄμοσσον.

392 2801 424 2848 9
458 2791 614 2850 Sane
657 2811 866 2851 versus
924 2798 984 2850 et
1036 2812 1280 2867 prorsus
1338 2793 1634 2852 inutiliter
1674 2793 1942 2852 adiectus
1998 2797 2090 2852 est
2144 2796 2207 2852 et
2261 2794 2467 2851 eodem
2524 2791 2792 2851 eiusdem

455 2876 687 2935 Paridis
731 2877 973 2935 exordio
1018 2878 1357 2953 ignoratur,
1408 2898 1526 2954 quo
1573 2879 1676 2936 ille
1721 2879 1783 2935 in
1814 2877 2174 2936 Pactione
2219 2897 2564 2953 responsum
2615 2895 2794 2934 suum

456 2961 731 3020 Hectoris
775 2962 1042 3020 convicio
1088 2961 1510 3038 opponendum
1555 2963 1740 3022 infert
1788 2963 1945 3021 Γ59
1978 2982 2067 3038 sq.

688 3075 942 3156 ““Ἐκτορ,
987 3074 1117 3138 ἐπεί
1149 3101 1221 3157 με
1267 3074 1407 3137 κατ’
1448 3071 1631 3137 αἶσαν
1674 3075 1975 3152 ἐνείκεσας
2021 3075 2152 3140 οὐδ’
2203 3076 2356 3158 ὑπὲρ
2399 3072 2609 3155 αἶσαν,

708 3163 831 3223 αἰεί
869 3184 957 3222 τοι
997 3163 1217 3243 κραδὺη
1261 3161 1508 3235 πέλεκυς
1554 3160 1637 3234 ὥς
1683 3161 1844 3223 ἐστιν
1886 3159 2150 3244 ἀτειρής,
2196 3198 2279 3209 --

458 3299 631 3358 Unde
674 3319 750 3358 ne
794 3303 927 3381 quis
971 3301 1316 3361 Pactionem
1362 3305 1424 3360 et
1452 3301 1777 3360 Homiliam
1823 3305 2113 3378 perpetuo
2159 3303 2335 3361 unius
2380 3303 2661 3373 carminis
2690 3301 2796 3361 filo

457 3384 666 3443 deduci
712 3386 963 3444 calidius
1008 3387 1122 3445 sibi
1173 3386 1562 3462 persuadeat,
1617 3386 1887 3461 profecto
1950 3388 2053 3462 qui
2096 3389 2161 3445 in
2204 3388 2326 3446 hac·
2355 3387 2676 3445 Hectorem
2731 3391 2798 3445 et

458 3468 1180 3546 Paridem-colloquentes
1226 3472 1395 3546 fecit,
1442 3471 1607 3529 illam
1637 3473 1743 3528 aut
1772 3490 1907 3530 vere
1954 3472 2254 3547 ignoravit
2297 3477 2402 3531 aut
2445 3472 2586 3530 data
2615 3490 2796 3546 opera

455 3555 741 3630 neglexit.
816 3555 1193 3614 Probabilius
1249 3556 1439 3632 igitur
1482 3559 1577 3614 est
1617 3555 1774 3613 hunc
1816 3556 2114 3615 Homiliae
2157 3558 2352 3616 locum
2395 3557 2471 3614 ab
2518 3576 2587 3615 eo
2631 3574 2793 3631 sane,

456 3640 557 3713 qui
604 3638 947 3698 Pactionem
993 3641 1355 3715 composuit,
1402 3641 1622 3715 partim
1655 3644 1964 3715 receptum
1994 3660 2138 3700 esse.
2215 3641 2384 3712 Quod
2430 3641 2525 3699 vel
2571 3660 2792 3699 unum

455 3726 688 3798 poetam
749 3725 910 3783 aliud
965 3726 1085 3783 alio
1144 3729 1411 3800 tempore
1463 3742 1700 3783 carmen
1763 3729 2214 3801 componentem
2273 3726 2467 3785 facere
2523 3726 2794 3801 potuisse

454 3810 524 3865 ut
573 3807 966 3869 libentissime
1023 3812 1307 3885 concedo,
1376 3810 1462 3868 ita
1524 3828 1652 3867 rem
1708 3810 1940 3869 altioris
1994 3811 2295 3886 indaginis
2349 3811 2445 3868 hic
2498 3811 2795 3870 indicasse

456 3892 601 3951 satis
644 3893 849 3952 habeo,

626 3977 740 4035 Sed
798 3980 861 4037 in
915 3980 1282 4052 narratione,
1350 3997 1529 4053 quam
1598 3978 1837 4037 exhibet
1902 3978 2320 4038 Andromache
2377 3979 2450 4037 de
2506 3979 2795 4038 fratribus

457 4080 692 4137 quoque
741 4065 863 4123 suis
909 4082 1027 4122 uno
1073 4064 1302 4122 cunctis
1345 4063 1442 4122 die
1487 4064 1563 4121 ab
1610 4063 1844 4122 Achille
1888 4064 2221 4123 interfectis
2263 4084 2321 4123 v.
2369 4064 2706 4122 420—424

709 4197 770 4255 οἳ
812 4193 880 4255 δέ
922 4218 1017 4274 μοι
1064 4187 1209 4255 ἑπτα
1253 4197 1599 4299 κασίγνητοι
1644 4194 1789 4256 ἕσαν
1832 4195 1898 4257 ἕν
1938 4196 2284 4278 μεγάροισιν
2297 4242 2315 4275 ,

710 4281 770 4340 οἳ
810 4277 924 4359 μὲν
964 4280 1184 4353 πάντες
1230 4281 1302 4342 ἰεό
1344 4282 1477 4341 κίον
1518 4275 1700 4360 ἤματι
1743 4279 1948 4354 ’Ἀιδος
1992 4282 2160 4343 εἴσω·

709 4364 939 4437 πάντας
983 4365 1097 4445 γὰρ
1140 4343 1470 4442 κατέπεφνε
1497 4365 1817 4445 ποδάρκης
1863 4367 1993 4438 δῖος
2039 4362 2340 4446 Ἀχιλλεὺς

709 4449 978 4529 βουσιν
1021 4448 1131 4510 ἐπ’
1179 4450 1651 4511 εἰλιπόδεσσι
1697 4474 1819 4511 και
1860 4447 2239 4536 ἀργεννῇς
2285 4447 2580 4513 ὀίεσσιν
2613 4487 2685 4497 -
2708 4494 2728 4531 ,
