3132 5129
1367 319 1785 382 —71—

565 476 694 534 Iam
738 471 914 553 ὅρκια
960 478 1009 535 si
1057 478 1185 535 iure
1227 478 1437 536 nostro
1483 478 1619 536 huic
1664 477 1912 536 carmini
1958 476 2409 550 vindicavimuS,
2454 478 2599 552 quin
2646 471 2735 553 ὁρ-

401 560 546 619 κίων
600 558 896 639 σύγχυσις
960 565 1014 617 Δ
1060 563 1303 619 1-222
1350 563 1542 621 iustus
1598 564 2008 638 genuinasque
2066 561 2328 621 eiusdem
2382 559 2463 621 sit
2522 563 2733 634 exituS‚

402 646 659 705 dubitari
706 647 883 721 plane
923 665 1043 706 non
1088 649 1304 721 potest.
1363 646 1517 705 Nam
1563 667 1710 723 quas
1755 651 2061 722 praeterea
2088 646 2294 706 attulit
2322 647 2737 705 Lachmannus

399 732 805 790 dubitationes
849 752 905 807 p.
936 732 1034 804 18,
1084 751 1184 790 eae
1228 732 1450 791 nullius
1496 736 1637 791 sunt
1681 732 1968 791 momenti
2012 750 2364 807 quamquam
2395 732 2582 790 nimia
2616 750 2736 790 cre·

398 816 653 875 dulitate
708 817 996 892 repetitae
1054 835 1091 874 a
1133 816 1347 876 Iacobo
1391 838 1449 893 p.
1492 820 1629 877 196.
1719 818 1933 892 Itaque
1986 817 2116 875 iure
2169 816 2530 875 contradixit
2572 816 2735 875 Hoff-

397 920 656 960 mannus
701 921 760 976 p.
795 903 935 961 207.
1012 901 1166 959 Nam
1204 904 1257 957 A
1294 903 1410 960 159
1456 921 1527 960 ex
1566 903 1611 958 B
1642 903 1760 960 341
1811 902 1963 959 male
1993 901 2109 959 buc
2154 901 2385 960 illatum
2435 920 2563 960 esse
2606 902 2733 976 ipse

395 987 511 1044 iam
569 986 860 1045 indicavit
902 986 1341 1045 Lachmannus.
1429 986 1553 1045 Nec
1610 1005 1763 1061 quae
1807 986 2197 1061 implacabilis
2243 986 2482 1044 intersit
2540 986 2733 1044 inimi·

396 1070 538 1129 citia
593 1071 756 1129 inter
808 1071 1137 1130 locutiones
1183 1073 1240 1127 Γ
1281 1073 1398 1131 107
1454 1065 1534 1146 μή
1595 1091 1680 1140 τις
1737 1065 2072 1172 ὑπερβασίῃ
2120 1067 2262 1139 Διὸς
2319 1066 2492 1147 ὅρκια
2550 1067 2733 1145 δηλή-

395 1171 594 1229 σηται,
641 1155 788 1218 ibid.
823 1158 942 1213 299
991 1148 1314 1253 ὁππότεροι
1357 1153 1642 1251 πρότεροι
1674 1148 1826 1231 ὑπὲρ
1871 1151 2041 1230 ’ὅρκια
2084 1152 2423 1229 πημήνειαν
2468 1158 2647 1229 atque
2681 1157 2734 1210 Δ

398 1242 474 1300 67
506 1266 588 1287 =
623 1242 702 1298 72
759 1246 976 1317 πειρᾶν
1018 1230 1087 1296 δ’
1127 1261 1209 1309 ως
1253 1261 1319 1298 κε
1371 1242 1564 1318 Τρῶες
1609 1229 2061 1317 ὑπερκύδαντας
2102 1232 2373 1343 Ἀχαιρύς
2436 1234 2449 1319 Ι
2509 1236 2734 1314 ἄρξωσι

395 1320 666 1399 πρότεροι
723 1318 878 1402 ὑπὲρ
936 1344 1108 1401 ορκια
1154 1318 1536 1400 δηλήσασθαι
1584 1329 1644 1383 et
1688 1325 1831 1383 ibid.
1872 1327 1986 1383 157
2034 1322 2180 1380 κατὰ
2227 1318 2288 1380 δ’
2335 1319 2507 1400 ὅρκια
2551 1322 2729 1382 πιστὰ

395 1403 693 1485 πάτησαν,
739 1414 808 1468 ut
851 1428 972 1468 non
1019 1409 1337 1469 videantur
1382 1411 1457 1468 ab
1487 1410 1694 1469 eodem
1725 1412 1902 1485 poeta
1933 1411 2232 1484 profectae
2265 1428 2407 1482 esse,
2456 1410 2729 1507 equidem

396 1495 734 1570 perspicere
764 1514 1026 1569 possum.
1087 1494 1211 1552 Nec
1241 1495 1625 1553 Lachmanno
1657 1495 1973 1554 concedere
2007 1513 2248 1568 possum
2283 1496 2336 1548 Δ
2370 1496 2729 1569 1sqq.novi

396 1598 521 1638 esse
568 1579 849 1638 carminis
908 1579 1145 1637 initium
1192 1580 1266 1637 ad
1310 1583 1574 1637 extrema
1617 1579 1757 1637 libri
1804 1580 1861 1633 Γ
1897 1598 2017 1636 non
2062 1579 2318 1652 amplius
2362 1579 2728 1654 adaptatum.

398 1664 587 1722 Immo
648 1664 789 1721 dum
836 1664 1136 1722 Menelaus
1195 1665 1418 1725 frustra
1472 1664 1750 1723 Paridem
1804 1664 2037 1739 quaerit
2093 1666 2271 1737 atque
2318 1663 2728 1738 Agamemnon

393 1749 600 1807 fratris
658 1749 971 1807 victoriam
1024 1747 1221 1823 palam
1274 1749 1629 1825 pronuntiat
1682 1749 1846 1825 (hinc
1901 1742 2347 1821 ὖπερκύδαντες
2400 1741 2629 1823 Ἀχαιοί
2678 1751 2732 1804 A

397 1836 475 1892 67
507 1859 592 1880 =
628 1835 661 1891 7
669 1832 751 1908 2)
802 1833 1073 1909 Iuppiter
1115 1833 1230 1891 iam
1280 1837 1457 1892 antea
1502 1834 1574 1892 de
1619 1835 1894 1909 pactione
1940 1833 2219 1892 violanda
2263 1836 2460 1892 certus
2494 1830 2582 1909 (Γ
2606 1835 2726 1894 302

394 1910 529 1975 οὐδ’
587 1938 708 1994 αρα
764 1938 854 1974 πω
912 1934 1061 1991 σφιν
1118 1913 1489 1995 ἐπεκραίαινε
1546 1915 1850 1996 Κρονίων)
1906 1938 2038 1976 cum
2096 1918 2325 1976 Iunone
2381 1918 2733 1976 simulanter

394 2002 668 2061 lacessita
711 2003 1023 2061 consilium
1069 2004 1287 2079 agitat,
1353 2003 1515 2079 quod
1559 2006 1912 2063 exsecutura
1958 2003 2225 2061 Minerva
2269 2003 2475 2062 stellae
2521 2003 2728 2079 igneae

397 2089 588 2146 instar
632 2087 696 2145 in
740 2092 961 2146 terram
1008 2087 1324 2161 delabitur,
1370 2107 1487 2165 qua
1530 2092 1845 2163 conspecta
1889 2088 2006 2145 iam
2053 2088 2290 2162 utrique
2322 2088 2542 2146 instare
2572 2108 2728 2146 sum-

392 2191 554 2229 mum
600 2190 798 2230 rerum
846 2172 1163 2231 discrimen
1208 2173 1281 2231 ab
1325 2173 1460 2247 ipso
1492 2173 1634 2232 Iove
1680 2173 2089 2231 adducendum
2134 2167 2220 2251 (A
2248 2168 2526 2251 79—85)
2558 2172 2728 2231 dicti·

392 2260 548 2315 tant:
609 2275 720 2315 nec
776 2275 967 2328 mora,
1030 2256 1297 2317 Minerva
1356 2260 1595 2316 auctore
1639 2278 1674 2315 a
1717 2258 1989 2317 Pandaro
2035 2258 2381 2316 vulneratus
2427 2257 2727 2317 Menelaus

392 2341 561 2399 fratri
618 2341 967 2416 imperatori
1015 2342 1446 2417 queribundam
1491 2343 1771 2417 exprimit
1812 2346 1990 2417 atque
2036 2362 2071 2399 a
2115 2342 2436 2400 victoriosa
2479 2342 2586 2400 illa
2630 2363 2724 2401 su-

254 2459 272 2473 ·
391 2426 598 2501 perbia
624 2427 840 2483 mirum
872 2430 1161 2505 quantum
1194 2426 1476 2485 absonam
1509 2428 1836 2485 orationem
1861 2427 2007 2485 ibid.
2027 2428 2146 2485 153
2163 2446 2291 2501 sqq.
2337 2425 2501 2484 Haec
2526 2427 2727 2485 omnia

391 2511 611 2586 optime
655 2512 967 2570 convenire
1013 2530 1185 2571 nemo
1244 2512 1515 2588 negabit,
1570 2514 1631 2571 et
1673 2531 1852 2588 quam
1908 2515 2035 2570 arte
2089 2511 2247 2570 Iovis
2301 2511 2604 2571 altercatio
2649 2531 2724 2571 ne

390 2596 696 2655 nominato
741 2596 983 2671 quidem
1035 2599 1089 2651 A
1121 2600 1200 2657 10
1243 2595 1346 2654 sed
1391 2598 1800 2657 demonstrato
1845 2600 2078 2656 tantum
2123 2596 2339 2654 Paride
2386 2615 2516 2654 cum
2563 2601 2721 2656 ante-

389 2681 737 2740 cedentibus
797 2681 1135 2752 cohaereat,
1192 2682 1312 2739 iam
1358 2682 1482 2757 ipse
1527 2682 1942 2742 Lachmannus
1988 2681 2315 2739 admonuit.
2404 2680 2529 2740 Nec
2573 2702 2723 2757 quae

385 2769 698 2840 praeterea
740 2765 988 2824 adduxit
1022 2766 1272 2825 Iacobus
1301 2785 1362 2839 p.
1396 2768 1532 2839 196,
1581 2767 1736 2842 quod
1772 2767 2072 2825 Menelaus
2105 2768 2165 2825 in
2202 2767 2256 2820 Γ
2280 2766 2516 2839 saepius
2546 2786 2724 2841 quam

386 2852 446 2908 in
509 2852 564 2905 A
605 2843 919 2925 ἆρηίφιλος
977 2851 1321 2909 nominetur
1368 2854 1469 2909 aut
1526 2852 1619 2910 bis
1663 2852 1726 2909 in
1775 2854 1829 2907 A
1878 2853 2015 2909 127.
2071 2853 2187 2910 146
2233 2851 2362 2924 ipse
2406 2852 2721 2925 compelle·

385 2939 517 3006 tur,
564 2936 636 2992 ad
685 2934 1048 3006 divellenda,
1109 2954 1259 3011 quae
1304 2937 1480 2995 unius
1526 2938 1669 2996 sunt
1723 2938 1989 3010 corporis
2013 2980 2026 3007 ‚
2084 2935 2349 2994 membra
2405 2936 2725 3010 quicquam

386 3020 619 3090 valent,
680 3038 815 3089 nec,
875 3020 933 3093 si
971 3020 1104 3094 quis
1148 3021 1463 3081 subdolum
1509 3021 1811 3080 Minervae
1859 3021 2188 3079 tentatricis
2234 3020 2606 3078 mendacium
2651 3019 2723 3078 de

386 3103 661 3163 Troianis
707 3105 956 3162 Menelai
1004 3104 1237 3163 caedem
1285 3105 1668 3181 cupientibus
1713 3109 1890 3180 atque
1920 3105 2133 3163 Paride
2183 3105 2418 3163 oculato
2464 3104 2591 3164 eius
2638 3104 2720 3162 fa·

385 3189 606 3248 cineris
663 3191 815 3248 teste
862 3192 918 3246 A
949 3191 1196 3248 94—99
1255 3195 1461 3265 aperto
1520 3191 1716 3249 fronte
1760 3208 2025 3267 pugnare
2070 3189 2292 3248 obiciat
2336 3208 2470 3248 cum
2516 3188 2720 3246 Troia—

389 3292 600 3332 norum
657 3273 874 3332 studiis
930 3274 990 3329 Γ
1024 3275 1361 3333 451-454
1420 3275 1689 3335 Menelao
1744 3275 2142 3349 triumphanti
2202 3273 2475 3333 secundis
2522 3273 2720 3332 Paridi

384 3358 619 3418 absenti
663 3358 945 3418 adversis.

560 3443 677 3502 Sed
711 3443 950 3518 singula
978 3443 1266 3518 quaedam
1297 3444 1691 3519 appendicula
1721 3444 1859 3502 huic
1888 3444 2120 3519 corpori
2150 3444 2528 3519 adglutinata
2558 3445 2716 3517 sunt,

389 3546 540 3604 quae
593 3527 936 3587 auctoribus
980 3528 1099 3586 iam
1145 3529 1408 3604 antiquis
1454 3529 1678 3588 criticis
1721 3548 2147 3589 removeamus.
2237 3528 2370 3588 Huc
2414 3527 2720 3602 pertinent

388 3614 645 3688 primum
694 3612 753 3667 Ι
779 3614 853 3670 18
887 3614 949 3669 et
981 3614 1075 3685 19,
1124 3633 1275 3688 quos
1320 3633 1525 3673 versus
1575 3613 1688 3671 iam
1723 3613 2103 3673 Aristarchus
2148 3613 2274 3672 iure
2318 3612 2507 3672 obelis
2552 3614 2718 3671 nota-

388 3698 495 3755 vit.
586 3697 734 3756 Levi
792 3697 951 3755 enim
995 3698 1290 3773 sagittarii
1337 3703 1547 3758 ornatu
1594 3718 1703 3758 nec
1746 3699 1980 3775 gladius
2027 3699 2332 3769 convenit,
2386 3716 2496 3755 nec
2540 3694 2717 3793 δοῦρε

387 3774 514 3839 δύω
559 3776 974 3878 κεκορυθμένα
1018 3783 1211 3863 χαλκῷ
1254 3787 1460 3858 aperte
1504 3805 1575 3843 ex
1622 3786 1684 3840 A
1715 3786 1794 3842 43
1842 3783 2184 3857 desumpta,
2236 3801 2344 3841 nec
2387 3783 2717 3842 communis
2740 3794 2772 3841 6

389 3867 495 3925 illa
522 3865 834 3926 fortissimi
866 3866 1147 3942 cuiusque
1178 3870 1520 3942 provocatio
1545 3902 1627 3910 -—
1647 3865 2022 3946 προκαλίζετο
2050 3888 2279 3936 παντας
2310 3859 2584 3943 ἀρίστους
2619 3901 2688 3908 —

385 3971 561 4026 quam
607 3951 725 4010 nisi
773 3951 953 4009 fallor
996 3956 1058 4010 et
1085 3953 1379 4011 recentior
1409 3954 1735 4030 rhapsodus
1769 3954 1834 4009 H
1859 3955 1981 4011 150
2011 3957 2073 4012 et
2103 3952 2540 4011 consarcinator
2569 3951 2715 4010 ibid.

389 4037 508 4095 285
554 4055 625 4093 ex
656 4036 713 4091 A
743 4036 865 4094 389
896 4061 978 4084 =
1012 4038 1067 4092 E
1097 4039 1218 4095 807
1265 4038 1784 4115 προκαλίζετο,
1827 4029 2064 4095 πάντα
2108 4031 2169 4094 δ’
2219 4033 2385 4094 ἐνίκα
2431 4036 2548 4095 sibi
2580 4055 2716 4096 con-

385 4120 548 4180 fecit.
615 4119 1006 4195 Participium
1054 4116 1286 4199 (ὄοῦρε)
1329 4117 1574 4181 παλλων
1617 4125 1822 4184 eadem
1868 4125 1929 4181 in
1974 4123 2112 4181 sede
2157 4122 2461 4181 invenitur
2506 4122 2561 4177 E
2589 4123 2713 4180 495

382 4231 464 4254 ==
495 4207 547 4262 Z
582 4207 701 4265 104
748 4208 809 4263 et
852 4208 914 4262 A
947 4206 1087 4267 212.

548 4289 678 4350 Nec
720 4289 946 4349 minore
992 4291 1118 4349 iure
1148 4291 1527 4353 Aristarchus
1560 4294 1619 4349 Γ
1646 4294 1979 4353 108-110
2006 4292 2234 4367 reiecit,
2267 4287 2401 4367 „zu
2429 4285 2713 4368 ἀπολογία

380 4370 541 4434 ἐστὶν
594 4370 755 4448 αὕτη
808 4368 959 4453 ὑπὲρ
1009 4382 1130 4434 τῶν
1171 4371 1573 4455 παραβάντων
1617 4376 1994 4455 Πριαμιδῶν.
2065 4375 2119 4435 εἰ
2157 4375 2269 4456 γὰρ
2313 4372 2460 4435 κατὰ
2504 4383 2713 4436 κοινοῦ
