3132 5129
1401 377 1861 439 ...254-

463 538 663 597 nescio
707 556 825 611 qua
869 534 1181 594 dulcedine
1238 534 1352 592 sibi
1408 533 1897 593 abblandientem
1955 554 1990 591 a
2051 535 2248 592 mente
2304 533 2654 607 removerit,
2711 534 2799 591 in-

465 623 845 681 tellecturum
903 639 1088 678 unum
1146 620 1369 695 optime
1427 622 1590 678 certo
1648 620 1857 694 sciam,
1907 623 2225 694 utrumque
2271 618 2417 676 illud
2466 617 2625 693 quod
2669 636 2802 675 con·

464 707 636 765 finxit
699 724 936 764 carmen
1004 724 1179 780 quam
1244 723 1354 762 nec
1413 705 1572 762 inter
1636 723 1697 761 se
1776 705 2051 779 quodque
2114 706 2241 763 arte
2311 703 2621 761 cohaereat
2695 721 2804 761 nec

466 793 715 849 alterum
760 791 930 849 alteri
975 792 1116 864 apte
1160 788 1537 864 respondeat.
1630 787 1837 847 Potius
1881 788 2241 847 Hermanno
2269 788 2417 846 duce
2461 793 2522 846 et
2564 787 2801 863 auspice

466 878 514 933 si
560 876 815 951 amplius
860 874 1329 951 progrediamur,
1377 873 1547 948 plura
1591 873 1791 947 etiam,
1838 893 2015 949 quam
2061 873 2161 931 ille
2204 873 2348 932 olim
2393 873 2634 945 detexit,
2682 890 2801 930 car-

466 962 627 1019 mina
692 961 998 1019 nobiscum
1070 961 1187 1017 iam
1252 959 1640 1017 distincturos
1684 977 1811 1017 esse
1878 958 2112 1017 confido
2182 976 2406 1032 omnes,
2465 958 2802 1031 quicunque

464 1045 630 1104 nulla
681 1045 1084 1120 praeiudicata
1126 1045 1405 1118 opinione
1450 1043 1675 1102 turbati
1722 1044 1871 1102 hanc
1914 1044 2226 1103 nobiscum
2271 1044 2428 1102 viam
2475 1042 2671 1101 denuo
2716 1042 2801 1099 in·

466 1131 636 1205 gredi
681 1130 956 1188 audeant.

635 1217 725 1273 Ac
779 1215 1033 1289 primum
1092 1214 1330 1289 quidem
1391 1214 1438 1270 si
1498 1213 1739 1272 omnino
1795 1214 2120 1289 genuinum
2180 1214 2393 1288 poetae
2440 1212 2802 1287 Theogonici

467 1301 833 1376 prooemium
880 1300 988 1357 hac
1031 1299 1328 1374 farragine
1359 1300 1714 1372 continetur,
1761 1299 2058 1372 pertinere
2088 1297 2166 1356 ad
2196 1297 2345 1356 illud
2388 1297 2804 1355 celeberrimos

467 1404 673 1443 versus
705 1385 973 1458 22—35‚
1021 1383 1237 1458 quibus
1267 1386 1406 1459 apte
1458 1384 1620 1440 1—-4
1664 1384 2152 1458 praemittuntur,
2200 1382 2272 1440 de
2317 1400 2386 1441 eo
2432 1401 2638 1440 omnes
2684 1382 2803 1439 iam

468 1470 657 1528 critici
703 1470 1101 1543 consentiunt,
1147 1487 1504 1543 quamquam
1550 1472 1612 1526 et
1656 1467 1728 1526 de
1772 1469 1875 1541 iis,
1930 1470 2031 1543 qui
2075 1487 2146 1528 ex
2189 1468 2281 1526 his
2326 1465 2699 1538 removendi,
2747 1470 2808 1523 et

469 1555 542 1613 de
586 1555 678 1627 iis,
724 1553 830 1629 qui
872 1573 1007 1612 cum
1051 1553 1142 1611 his
1187 1552 1475 1628 iungendi
1505 1554 1646 1627 sint,
1694 1554 1837 1612 satis
1868 1554 2244 1613 dissentiant.
2320 1551 2510 1611 Nobis
2540 1551 2804 1627 quidem,

468 1643 536 1697 ut
578 1638 655 1696 ab
697 1639 803 1698 illo
851 1639 1088 1697 initium
1136 1639 1438 1711 faciamus,
1486 1656 1618 1695 cum
1664 1637 1799 1696 aliis
1844 1638 2233 1698 removendus
2278 1636 2517 1696 videtur
2546 1636 2805 1712 primum

474 1742 680 1783 versus
726 1724 826 1796 25,
872 1723 974 1798 qui
1019 1723 1100 1780 52
1145 1723 1317 1797 redit,

780 1842 1031 1898 Μοῦσαι
1069 1832 1460 1913 Ὀλυμπιάδες
1504 1847 1718 1919 κοῦραι
1766 1838 1909 1912 Διὸς
1954 1840 2257 1920 αἰγιόχοιο,

470 1963 627 2021 male
670 1961 911 2020 additus
957 1959 1354 2019 Heliconiacis
1401 1979 1548 2035 quas
1594 1960 1856 2021 Boeotus
1900 1965 2081 2037 poeta
2124 1964 2369 2021 invocat
2411 1960 2633 2033 Musis,
2681 1964 2808 2017 tum

471 2048 551 2107 32
598 2066 670 2105 ex
716 2046 1005 2104 librorum
1049 2047 1409 2104 auctoritate
1456 2047 1673 2105 vitiose
1715 2046 1824 2106 hoc
1869 2046 2045 2105 modo
2089 2045 2377 2122 legendus

773 2161 1027 2241 θείην,
1074 2160 1199 2221 ἵνα
1245 2147 1505 2240 κλείοιμι
1537 2159 1607 2221 τά
1654 2157 1706 2221 τ’
1756 2160 2042 2242 ἐσσόμενα
2086 2161 2201 2243 πρό
2246 2159 2300 2221 τ’
2350 2158 2552 2239 ἐόντα,

473 2304 650 2361 quem
707 2304 842 2343 cum
900 2284 1193 2360 sagaciter
1249 2281 1659 2359 Goettlingius
1715 2285 2024 2344 scribendo
2082 2279 2394 2359 θέσπιν,
2456 2280 2559 2340 ἵνα
2616 2302 2810 2342 emen·

472 2371 664 2443 davit,
723 2388 1082 2445 magnopere
1138 2386 1373 2443 vereor,
1430 2386 1506 2426 ne
1558 2369 1755 2441 ipsum
1821 2371 2167 2445 imperitum
2222 2370 2548 2428 correxerit
2606 2388 2812 2428 versus

475 2455 908 2528 fabricatorem,
958 2455 1060 2529 qui
1093 2472 1161 2510 ex
1195 2454 1273 2511 38
1307 2479 1387 2501 =
1418 2452 1598 2511 Hom.
1633 2457 1681 2510 A
1714 2454 1794 2512 70
1823 2455 2072 2514 eandem
2103 2454 2420 2514 formulam
2468 2453 2571 2512 sed
2602 2455 2807 2528 inepte

472 2540 808 2598 mutilatam
863 2539 957 2598 hic
1014 2556 1248 2614 quoque
1305 2537 1531 2600 intulit.
1625 2537 1779 2597 Tum
1836 2559 1977 2600 vero
2020 2560 2090 2601 ex
2135 2539 2407 2599 versibus
2457 2538 2656 2596 1-—21
2707 2539 2810 2615 qui

471 2621 838 2700 praecedunt
895 2627 1131 2682 tantum
1191 2626 1473 2719 quattuor
1528 2625 1754 2698 primos
1808 2626 1901 2684 illi
1955 2626 2249 2702 prooemii
2303 2626 2458 2700 parti
2504 2625 2813 2699 praemitti

471 2728 641 2784 posse
686 2712 872 2784 patet,
919 2727 1066 2783 quos
1110 2709 1210 2782 qui
1258 2711 1595 2782 sequuntur
1625 2710 1810 2780 5—-8,
1858 2714 1927 2769 ut
1963 2715 2207 2786 propter
2235 2710 2572 2786 argumenti
2605 2707 2812 2768 simili·

473 2794 740 2852 tudinem
784 2793 998 2851 adnexi
1044 2794 1129 2851 ita
1173 2795 1528 2851 tractatione
1587 2794 1971 2853 dissimillimi
2029 2798 2198 2870 sunt,
2258 2794 2419 2869 quod
2473 2796 2816 2853 monstrant

474 2884 535 2938 et
576 2880 782 2937 aoristi
829 2871 1253 2952 ἐνεποιήσαντο
1297 2910 1378 2919 —-
1425 2869 1834 2955 ἐπερρώσαντο
1877 2883 1940 2938 et
1983 2880 2157 2938 huius
2203 2880 2391 2954 ipsius
2437 2879 2604 2939 verbi
2637 2879 2807 2938 vehe-

473 2964 694 3022 mentia
751 2955 930 3020 πόσσ’
992 2954 1314 3019 ἁπαλοῖσιν
1368 2963 1465 3022 vix
1509 2964 1750 3039 propria
1802 2967 1864 3022 et
1916 2967 2224 3024 nominum
2284 2964 2637 3038 cumulatio,
2694 2982 2815 3039 qua

476 3066 577 3106 eos
608 3048 870 3107 eiusdem
915 3048 1116 3122 potius
1147 3065 1273 3106 esse
1300 3051 1483 3124 atque
1521 3049 1677 3105 11—
1688 3050 1764 3105 21
1812 3051 2075 3109 auctoris
2120 3050 2415 3108 docemur
2489 3049 2805 3108 Postremo

477 3134 655 3192 etiam
702 3137 840 3208 post
883 3134 962 3190 35
1007 3131 1234 3208 aliquid
1277 3132 1547 3190 additum
1591 3152 1721 3192 esse
1765 3138 1835 3192 ut
1878 3154 2081 3194 versus
2128 3136 2208 3192 34
2254 3133 2466 3193 suadet

782 3240 945 3309 σφᾶς
989 3225 1050 3290 δ’
1098 3220 1281 3301 αὐτὰς
1324 3231 1564 3311 πρῶτόν
1607 3254 1665 3292 τε
1709 3232 1811 3293 καὶ
1852 3230 2111 3294 ὕστατον
2153 3231 2285 3295 αἰὲν
2327 3229 2552 3293 ἀείδειν

471 3337 558 3395 ita
621 3337 1056 3412 prooemiorum
1111 3335 1561 3395 Homericorum
1630 3338 2011 3396 consuetudo.
2101 3336 2610 3397 Perlustrantibus
2672 3355 2811 3395 vero

473 3420 645 3480 nobis
689 3423 1020 3496 postremos
1065 3439 1270 3480 versus
1315 3421 1477 3479 ultro
1523 3421 1874 3493 offeruntur,
1924 3421 2144 3497 quibus
2175 3424 2254 3482 33
2300 3419 2409 3479 καί
2443 3441 2514 3498 με
2557 3413 2806 3479 ’ὤλονθ’

473 3491 685 3582 ὑμνεῖν
726 3498 1010 3583 μακάρων
1050 3501 1222 3581 γένος
1262 3499 1395 3563 αἰὲν
1424 3501 1648 3563 ἐόντων
1676 3506 2032 3582 illustretur,
2069 3508 2420 3567 104—106.
2457 3507 2807 3582 Ill—114,

473 3608 607 3648 cum
674 3590 1013 3648 intermedii
1075 3591 1406 3650 107-110
1476 3593 1544 3647 ιιι
1605 3592 2104 3666 importunissimi
2166 3594 2285 3651 iam
2349 3591 2426 3650 ab
2489 3593 2625 3650 aliis
2691 3592 2815 3650 sint

472 3676 686 3734 notati.
765 3675 852 3732 Ex
900 3676 1132 3747 ceteriS,
1179 3676 1513 3771 quicunque
1562 3675 1854 3736 36-103
1901 3677 2206 3753 leguntur,
2252 3696 2327 3736 ne
2371 3695 2526 3736 unus
2571 3676 2810 3751 quidem

472 3764 611 3834 apte
658 3778 790 3818 cum
833 3760 1137 3834 prooemio
1182 3760 1301 3817 iam
1345 3761 1584 3835 integro
1629 3761 1799 3837 iungi
1843 3764 2071 3838 potest,
2134 3763 2226 3845 itu²
2267 3766 2336 3821 ut
2378 3761 2491 3821 hoc
2531 3765 2810 3820 constans

473 3864 542 3904 ex
592 3846 698 3901 1-
717 3845 775 3901 4.
824 3845 982 3901 22—
992 3845 1092 3904 24.
1139 3845 1299 3902 26—
1308 3846 1405 3903 31.
1454 3846 1724 3903 33-35.
1778 3847 2126 3907 104—106.
2178 3849 2380 3905 111-
2390 3847 2511 3903 114
2565 3846 2808 3904 missum

474 3929 664 3989 facere
718 3948 1053 4004 possemus,
1120 3929 1237 3987 nisi
1303 3947 1457 3988 unus
1515 3934 1849 4004 superesset
1902 3931 2216 4005 scrupulus
2269 3950 2308 3990 a
2362 3931 2603 3990 nemine
2667 3932 2809 3990 dum

472 4014 922 4073 animadversus
965 4032 1157 4089 neque
1202 4032 1334 4071 cum
1379 4013 1488 4072 hac
1532 4015 1605 4073 de
1649 4015 1965 4090 prooemiis
2011 4016 2416 4075 discernendis
2462 4017 2810 4091 quaestione

471 4100 803 4158 necessario
834 4099 1203 4170 coniunctus,
1250 4099 1356 4165 sed
1397 4118 1575 4174 quem
1620 4103 1684 4158 et
1728 4100 2015 4160 indicasse
2054 4104 2117 4160 et
2159 4101 2479 4162 removisse
2523 4099 2635 4159 hoc
2676 4100 2808 4159 loco

471 4185 726 4244 iuvabit.

644 4268 951 4328 Contineri
995 4269 1106 4328 hoc
1151 4269 1481 4345 prooemio,
1539 4271 2069 4347 quomodocunque
2112 4271 2287 4330 hodie
2328 4271 2581 4347 legitur,
2638 4270 2807 4330 lucu-

474 4354 871 4412 lentissimum
916 4355 989 4412 de
1021 4353 1244 4412 Hesio
1263 4354 1351 4412 do
1396 4358 1465 4412 ut
1495 4353 1874 4430 Theogoniae
1903 4362 2148 4415 auctore
2178 4357 2591 4415 testimonium
2621 4357 2805 4431 patet,

474 4457 582 4496 nec
611 4438 910 4497 innumeri
940 4445 1000 4496 et
1029 4443 1242 4512 poetae
1272 4443 1335 4514 et
1363 4439 1703 4512 scriptoreS,
1750 4441 1851 4514 qui
1880 4439 2053 4499 illum
2086 4441 2390 4500 Musarum
2420 4457 2804 4516 congressum
