3132 5129
1382 338 1801 401 -46-

428 497 774 573 Spitznerus
820 497 1076 572 recepit,
1123 495 1534 555 emendatione
1580 495 1913 554 carebimus
1944 492 2151 569 Λίμνη
2193 494 2394 551 littera
2435 491 2756 549 maiuscula

427 583 761 641 scribentis.
847 582 972 641 Nec
1028 582 1285 657 recipere
1355 580 1654 639 debebant
1717 580 1973 639 editores
2038 572 2483 654 Ταλαιμένεος
2519 595 2628 652 pro
2670 594 2754 648 eo,

425 666 584 742 quod
628 668 690 726 in
736 667 1010 763 plurimis
1054 666 1223 724 libris
1267 666 1546 725 scribitur
1579 660 2040 740 Πυλαιμένεος
2013 706 2072 737 ,,
2116 663 2276 738 quod
2321 680 2539 720 nomen
2582 662 2756 719 etiam

326 763 391 811 32
430 772 484 812 v.
532 754 653 811 851
702 751 943 810 meliore
986 752 1114 809 iure
1158 751 1375 810 lectum
1422 768 1492 807 ex
1538 749 1604 805 N
1635 752 1758 809 643
1804 750 2135 825 adsumpsit
2178 748 2537 807 novissimus
2581 747 2758 803 inter·

428 837 681 912 polator.
768 835 881 905 Qui
946 831 1392 911 Ταλαιμένεος
1448 836 1915 907 substituerunt,
1983 834 2046 891 in
2101 832 2433 892 subsidium
2477 834 2760 890 vocarunt

433 919 885 979 Ταλαϊονίδαο
934 920 980 975 Β
1023 922 1166 979 566.
1235 923 1303 977 Ψ
1345 922 1487 979 678.

600 1006 872 1081 Denique
916 1026 974 1065 v.
1021 1007 1143 1065 876
1177 1026 1266 1080 sq.
1312 1004 1543 1063 consuti
1591 1008 1733 1063 sunt

428 1161 498 1200 ex
547 1136 603 1204 Ξ
638 1143 761 1199 425
796 1134 1221 1215 Σαρπηδών
1260 1131 1312 1197 τ’
1355 1134 1572 1217 ἀρχὸς
1603 1138 1914 1197 Λυκίων
1942 1135 2063 1197 καὶ
2097 1140 2427 1206 Γλαῦκος
2456 1128 2759 1212 ἀμύμων

428 1230 491 1286 et
538 1226 591 1282 E
633 1228 756 1285 479
804 1230 1017 1301 τηλοῦ
1061 1220 1173 1304 γὰρ
1220 1224 1508 1300 Λυκίη,
1556 1220 1826 1305 Ξάνθῳ
1871 1219 1966 1281 ἔπι
2009 1220 2381 1300 δινήεντι·

429 1346 505 1405 cf.
563 1342 617 1406 Ξ
661 1346 803 1404 434.
864 1343 922 1400 Φ
967 1346 1002 1402 2
1050 1349 1111 1403 et
1153 1363 1334 1419 supra
1381 1344 1430 1399 B
1475 1344 1617 1402 659.

600 1430 687 1487 Ex
736 1429 910 1489 sociis
957 1430 1011 1485 Ι(
1055 1429 1384 1487 428-431
1449 1428 1812 1486 enumeratis
1859 1427 1976 1485 iam
2021 1427 2169 1485 duos
2215 1425 2470 1499 relinqui
2515 1428 2762 1498 apparet

432 1514 654 1574 Cares
698 1517 761 1572 et
815 1514 1168 1590 Leleges,
1233 1532 1480 1588 quorum
1528 1513 1635 1571 hos
1678 1512 1859 1570 etiam
1912 1512 1968 1566 Y
2004 1512 2083 1570 96
2140 1511 2479 1569 nominatos
2523 1527 2630 1567 cur
2673 1509 2758 1566 in-

433 1600 589 1657 ferre
633 1598 895 1657 noluerit
949 1599 1252 1671 falsariuS,
1311 1598 1539 1670 nescio,
1601 1616 1708 1656 suo
1767 1614 1932 1655 more
1975 1596 2163 1667 enim,
2219 1612 2575 1670 quamquam
2630 1611 2758 1650 nus·

437 1702 614 1759 quam
660 1683 801 1741 dux
845 1702 1044 1742 eorum
1093 1683 1312 1741 diserte
1343 1683 1617 1755 affertur,
1665 1682 1739 1741 iis
1784 1682 1950 1740 abuti
1994 1683 2257 1756 poterat,
2303 1698 2452 1754 quae
2481 1677 2539 1734 Φ
2570 1680 2651 1737 86
2674 1696 2758 1752 sq.

436 1769 508 1826 de
553 1767 725 1826 Alte
771 1786 975 1826 eorum
1021 1786 1197 1843 rege
1243 1769 1582 1826 narrantur.
1655 1766 1751 1824 Ad
1795 1765 1975 1825 Cares
2023 1783 2164 1824 vero
2209 1763 2598 1823 illustrandos
2642 1763 2759 1837 pla·

434 1852 659 1928 giarius
703 1852 902 1911 nescio
950 1852 1105 1911 unde
1137 1851 1439 1928 egregium
1477 1851 1707 1910 furatus
1739 1855 1865 1910 erat
1893 1851 2296 1926 fragmentum
2326 1868 2380 1907 v.
2409 1848 2758 1918 867—875,

434 1936 591 2011 quod
639 1937 832 1996 tribus
877 1940 1180 1996 ternorum
1228 1955 1505 1995 versuum
1537 1935 1797 2010 strophis
1830 1936 2229 2010 compositum
2273 1938 2335 1992 et
2364 1933 2437 1991 ad
2471 1953 2528 1992 v.
2556 1933 2753 1999 658—-5

436 2024 556 2080 669
604 2021 833 2080 accedit
875 2020 1324 2081 similitudinem
1380 2025 1442 2079 et
1494 2020 1787 2096 singulari
1847 2022 2090 2079 omnino
2146 2020 2372 2079 virtute
2427 2018 2489 2076 in
2547 2016 2753 2074 mediis

434 2106 527 2164 his
558 2106 910 2165 centonibus
942 2100 1393 2181 exsplendescit.
1467 2105 1593 2164 Nec
1625 2106 1824 2164 minus
1867 2106 2058 2164 bonae
2088 2122 2445 2179 quamquam
2490 2101 2758 2161 diversae

436 2189 655 2250 indolis
700 2210 830 2250 esse
876 2194 1043 2265 patet
1086 2190 1397 2265 stropham
1441 2192 1836 2264 quintariam,
1883 2209 2003 2265 qua
2047 2210 2104 2252 v,
2138 2188 2473 2249 851-855
2519 2204 2760 2262 prorsus

435 2275 701 2335 Boeotici
745 2277 958 2349 poetae
1003 2294 1165 2334 more
1210 2274 1502 2349 modoque
1559 2276 1635 2333 de
1679 2275 2241 2351 Paphlagonum
2285 2272 2480 2347 patria
2525 2270 2759 2346 exponi-

334 2386 337 2393 ·
433 2365 561 2432 tur,
608 2378 862 2435 quorum
920 2361 1040 2418 dux
1084 2359 1473 2435 Pylaemenes
1527 2360 1871 2418 nominatur
1925 2360 2046 2417 iam
2104 2361 2367 2418 veterum
2423 2359 2758 2416 controver-

434 2446 537 2504 siis
583 2445 868 2517 iactatus,
925 2446 1143 2520 quippe
1197 2446 1296 2519 qui
1344 2444 1402 2500 E
1447 2445 1779 2504 576—579
1825 2444 2175 2501 interfectus
2220 2445 2416 2500 tamen
2463 2440 2528 2496 N
2558 2440 2762 2499 643—

436 2531 556 2589 659
603 2528 790 2588 filium
836 2527 1261 2605 Harpalionem
1310 2530 1512 2604 lugeat
1555 2528 1617 2587 in
1662 2546 1770 2587 suo
1813 2530 2133 2603 conspectu
2176 2524 2467 2586 occisum!
2515 2523 2759 2584 Locutio

431 2614 610 2690 paulo
665 2614 1018 2672 insolentior
1077 2611 1283 2672 λάσιον
1337 2613 1449 2691 κῆρ
1508 2613 1720 2671 eodem
1781 2613 1953 2672 modo
2009 2613 2190 2672 etiam
2237 2611 2304 2667 Π
2345 2611 2468 2669 554
2523 2610 2760 2687 legitur.

433 2698 594 2758 Haec
624 2697 739 2756 duo
785 2698 1038 2774 catalogi
1083 2698 1324 2756 Troiani
1384 2698 1651 2757 membra
1704 2697 1830 2757 sola
1886 2698 2283 2774 antiquiorem
2343 2695 2606 2770 produnt
2664 2713 2762 2770 ge-

433 2800 822 2857 nerosamque
867 2782 1145 2857 stirpem,
1192 2801 1443 2857 quorum
1490 2783 1746 2841 alterum
1777 2786 1979 2840 utrum
2025 2783 2075 2842 si
2119 2782 2253 2857 quis
2298 2799 2367 2838 ex
2401 2779 2762 2855 Cypriorum

435 2868 704 2944 catalogo
748 2870 1088 2942 excerptum
1145 2868 1479 2942 putaverit,
1534 2885 1662 2925 rem
1706 2868 1995 2943 proponit
2046 2867 2118 2924 ad
2177 2864 2533 2924 credendum
2587 2882 2760 2938 quam

436 2951 509 3009 ad
556 2950 1082 3011 demonstrandum
1126 2951 1465 3011 faciliorem.

604 3035 777 3095 Certe
832 3056 981 3111 quae
1038 3041 1357 3112 supersunt
1412 3036 1530 3096 tria
1588 3036 1853 3096 membra
1898 3069 1979 3078 ——
2036 3057 2088 3096 v.
2139 3035 2492 3095 824—830.
2554 3034 2754 3092 835—

433 3123 552 3179 837
591 3153 697 3193 —,
745 3139 814 3180 eo
860 3121 1093 3181 diversa
1138 3141 1172 3179 a
1216 3122 1392 3197 primi
1435 3121 1673 3198 generis
1717 3121 2306 3197 interpolationibus,
2357 3117 2515 3194 quod
2563 3117 2754 3188 urbes,

433 3224 549 3265 non
596 3209 804 3282 gentes
847 3207 1258 3278 nominantur,
1304 3205 1462 3264 haud
1510 3206 1773 3265 melioris
1816 3209 1959 3265 sunt
1987 3209 2254 3264 naturae.
2331 3202 2758 3278 Conglutinata

436 3293 632 3348 autem
688 3289 965 3348 videntur
1021 3291 1095 3349 ab
1154 3291 1392 3349 homine
1438 3290 1736 3350 Asiaticae
1790 3290 2182 3367 geographiae
2244 3307 2362 3348 non
2421 3288 2630 3363 ignaro
2687 3285 2759 3343 ad

436 3375 569 3433 illas
626 3375 1016 3448 supplendas,
1070 3376 1351 3449 quoniam
1419 3377 1480 3432 in
1542 3377 1614 3434 iis
1671 3375 1850 3434 duces
1906 3376 2148 3449 quidam
2204 3368 2499 3433 notabiles
2558 3370 2761 3429 omissi

436 3459 808 3518 videbantur.
883 3459 1110 3517 Horum
1144 3461 1368 3534 primus
1399 3460 1796 3519 Pandarus
1842 3464 1961 3531 est,
2011 3460 2082 3518 de
2125 3479 2242 3534 quo
2274 3477 2423 3534 quae
2470 3477 2526 3514 v.
2557 3457 2762 3514 824-

440 3544 556 3601 827
606 3545 918 3620 leguntur,
976 3544 1036 3602 in
1083 3544 1153 3602 iis
1199 3563 1269 3602 ex
1318 3547 1373 3600 Δ
1422 3546 1725 3604 103.121
1792 3544 1932 3601 urbs
1979 3544 2234 3602 Zeleia
2291 3543 2603 3617 desumpta
2659 3544 2763 3610 est,

437 3623 637 3686 ἔναιον
679 3647 747 3687 ex
800 3628 846 3683 Β
891 3631 1039 3701 511,
1096 3623 1252 3686 πόδα
1302 3627 1532 3687 νείατον
1587 3648 1658 3687 ex
1702 3629 1892 3704 epigr.
1940 3628 2120 3687 Hom.
2180 3628 2252 3684 ad
2314 3626 2656 3685 Neonteich
2706 3627 2765 3696 3,

439 3715 770 3788 Aesepus
815 3733 883 3772 ex
934 3715 988 3768 A
1033 3716 1142 3785 91,
1191 3708 1510 3782 Λυκάονος
1566 3706 1784 3790 αγλαὸς
1829 3709 1960 3783 υίὸς
2006 3732 2076 3772 ex
2123 3712 2180 3767 Ε
2223 3711 2527 3784 95.101;
2585 3706 2768 3785 με’λαν

438 3793 604 3872 ὕδωρ
643 3796 653 3876 Ι
692 3796 973 3856 πίνουσαι
1017 3820 1054 3856 ν
1097 3800 1219 3859 409
1252 3818 1338 3874 sq.
1386 3798 1636 3873 legitur,
1691 3799 1810 3855 τῶν
1854 3789 1990 3856 αυτ’
2047 3788 2189 3875 ἦρχε
2233 3795 2539 3854 Boeotiam
2596 3795 2766 3867 sapit,

439 3889 501 3943 et
542 3876 787 3956 ἀφνειοί
826 3885 937 3958 ipsi
984 3883 1204 3941 milites
1248 3883 1501 3942 audiunt
1543 3888 1860 3958 propterea
1902 3884 2059 3958 quod
2106 3882 2223 3939 dux
2268 3881 2324 3936 E
2371 3881 2492 3938 193
2517 3896 2647 3953 sqq.
2695 3879 2767 3935 de

439 3968 626 4043 patris
672 3968 849 4026 domo
894 3968 979 4025 ita
1021 3968 1320 4061 narravit,
1379 3971 1450 4026 ut
1500 3968 1627 4026 iure
1679 3968 1812 4042 quis
1858 3968 2219 4027 concluserit
2272 3984 2401 4025 esse
2456 3964 2518 4022 in
2576 3982 2645 4021 ea
2688 3994 2770 4005 —

438 4049 585 4109 ἄλλα
617 4072 675 4109 τε
701 4048 912 4127 πολλοὶ,
950 4048 961 4131 Ι
1000 4043 1157 4109 οἷσίν
1186 4073 1215 4109 τ
1287 4072 1355 4110 ευ
1385 4048 1602 4122 ζωουσι
1631 4050 1731 4110 και
1759 4074 1858 4124 αφ
1878 4049 2059 4111 νειοι
2101 4045 2498 4109 καλέονται
2529 4046 2591 4124 (ρ
2623 4049 2768 4105 423.

441 4158 470 4195 τ
518 4134 642 4213 79).
732 4137 901 4207 Quod
950 4157 1003 4196 v.
1051 4138 1172 4196 827
1220 4137 1440 4212 Apollo
1498 4137 1626 4212 ipse
1670 4137 1946 4196 Pandaro
1990 4156 2188 4196 arcum
2237 4135 2469 4194 dedisse
2528 4132 2765 4203 dicitur,

440 4221 501 4280 id
547 4222 843 4296 quomodo
888 4240 1019 4281 cum
1070 4222 1126 4277 A
1160 4224 1278 4282 105
1309 4241 1442 4297 sqq.
1490 4221 1794 4280 conciliari
1840 4223 2059 4297 possit,
2105 4223 2223 4280 iam
2266 4219 2500 4295 antiqui
2543 4214 2775 4275 λυτικοί

441 4305 892 4381 quaesiverunt:
945 4306 1179 4366 divinae
1224 4306 1664 4366 munificentiae
1719 4325 1896 4365 causa
1938 4306 2066 4365 sine
2110 4306 2290 4364 dubio
2346 4322 2548 4379 preces
2607 4305 2768 4374 sunt,

340 4399 406 4447 38
441 4408 587 4467 quas
636 4390 937 4449 Pandarus
984 4392 1283 4451 Minervae
1339 4393 1501 4452 iussu
1559 4393 1635 4450 ad
1693 4391 2032 4466 Apollinem
2092 4390 2289 4449 fundit
2338 4391 2390 4444 A
2438 4391 2576 4448 101.
2625 4390 2769 4445 219.

554 4737 701 4828 Ἦ.
