3132 5129
1403 395 1859 460 „390-

469 560 612 635 XII,
662 561 815 633 220,
864 557 964 616 ubi
996 555 1288 630 Bacchus,
1336 555 1408 614 de
1439 553 1694 628 Ampelo
1738 570 1917 627 puero
1963 550 2177 610 dilecto
2224 550 2467 626 lugenS,
2516 550 2619 624 qui
2650 564 2801 605 mor-

470 647 610 705 tuus
655 644 719 702 in
766 603 948 702 vitem
995 644 1127 701 erat
1171 658 1519 715 conversuS,
1566 638 1712 701 haec
1757 637 1931 696 dicit:

726 756 969 831 ζώειςδ
977 754 1249 834 ἐἰσέτι,
1294 765 1509 829 κοῦρε,
1556 749 1656 813 καὶ
1704 752 1759 813 εἰ
1800 750 2021 823 θάνες·
2067 746 2211 811 οὐδέ
2251 767 2314 811 σε
2358 748 2583 854 Λήθης

723 840 963 941 κρύψεν
1003 840 1195 918 ὕδωρ,
1242 838 1316 901 οὐ
1360 831 1529 916 ξυνὸς
1575 837 1689 915 ἔχει
1734 835 1949 914 τάφος·
1994 831 2143 896 ἀλλὰ
2191 832 2311 894 καὶ
2359 826 2596 913 αυτὴν

725 950 965 1006 μορφην
1009 923 1301 1005 ὑμετέρην
1345 922 1636 1009 ᾐδέσσατο
1679 928 1821 1000 γαῖα
1866 919 2155 997 καλύψαι.

471 1052 549 1110 Η.
582 1052 651 1126 l.,
699 1069 830 1108 cum
876 1067 995 1107 non
1024 1046 1266 1122 Ampeli
1310 1046 1502 1105 forma
1546 1063 1677 1102 cum
1723 1044 1972 1102 aliorum
2019 1041 2465 1118 pulchritudine
2510 1059 2801 1138 compare·

473 1140 599 1209 tur,
661 1134 762 1193 sed
808 1133 868 1191 id
923 1136 1259 1209 prematur,
1319 1130 1479 1207 quod
1533 1132 1692 1188 terra
1748 1148 2015 1226 quoque,
2074 1146 2224 1202 quae
2270 1127 2387 1185 alia
2432 1126 2630 1185 omnia
2673 1126 2806 1185 s‘inu

471 1220 738 1317 recipiat,
784 1235 906 1276 non
951 1235 1095 1275 ausa
1139 1215 1337 1289 fuerit,
1386 1214 1651 1272 divinam
1697 1215 1869 1308 pueri
1915 1213 2168 1272 formam
2216 1212 2446 1271 tumulo
2491 1210 2804 1288 occultare,

474 1307 599 1363 sine
646 1303 826 1361 dubio
871 1302 947 1362 N.
994 1300 1263 1359 dederat.
1310 1291 1457 1356 ἀλλὰ
1506 1294 1605 1355 καὶ
1652 1318 1728 1355 αυ
1748 1319 1826 1375 τη
1870 1331 1952 1341 --
1997 1286 2283 1377 ᾐδέσσατο
2328 1300 2469 1373 γαῖα
2513 1292 2805 1371 καλύψαι,

474 1389 610 1465 „vel
657 1388 784 1464 ipsa
827 1389 989 1445 terra
1034 1385 1292 1444 reverita
1336 1382 1470 1443 est“
1516 1385 1628 1441 etc.

727 1470 1010 1546 XXXVI,
1057 1471 1179 1528 454
1208 1489 1335 1545 sqq.
1404 1467 1692 1527 Deriades
1726 1466 2041 1526 Silenum
2027 1486 2089 1526 111
2131 1486 2333 1544 pugna
2371 1465 2567 1526 navali
2596 1465 2807 1526 invali-

478 1559 617 1616 dum
664 1576 790 1615 esse
830 1556 916 1615 ita
959 1554 1286 1630 praedicat:

352 1669 453 1717 653
1141 1688 1221 1698 --
1267 1648 1339 1712 οὐ
1387 1648 1448 1713 δ’
1497 1649 1586 1711 ένὶ
1630 1649 1830 1733 πόντῳ

734 1740 1024 1814 ταυρείοις
1067 1731 1343 1838 κεράεσσι
1384 1734 1768 1815 πεπαρμένον
1807 1728 2004 1812 ανδρα
2051 1731 2291 1813 δαμάζει

619 1841 626 1847 ’
733 1820 1088 1902 άγχιφανῆ,
1131 1817 1407 1905 μεσάτοιο
1451 1820 1838 1900 διχαζομένου
1883 1823 2191 1894 κενεῶνος.

480 1946 774 2021 Displicet
803 1944 952 2003 illud
997 1938 1334 2021 άγχιφανῆ,
1384 1943 1523 2019 quia
1562 1947 1624 2003 et
1667 1945 1746 2018 is,
1797 1962 1973 2018 quem
2019 1943 2174 2018 petit
2206 1943 2474 2018 Silenus,
2523 1945 2667 2003 satis
2694 1945 2811 2003 iam

483 2034 575 2090 est
617 2031 945 2105 indicetne,
992 2034 1054 2088 et
1099 2029 1213 2088 dici
1258 2029 1413 2088 solet
1454 2028 1605 2086 illud
1648 1990 2009 2088 adiectivum
2055 2029 2212 2102 apud
2243 2029 2320 2086 N.
2355 2047 2588 2105 semper
2618 2029 2689 2088 de
2720 2049 2810 2104 eo,

482 2116 584 2191 qui
627 2117 754 2191 ipse
801 2115 875 2174 ad
934 2115 1115 2173 alium
1175 2113 1435 2187 accedit,
1497 2118 1603 2172 aut
1658 2114 1985 2171 comminus
2029 2113 2092 2171 in
2138 2131 2269 2170 eum
2315 2114 2605 2188 impetum
2652 2114 2810 2189 facit,

480 2220 602 2260 non
646 2219 785 2261 vero
831 2198 904 2257 de
948 2218 1047 2275 e0,
1094 2199 1188 2257 cui
1232 2199 1365 2273 quis
1409 2199 1870 2274 appropinquat.
1964 2196 2282 2273 Scripsisse
2329 2197 2421 2256 hic
2469 2217 2704 2274 quoque
2735 2199 2812 2259 N.

481 2285 750 2345 videtur:
797 2278 1182 2361 ἆγχιφανής.
1259 2283 1398 2341 Vid.
1445 2281 1605 2357 XIV,
1655 2285 1775 2341 317

1139 2435 1223 2444 ——
1266 2390 1640 2479 άγχιφανὴς
1686 2394 1750 2458 δὲ

730 2480 1028 2631 Ἀεὲτράεις
1070 2480 1436 2566 ὑπέροπλος,
1483 2481 1634 2562 ἔχων
1676 2481 1963 2563 αστοργον
2005 2478 2282 2561 ἀπειλήν,

732 2592 815 2648 μα
844 2590 973 2630 νετο

482 2691 790 2766 xxxvn,
840 2691 985 2748 245.

1147 2807 1220 2816 —
1272 2769 1336 2843 ὃς
1379 2770 1445 2832 δὲ
1492 2770 1741 2850 χαράξαι

735 2852 1112 2935 ἆγχιφανὴς
1154 2853 1463 2934 μενέαινεν
1509 2853 1819 2936 ὀπίστερον
1864 2850 2136 2936 ἡνιοχῆα.

484 2961 711 3036 XLIII,
762 2963 903 3020 291.

1140 3078 1223 3088 —
1267 3035 1642 3125 ἆγχιφανής
1686 3043 1754 3105 δὲ

729 3118 1020 3212 Ἐσπερίῳ
1067 3130 1383 3211 Σαρδῷος,
1418 3127 1594 3206 Ἴβηρ
1642 3126 1953 3206 έπεσύρετο
1998 3134 2216 3215 Κελτῷ.

486 3249 576 3308 Cf.
625 3253 930 3324 praeterea
973 3249 1060 3324 II,
1109 3252 1208 3309 97.
1255 3250 1326 3325 V,
1375 3252 1515 3312 307.
1560 3250 1705 3327 VII,
1755 3254 1896 3316 218.
1943 3253 2142 3330 XXII,
2196 3256 2332 3315 184.
2391 3256 2616 3332 XXIX,
2669 3259 2815 3317 170.

485 3334 770 3409 XXXIII,
819 3336 960 3397 209.
997 3295 1318 3412 XXXVII,
1368 3336 1466 3398 72.
1515 3336 1658 3395 210.
1708 3338 1848 3396 292.

654 3381 967 3496 xx’xvn,
1021 3420 1097 3477 14
1118 3439 1207 3495 sq.

739 3517 841 3578 καὶ
887 3513 1162 3598 δρυτόμῳ
1208 3517 1523 3598 στοιχηδὸν
1570 3517 1834 3598 ἐτέμνετο
1883 3519 2098 3600 δένδρα
2141 3523 2403 3607 σιδήρῳ·

741 3602 927 3680 πολλὴ
972 3602 1082 3680 μὲν
1127 3603 1335 3681 πτελέη
1382 3599 1667 3684 τανυήκεϊ
1706 3606 2032 3684 τάμνετο
2077 3611 2312 3689 χαλκῷ,
2358 3616 2469 3671 eto.

486 3724 755 3783 Graefius
814 3724 924 3783 hoc
980 3724 1324 3823 adscripsit.
1385 3718 1677 3802 ,,τάμνετο
1732 3747 1853 3786 non
1910 3729 2060 3787 nihil
2104 3729 2371 3789 offendit.
2379 3729 2414 3760 “
2506 3732 2674 3802 Quod
2721 3733 2823 3791 ille

488 3810 831 3868 observavit
873 3811 1212 3885 verissime,
1272 3830 1436 3887 nam,
1498 3831 1630 3870 cum
1691 3812 1751 3870 in
1807 3831 1938 3888 sqq.
1987 3813 2058 3872 de
2101 3814 2415 3874 arboribus
2461 3817 2642 3874 caesis
2684 3818 2824 3877 aliis

488 3913 720 3969 semper
764 3895 960 3952 verbis
1000 3896 1077 3954 N.
1126 3898 1413 3971 exponat,
1459 3898 1721 3972 profecto
1768 3898 2023 3955 maxime
2069 3900 2284 3957 mirum
2330 3905 2451 3975 est,
2498 3901 2655 3976 quod
2685 3903 2742 3960 h.
2776 3904 2819 3961 l.

487 3979 644 4036 idem
691 3979 954 4053 positum
988 3980 1259 4038 videmus
1305 3985 1485 4055 atque
1529 3981 1591 4039 in
1621 4000 1796 4040 versu
1843 3983 2238 4042 antecedenti.
2310 3985 2501 4055 Quare
2531 4005 2820 4061 reponen-

489 4063 628 4120 dum
675 4067 850 4138 puto:
898 4057 1226 4141 δάμνατο
1272 4064 1483 4145 χαλκῷ.
1577 4064 1903 4141 Usurpavit
1946 4068 2055 4127 hoc
2099 4068 2342 4128 verbum
2391 4070 2463 4129 de
2507 4072 2823 4131 arboribus

489 4148 664 4205 etiam
710 4149 913 4218 Quint.
962 4149 1080 4208 Sm.
1129 4149 1306 4225 VIII,
1360 4153 1479 4210 130

740 4244 882 4325 ἠύτε
928 4246 1167 4323 δένδρεα
1211 4271 1410 4325 μακρα
1454 4249 1557 4333 βίῃ
1603 4250 1981 4329 δμηθεντα
2026 4245 2296 4333 σιδήρου.

657 4351 939 4427 XXXIX,
993 4354 1107 4410 147
1156 4353 1228 4412 de
1271 4354 1499 4413 Aeaco:

747 4472 780 4508 κ
795 4472 823 4507 τ
839 4472 864 4509 ε
881 4450 948 4508 ίν
965 4473 1010 4509 ω
1028 4473 1060 4507 ν
1106 4441 1290 4532 ἐχθρὰ
1334 4447 1585 4529 κάρηνα.
