3132 5129
1326 412 1747 476 ...33.-

359 588 477 645 quo
524 569 865 629 Hesiodeus
910 573 1086 644 poeta
1129 569 1438 644 antiquius
1483 568 1634 626 illud
1680 570 2028 627 Meconae
2070 569 2398 643 posuisset,
2445 571 2508 628 et
2554 570 2703 627 mira

360 655 601 713 Adrasti
662 656 887 713 mentio
947 654 1455 730 importunissime
1512 653 1837 724 inculcata,
1894 672 2073 728 quam
2127 653 2352 711 frustra
2406 654 2703 728 explicant

364 739 636 815 Heynius
682 746 885 814 πρῶτα
915 757 1024 814 pro
1056 732 1340 817 πρότερον
1370 737 1594 795 dictum
1626 742 1843 813 putans
1875 746 1937 795 et
1969 738 2393 797 Mommsenius
2426 734 2512 816 [p.
2547 736 2696 813 525]

358 825 433 882 ad
500 824 750 883 Adrasti
817 825 1222 882 celebritatem
1306 842 1660 898 provocans,
1741 822 2185 881 Nitzschius
2245 822 2382 881 hist.
2442 822 2616 884 Hom.
2672 824 2701 879 I

362 905 673 986 [Hannov.
725 904 917 988 1830]
966 929 1024 984 p.
1078 910 1195 967 156
1242 913 1303 967 et
1349 906 1472 966 Od.
1522 907 1935 966 Muellerus
1978 908 2118 966 hist.
2164 907 2284 965 litt.
2320 907 2425 965 Gr.
2458 907 2488 965 I
2529 927 2588 982 p.
2622 909 2700 965 94

358 995 815 1065 intellexerunt,
876 995 1228 1069 quibuscum
1285 994 1336 1051 si
1382 994 1673 1051 statuitur
1716 1011 1785 1051 eo
1830 996 2115 1067 tempore,
2163 1012 2280 1066 quo
2325 993 2522 1069 Argos
2568 1011 2700 1050 cum

359 1076 664 1137 Clisthene
709 1079 1125 1151 contendebat,
1171 1078 1247 1136 ab
1288 1079 1518 1153 Argivo
1572 1077 1868 1152 rhapsodo
1926 1095 2061 1135 eum
2111 1096 2344 1135 versum
2389 1077 2700 1151 interposi—

358 1168 485 1220 tum
533 1183 682 1235 esse,
733 1183 885 1238 quae
929 1165 992 1221 in
1037 1183 1107 1221 eo
1152 1163 1465 1221 offendunt
1506 1162 1915 1238 planissimam
1960 1161 2183 1220 habent
2224 1162 2699 1236 explicationem.

360 1247 484 1306 Nec
534 1248 751 1306 dubito
797 1249 986 1307 eidem
1035 1249 1234 1306 manui
1281 1248 1463 1307 etiam
1505 1267 1564 1306 v.
1612 1249 1737 1305 570

613 1359 875 1439 ἀφνειόν
917 1384 981 1424 τε
1028 1361 1338 1443 Κόρινθον
1381 1360 1730 1440 ἕνκτιμένας
1779 1386 1837 1423 τε
1890 1356 2168 1435 Κλεωνάς

357 1502 725 1562 adscribere:
772 1502 950 1561 homo
995 1502 1377 1577 popularium
1420 1502 1676 1578 gloriam
1708 1501 2070 1561 adaucturus
2103 1506 2164 1560 et
2195 1520 2420 1560 memor
2448 1503 2700 1562 fortasse

356 1589 663 1647 notissimi
707 1588 870 1646 illius
913 1588 1215 1663 proverbii

611 1703 707 1782 εἴη
750 1725 847 1781 μοι
893 1701 957 1763 τὸ
1001 1701 1217 1781 μεταξὺ
1264 1703 1575 1784 Κορίνθου
1619 1701 1720 1763 καὶ
1766 1708 2113 1781 Σικυῶνος,

356 1844 524 1900 cuius
569 1843 754 1901 etiam
800 1842 1154 1901 scholiastae
1199 1842 1272 1900 ad
1320 1862 1376 1900 v.
1411 1844 1532 1900 572
1580 1843 1997 1915 meminerunt,
2044 1844 2408 1902 celeberrimi
2455 1843 2699 1919 emporii

354 1928 598 1985 divitias
646 1928 864 1985 inferre
908 1928 1237 2002 gestiebat,
1284 1927 1431 1985 nihil
1475 1927 1576 1985 ille
1621 1946 1834 1985 curans
1879 1931 1940 1985 et
1983 1929 2138 2004 apud
2183 1928 2509 1987 Homerum
2557 1929 2700 1987 alibi

354 2012 673 2087 antiquum
726 2011 1065 2087 Ephyrae
1122 2030 1339 2071 nomen
1398 2031 1733 2085 occurrere,
1789 2013 1948 2086 quod
1995 2032 2173 2088 opera
2217 2014 2355 2071 data
2398 2017 2461 2072 et
2504 2013 2598 2072 hic
2642 2018 2701 2072 et

355 2096 428 2154 ad
459 2097 517 2154 Z
548 2098 689 2155 152.
740 2099 880 2156 210.
916 2096 986 2154 Ν
1002 2098 1121 2154 301
1157 2099 1517 2155 notaverunt
1540 2097 1767 2156 scholia
1817 2128 1893 2137 —
1953 2097 2197 2160 cs.Vell.
2220 2098 2348 2157 Pat.
2376 2098 2424 2169 I,
2451 2100 2507 2169 3,
2534 2101 2571 2156 3
2600 2130 2697 2169 —-,

357 2186 422 2238 et
482 2181 639 2239 male
696 2182 758 2239 in
816 2181 1017 2240 eadem
1076 2181 1329 2240 duorum
1386 2182 1803 2241 continuorum
1848 2200 2124 2242 versuum
2173 2183 2313 2241 sede
2357 2184 2513 2242 idem
2559 2183 2698 2258 poni

359 2266 746 2325 adiectivum.
806 2266 1006 2325 Etiam
1038 2266 1111 2324 de
1141 2266 1252 2325 hoc
1283 2285 1456 2325 versu
1486 2266 1883 2341 suspicionem
1916 2268 2035 2325 iam
2067 2269 2259 2327 movit
2292 2267 2699 2326 Muellerus

360 2351 575 2427 Aegin.
608 2371 669 2426 p.
701 2352 783 2407 42
814 2355 938 2409 not.
974 2370 1021 2409 c.

534 2435 851 2495 Postremo
911 2436 1025 2494 huc
1081 2436 1278 2494 refero
1334 2456 1390 2498 v.
1436 2438 1556 2494 753
1577 2438 1810 2508 -755,
1875 2438 2091 2511 quibus
2149 2439 2300 2495 mira
2356 2438 2701 2513 depingitur

357 2520 639 2580 Titaresii
693 2525 909 2580 natura
952 2520 1217 2579 Peneum
1275 2521 1742 2595 supernatantis,
1809 2522 1968 2596 quod
2026 2522 2379 2582 miraculum
2424 2541 2558 2582 cum
2603 2542 2700 2581 ex-

352 2607 643 2681 plicatur:

610 2719 794 2802 ιόρκου
837 2721 949 2802 γὰρ
993 2722 1196 2783 δεινοῦ
1242 2720 1471 2803 Στυγὸς
1515 2720 1736 2794 ὕδατός
1783 2720 1944 2784 ἐστιν
1985 2719 2294 2803 ἀπορρώξ,

358 2861 551 2936 magis
607 2861 759 2919 alios
816 2859 1163 2920 Homericos
1219 2861 1409 2934 loc08‚
1481 2860 1699 2936 quibus
1765 2862 2108 2921 abuteretur
2175 2897 2245 2904 —
2301 2861 2356 2926 Ξ
2398 2864 2516 2922 271
2563 2884 2695 2940 sqq.

354 2944 410 3001 Ο
439 2948 521 3004 37
556 2965 693 3021 sqq.
742 2964 768 3002 ε
806 2946 924 3003 185
956 2965 1087 3021 sqq.
1118 2946 1323 3022 hymn.
1356 2947 1475 3021 Ap.
1508 2945 1641 3008 Del.
1674 2947 1753 3005 85
1787 2966 1876 3022 sq.
1909 2948 2045 3006 coll.
2092 2968 2126 3005 κ
2154 2949 2276 3004 514
2316 2981 2409 3020 -,
2456 2949 2696 3008 circum·

354 3032 624 3106 spexisse
681 3048 856 3105 quam
916 3030 1000 3090 rei
1057 3035 1328 3091 naturam
1380 3032 1713 3106 respexisse
1768 3032 2159 3107 interpolator
2218 3032 2481 3104 videtur,
2542 3034 2700 3110 quod
2736 3040 2800 3088 18

353 3122 556 3174 tamen
585 3115 843 3173 fideliter
870 3116 1277 3191 repetiverunt
1305 3116 1459 3175 Plin.
1494 3116 1572 3174 N.
1606 3115 1684 3175 H.
1716 3115 1802 3174 IV
1833 3115 1875 3193 ξ
1900 3118 2001 3175 31.
2036 3116 2254 3179 Lucan.
2273 3116 2376 3188 VI,
2408 3118 2528 3176 375
2546 3138 2697 3195 sqq.,

354 3203 426 3257 ut
467 3199 566 3258 hic
617 3200 855 3274 quidem
904 3219 1106 3260 versus
1148 3202 1351 3277 potius
1394 3201 1468 3260 ad
1514 3200 1832 3261 secundam
1877 3201 2419 3261 additamentorum
2450 3204 2699 3263 classem

357 3284 707 3344 referendus
749 3286 849 3344 sit.

526 3369 647 3428 Sed
704 3370 777 3427 ad
834 3370 1085 3445 primam
1140 3371 1446 3445 pertinent
1501 3372 1709 3444 etiam,
1771 3390 2129 3447 quamquam
2177 3373 2422 3446 paulum
2474 3372 2697 3432 diversi

355 3457 499 3514 sunt
540 3455 797 3531 generis,
843 3454 1067 3531 singuli
1112 3473 1318 3515 versus
1358 3455 1565 3514 littera
1596 3476 1630 3513 a
1658 3457 1870 3528 notati,
1918 3456 2136 3531 quibus
2167 3457 2431 3517 locorum
2463 3476 2696 3516 enume-

354 3541 647 3599 rationem
705 3539 894 3598 serius
950 3539 1301 3615 completam
1355 3558 1483 3600 esse
1539 3541 1599 3600 in
1646 3542 2004 3601 Boeotorum
2050 3545 2113 3600 et
2157 3541 2456 3600 Arcadum
2503 3542 2699 3600 indice

353 3624 446 3682 lex
490 3625 718 3684 violata
772 3624 1057 3682 clamitat.
1146 3623 1333 3683 Paulo
1387 3626 1674 3684 incertius
1731 3626 1825 3685 hic
1876 3645 2006 3686 esse
2050 3645 2199 3701 quos
2245 3627 2444 3703 potius
2488 3645 2696 3686 versus

354 3711 557 3767 manui
615 3708 1049 3785 interpolatrici
1105 3708 1437 3783 adscribas,
1495 3711 1612 3768 iam
1671 3729 1850 3785 supra
1905 3711 2221 3770 admonui:
2291 3715 2490 3770 tamen
2552 3716 2695 3786 puto

356 3792 514 3852 haud
571 3793 952 3870 improbabili
1008 3792 1347 3853 coniectura
1391 3815 1446 3852 v.
1482 3797 1626 3853 505.
1677 3797 1818 3855 507.
1867 3797 1984 3854 607
2034 3816 2068 3853 a
2118 3815 2210 3854 me
2255 3799 2496 3854 notatos
2549 3815 2694 3855 esse.

354 3876 429 3935 V.
463 3877 588 3937 505
634 3896 998 3955 magnopere
1040 3897 1248 3938 vereor
1292 3898 1367 3939 ne
1410 3879 1548 3937 illae
1595 3873 1938 3956 Ὑποθῆβαι
1982 3882 2168 3940 tantis
2215 3879 2696 3940 dubitationibus

354 3961 646 4021 obnoxiae
694 3996 772 4005 —
815 3963 894 4022 cf.
938 3967 1176 4038 praeter
1218 3964 1444 4023 scholia
1489 3963 1686 4023 Strab.
1723 3964 1806 4022 IX
1850 3984 1908 4039 p.
1942 3966 2065 4023 412
2116 3998 2193 4007 —
2240 3983 2536 4039 nusquam
2579 3966 2695 4024 nisi

353 4048 417 4105 in
469 4047 729 4107 hominis
775 4047 1001 4107 falsarii
1057 4049 1346 4107 cerebello
1412 4049 1638 4108 fuerint
1681 4047 1989 4125 πολίχνιον
2030 4042 2381 4124 ἀνώνυμον·
2447 4043 2518 4109 οὐ
2586 4047 2697 4127 γὰρ

353 4128 602 4210 εὔλογον
666 4129 1009 4210 στρατεύειν
1076 4130 1380 4211 Θηβαίους
1454 4130 1658 4192 νεωστὶ
1721 4128 1832 4191 ὑπ’
1898 4128 2178 4211 Ἀργείων
2241 4131 2693 4210 πορθηθέντας.

356 4216 511 4276 Tum
559 4220 772 4281 v.'507
805 4218 1002 4276 Arne
1051 4249 1125 4259 —-
1171 4214 1261 4276 ὅτι
1305 4212 1412 4294 οὐχ
1456 4212 1787 4296 εὑρίσκεται
1830 4215 1980 4275 κατὰ
2025 4212 2164 4288 τούς
2216 4215 2518 4296 Τρωικοὺς
2564 4219 2696 4298 χρό-

360 4321 499 4372 νους
527 4299 724 4380 Ἄρνη
767 4299 937 4372 πόλις
964 4301 1271 4379 Βοιωτίας,
1302 4307 1365 4362 et
1391 4303 1467 4361 cf.
1494 4304 1565 4362 de
1587 4305 1902 4363 notissima
1931 4302 2315 4362 Aeolensium
2340 4306 2696 4382 migratione

357 4386 537 4450 Thuc.
572 4389 621 4460 Ι,
661 4389 759 4447 12.
790 4387 965 4447 Diod.
996 4385 1104 4459 IV,
1136 4390 1214 4448 67
1261 4421 1342 4431 -
1387 4388 1532 4446 adeo
1577 4387 1830 4447 offensui
1877 4388 1992 4447 suit
2034 4389 2296 4463 antiquis
2341 4391 2579 4462 criticis,
2627 4395 2698 4449 ut

356 4475 460 4530 aut
518 4466 759 4551 Τάρνην
818 4473 914 4533 vel
959 4468 1221 4549 ’Ἀσκρην
1272 4474 1689 4545 emendarent,
1747 4476 1849 4530 aut
1904 4472 2303 4532 Chaeroneam
2364 4475 2455 4533 vel
2505 4475 2690 4534 Leon·

459 4580 709 4628 Kochly,
741 4579 990 4620 Schriften.
1021 4579 1058 4618 1.
2257 4577 2290 4623 3
