3132 5129
1299 392 1595 456 —285
1689 428 1758 439 —

370 549 465 609 bis
509 551 785 626 legimus.
860 549 1109 608 Factum
1163 549 1224 607 id
1281 549 1470 626 igitur
1521 553 1617 609 est
1670 551 1920 610 obscuro
1974 569 2114 610 sane
2168 551 2296 610 loeo
2353 553 2417 610 et
2468 553 2698 611 subter-

363 653 575 710 rane0,
622 636 722 694 sed
774 652 947 711 quem
994 633 1388 693 Tartarum
1444 635 1815 710 appellatum
1858 635 2042 695 fuisse
2095 636 2190 694 hic
2235 636 2478 712 quidem
2521 640 2699 713 poeta

361 719 688 794 ignoravit.
765 718 924 779 Hine
966 738 1087 778 non
1131 719 1342 779 dubito
1387 719 1441 779 ei
1486 738 1594 779 sua
1635 720 1881 779 reddere
1924 721 2093 779 haec.

704 833 859 895 ἔνθα
902 833 1037 896 θεοὶ
1085 839 1328 914 Τιτῆνες
1371 828 1490 896 {nco
1534 835 1696 919 ζόφῳ
1738 832 2042 916 ἠερόεντι
2591 848 2689 897 729
2725 850 2792 898 36

617 918 988 998 κεκρύφαται
1029 922 1220 999 βουλ
1223 936 1283 979 σι
1329 918 1476 993 Διὸς
1521 898 2014 1001 νεφεληγερέταο·

619 1011 740 1077 τοῖς
784 1000 897 1065 οὐκ
944 1002 1133 1078 ἐξιτόν
1177 944 1329 1065 ἔστι·
1378 1005 1573 1078 πύλας
1620 1002 1678 1064 δ’
1728 1003 1988 1082 ἐπέθηκε
2035 1005 2382 1068 Ποσειδέων
2595 1018 2693 1065 ’132

617 1090 922 1167 χαλκείας,
966 1095 1152 1168 τεῖχος
1197 1087 1264 1149 δὲ
1307 1091 1637 1170 περοίχεται
1678 1081 2110 1171 ἀμφοτέρωθεν

617 1191 810 1281 χασμα
853 1170 1023 1253 μέγ’·
1083 1170 1225 1234 οὐδέ
1267 1197 1334 1236 κε
1377 1174 1574 1236 πάντα
1620 1174 1974 1256 τελεσφόρον
2016 1176 2098 1249 εἰς
2144 1173 2428 1237 ἐνιαυτὸν
2596 1186 2696 1234 ’140

616 1252 801 1332 οὖδας
848 1254 1023 1319 ικοιτ’
1040 1303 1059 1337 ,
1105 1259 1161 1320 εί
1198 1269 1401 1338 πρῶτα
1444 1258 1684 1322 πυλέων
1727 1259 1977 1323 ἔντοσθε
2020 1260 2278 1342 γένοιτο,

616 1426 771 1488 ἔνθα
815 1368 979 1505 {king
1021 1366 1259 1503 *Κόττοέ
1294 1451 1354 1491 τε
1397 1368 1499 1490 κῖιὶ
1537 1369 1885 1529 Οβῑιοὶρεαῑς
1941 1370 2303 1512 μεγῑθυμοζ
2593 1441 2695 1489 734

617 1513 920 1592 ναίουσιν,
966 1510 1228 1591 φύλακες
1271 1514 1468 1576 πιστοὶ
1516 1508 1663 1588 Διὸς
1708 1515 2014 1597 αἰγιόχοιο.

362 1634 529 1692 Inter
576 1637 696 1694 718
742 1640 804 1694 et
848 1637 967 1695 729
1024 1655 1179 1695 unus
1236 1637 1463 1696 alterve
1519 1655 1725 1696 versus
1769 1638 2016 1713 periisse
2070 1638 2370 1713 putandus
2428 1641 2546 1697 est:
2603 1658 2693 1697 re-

358 1719 622 1793 quiritur
664 1721 819 1778 enim
867 1721 1047 1778 etiam
1091 1722 1153 1779 in
1212 1722 1495 1780 hodierna
1536 1740 1820 1798 compage
1863 1722 2198 1780 membrum
2253 1723 2345 1782 illi
2390 1717 2529 1792 τοὺς
2584 1720 2694 1796 μὲν

358 1808 474 1862 etc.
522 1805 887 1880 oppositum.
963 1805 1106 1864 Tale
1154 1806 1299 1880 quid
1343 1807 1620 1866 interseri
1665 1810 1905 1881 poterat
1947 1826 2017 1865 ex
2062 1827 2121 1865 v.
2168 1809 2293 1867 730
2322 1826 2414 1884 sq.

615 1902 819 1984 χοίρῳ
866 1902 946 1964 ἐν
987 1900 1380 1983 εὐρώεντι·
1431 1902 1610 1978 Διὸς
1655 1902 1716 1964 δ’
1766 1902 2126 1966 ἐτελείετο
2167 1907 2420 1987 βουλή.

361 2024 440 2081 Et
484 2028 627 2100 post
672 2024 791 2083 741
839 2044 1047 2084 versus
1092 2024 1426 2100 intercidit,
1474 2044 1593 2101 quo
1639 2025 1915 2085 similiter
1958 2030 2140 2103 atque
2185 2029 2306 2087 722
2339 2047 2498 2104 sqq.,
2547 2047 2689 2105 quo-

359 2128 493 2167 rum
539 2113 804 2185 apertam
848 2110 946 2168 hio
977 2109 1262 2169 habemus
1305 2110 1731 2184 imitationem,
1778 2130 1875 2171 res
1919 2112 2362 2188 nominabatur,
2411 2133 2564 2189 quae
2592 2115 2691 2173 vix

361 2212 560 2253 annuo
606 2194 800 2270 spatio
844 2214 879 2252 a
921 2195 1226 2271 voraginis
1271 2194 1523 2254 introitu
1557 2196 1633 2254 ad
1665 2196 1920 2255 fundum
1965 2200 2124 2256 esset
2170 2197 2498 2269 delapsura.
2574 2198 2690 2258 Pro

357 2280 576 2338 amisso
633 2297 806 2337 versu
852 2278 1275 2339 absurdissima
1316 2280 1540 2341 invasit
1596 2281 1975 2356 interpolatio
2007 2300 2064 2343 V.
2113 2283 2233 2339 742
2281 2284 2398 2341 iam
2440 2283 2517 2341 ab
2559 2283 2691 2343 aliis

359 2361 685 2522 damnfntap
700 2465 736 2506 o
750 2467 777 2506 s
789 2450 818 2507 t
831 2468 862 2506 e
878 2467 909 2505 r
924 2449 989 2507 io
1006 2467 1038 2506 r
1050 2466 1083 2506 e
1129 2447 1475 2524 Theogonia
1518 2448 1723 2509 Iovem
1770 2449 2119 2509 fulminibus
2164 2452 2225 2509 in
2270 2451 2512 2511 Titanes
2556 2471 2689 2511 oon-

356 2532 526 2592 ieetis
570 2551 832 2610 pugnam
880 2532 1268 2601 inclinantem
1321 2533 1675 2610 reliquimus
1731 2555 1791 2595 v.
1843 2536 1983 2594 712.
2059 2533 2214 2594 Tum
2268 2540 2406 2613 post
2450 2536 2690 2598 brevem

353 2617 638 2779 ³221!ssss
642 2619 869 2760 armins
914 2619 1211 2679 sententia
1253 2620 1551 2694 probabili
1598 2620 1935 2680 coniectura
1973 2621 2243 2696 suppleri
2285 2626 2501 2698 potest,
2546 2622 2691 2681 haec

693 2798 965 2876 Ζεὺςδ’
991 2799 1151 2862 ἔπει
1183 2824 1320 2864 ουν
1345 2799 1800 2884 Τιτηναςυπ
1826 2800 2296 2908 αστεροπῇσι
2330 2804 2688 2885 δάμασσε,

611 2885 785 2963 ῥῖψε
829 2885 1318 2986 κεραυνώσας
1365 2887 1422 2960 ἐς
1474 2888 1778 2992 Τάρταρον
1821 2885 2168 2994 ἠερόεντα,
2589 2903 2683 2950 721

612 2970 824 3032 τόσσον
868 2969 1075 3070 ἔνερθ’
1123 2965 1243 3032 υπὸ
1283 2983 1423 3052 γῆς,
1470 2971 1615 3033 οσον
1657 2969 1912 3055 οὐρανός
1959 2970 2084 3035 ἔστ’
2132 2970 2252 3036 ἀπὸ
2294 2977 2498 3056 γαίης·
2588 2987 2690 3035 ’120

612 3051 785 3116 ἐννέα
827 3055 939 3136 γὰρ
985 3051 1205 3130 νύκτας
1250 3080 1310 3118 τε
1353 3057 1456 3119 καὶ
1496 3056 1691 3138 ἤματα
1710 3059 1984 3164 ,χάλκεος
2027 3082 2240 3137 ακμων
2589 3071 2686 3119 722

608 3135 947 3220 οὐρανόθεν
989 3164 1218 3203 κατιων
1261 3140 1478 3226 δεκάτῃ
1525 3141 1586 3215 ές
1628 3149 1809 3224 γαῖαν
1852 3143 2067 3203 ἵκοιτο·

611 3222 785 3286 ἐννέα
826 3222 886 3285 δ’
935 3218 1016 3286 αὖ
1061 3226 1281 3298 νύκτας
1324 3249 1383 3287 τε
1427 3225 1530 3286 καὶ
1571 3226 1768 3306 ἤματα
1811 3227 2053 3305 χάλκεος
2097 3252 2311 3308 ακμων

610 3308 672 3370 έκ
715 3310 886 3408 γαίης
929 3308 1165 3373 κατιών
1206 3311 1427 3394 δεκάτῃ
1471 3310 1531 3385 ἐς
1584 3312 1887 3392 Τάρταρον
1929 3312 2080 3372 ικοι·
2588 3324 2686 3371 725

694 3385 798 3455 τόν
841 3392 974 3474 πέρι
1017 3396 1268 3474 χαλκεον
1311 3395 1477 3502 ερκος
1525 3394 1834 3494 ἐλήλαται·
1876 3394 2031 3477 αμφὶ
2074 3396 2142 3460 δέ
2182 3422 2289 3478 μιν
2334 3396 2443 3472 νὺξ

610 3478 914 3559 τριστοιχεὶ
955 3479 1192 3560 κέχυται
1234 3504 1368 3562 περι
1413 3478 1645 3562 δειρήν,
1690 3506 1877 3562 αυταρ
1921 3480 2154 3563 υπερθε

607 3574 715 3644 γῆς
757 3564 914 3644 ρἷαι
957 3563 1227 3642 πεφύασι
1268 3563 1368 3627 καὶ
1413 3563 1749 3648 ἀτρυγέτοιο
1790 3567 2121 3647 θαλασσης.

607 3648 759 3709 ἔνθα
804 3647 870 3709 δὲ
914 3652 1253 3732 μαρμάρεαί
1289 3674 1350 3712 τε
1395 3651 1581 3712 πύλαι
1624 3649 1724 3712 καὶ
1770 3652 2013 3730 χαλκεος
2057 3646 2234 3726 οὐδὸς
2585 3665 2682 3713 811

607 3730 949 3812 αὐτοφυής·
996 3735 1279 3817 νέρθεν
1322 3733 1389 3796 δὲ
1433 3742 1609 3799 θεαῖν
1649 3736 1935 3798 ἔκτοσθεν
1974 3733 2261 3799 ἁπάντων
2585 3750 2686 3798 813

611 3822 858 3896 Τιτῆνες
903 3820 1140 3882 ναίουσι
1182 3818 1372 3901 πέρην
1417 3821 1616 3894 Χάεος
1661 3823 1950 3903 ζοφεροῖο.

697 3897 885 3984 αὖταρ
930 3901 1340 3986 ἕρισμαραγοιο
1387 3905 1533 3980 Διὸς
1588 3906 1805 3968 κλειτοὶ
1849 3905 2151 3988 ἐπίκουροι
2585 3918 2686 3966 815

609 3983 847 4066 δώματα
891 3990 1277 4052 ναιετάουσιν
1320 3987 1415 4051 ἐπ’
1458 3987 1773 4052 Ὠκεανοῖο
1817 3989 2146 4091 θεμέθλοις

606 4072 831 4147 Κόττος
876 4070 932 4134 τ’
962 4068 1085 4173 ἠδὲ
1132 4075 1326 4152 Γύης·
1379 4073 1688 4156 Βριάρεών
1729 4099 1793 4157 γε
1836 4071 2022 4155 μέν’
1990 4102 2108 4156 ηυν
2159 4075 2333 4138 ἐόντα

600 4158 873 4240 γάμβρον
918 4150 1020 4220 §dv
1062 4160 1273 4238 ποίησε
1316 4160 1702 4240 βαρύκτυπος
1741 4158 2178 4265 Ἐννοσίγαιος,

603 4243 761 4304 δῶκε
806 4241 871 4304 δὲ
913 4244 1334 4322 Κυμοπόλειαν
1376 4243 1647 4323 ὀπυίειν,
1703 4243 2009 4327 θυγατέρα
2053 4270 2153 4325 ην.

521 4364 766 4424 Removi
812 4386 869 4426 v.
917 4368 1070 4443 721,
1119 4387 1296 4444 quem
1342 4370 1462 4427 iam
1493 4368 1886 4427 Ruhnkenius
1931 4368 2264 4444 damnavit,
2312 4371 2684 4446 apertissime

342 4467 422 4506 ex
469 4449 839 4511 hemistichio
884 4452 946 4509 in
993 4453 1205 4511 lacuna
1233 4453 1431 4529 posito
1477 4457 1539 4513 et
1581 4455 1765 4513 variis
1795 4454 2202 4514 antecedentis
2234 4473 2440 4515 versus
2484 4457 2675 4516 lectio-
