3132 5129
1380 388 1797 451 ...Ίὸ-

411 543 631 603 dicitur
654 536 786 601 κατ’
810 541 1121 619 εἰρωνείαν
1149 576 1247 617 -,
1269 538 1361 601 ’ὅτι
1393 539 1529 613 τοὺς
1561 539 1629 600 ἐν
1656 542 2026 614 σπονδαῖς
2060 538 2570 620 ἀφικομένους
2593 548 2746 604 κτεῖ-

414 649 512 685 ναι
554 625 807 709 παρῄνει
851 624 1049 704 ὥσπερ
1105 648 1157 685 τι
1202 632 1485 705 γενναῖον
1537 632 1733 686 ποιεῖν
1777 627 1992 687 δοκῶν.
2084 629 2201 689 Hic
2241 631 2429 706 igitur
2474 631 2606 705 ipsa
2650 633 2747 689 ha-

409 714 619 773 bemus
663 713 968 772 nominata
1025 705 1278 789 ὅρκια,
1332 733 1483 789 quae
1528 733 1562 771 a
1608 713 1881 773 Troianis
1938 715 2160 773 violata
2215 716 2402 773 nostri
2458 718 2749 790 poematis

413 802 617 857 auctor
660 799 951 872 respicere
996 801 1248 873 poterat.

581 882 832 943 Constat
887 883 1077 959 igitur
1134 883 1246 942 hoc
1313 884 1705 958 septimum
1764 902 2027 958 carmen,
2098 884 2257 959 quod
2317 885 2745 961 principum

412 986 797 1026 recensum
842 968 1141 1041 appellare
1185 968 1358 1040 licet,
1400 968 1495 1027 his
1540 967 1838 1027 versibus:
1889 969 1945 1024 Γ
1973 971 2327 1028 121-135.
2389 972 2744 1028 139-143,

417 1053 770 1110 145-158,
830 1054 1180 1111 161-223,
1255 1054 1621 1127 225-244;
1686 1055 1740 1107 Δ
1785 1054 2117 1112 223—235
2168 1050 2424 1155 §scripto
2480 1055 2575 1113 hic
2619 1056 2747 1129 qui-

412 1138 548 1195 dem
600 1131 926 1214 Τρώεσσι
980 1157 1086 1212 pro
1141 1132 1489 1216 ψευδέσσι),
1549 1139 1670 1196 237
1731 1132 1982 1217 (scripto
2037 1133 2166 1195 ἀλλ
2250 1133 2411 1219 ἤτοι)
2467 1170 2552 1180 -
2597 1141 2744 1198 268.

562 1390 860 1451 ‘Poteram
915 1393 1010 1450 hic
1065 1392 1240 1452 finem
1296 1392 1520 1465 facere,
1590 1392 1695 1451 sed
1751 1413 1928 1452 unam
1987 1395 2231 1469 insuper
2286 1414 2443 1467 rem,
2503 1395 2576 1453 de
2630 1414 2747 1470 qua

412 1478 557 1536 olim
613 1478 963 1552 explicatius
1019 1497 1113 1535 me
1168 1477 1465 1535 dicturum
1518 1478 1764 1551 promisi
1822 1480 1884 1537 in
1941 1483 2205 1537 extrema
2261 1479 2332 1537 de
2394 1480 2745 1555 catalogo

412 1562 856 1633 dissertatione,
913 1561 1004 1620 his
1049 1562 1194 1637 ipsis
1240 1564 1303 1620 in
1349 1562 1705 1621 carminibus
1751 1581 1874 1621 non
1916 1567 2279 1639 pertractare
2338 1564 2578 1638 quidem
2641 1565 2745 1622 sed

411 1647 676 1707 breviter
717 1646 977 1705 indicare
1009 1647 1187 1722 libet;
1233 1646 1693 1721 strophicam
1739 1648 1869 1706 dico
1901 1648 2545 1723 compositionem.
2620 1648 2745 1706 Ini-

410 1732 563 1790 tium
619 1731 767 1789 facio
825 1730 898 1789 ab
955 1731 1082 1806 ipso
1138 1732 1474 1802 foedere,
1545 1731 1610 1789 in
1661 1751 1778 1807 quo
1836 1752 2009 1791 nemo
2070 1734 2282 1808 opinor
2337 1734 2487 1792 recti
2540 1733 2746 1792 iudicii

411 1835 548 1876 casu
594 1816 819 1874 factum
864 1834 992 1875 esse
1051 1817 1510 1889 existimaverit,
1569 1817 1729 1892 quod
1776 1836 1898 1876 non
1941 1820 2138 1876 minus
2193 1821 2569 1893 quattuor
2612 1838 2744 1893 pre·

412 1919 542 1960 cum
590 1902 662 1959 ad
710 1901 911 1960 Iovem
957 1901 1247 1959 factarum
1294 1901 1613 1975 formulae,
1669 1921 1923 1977 quarum
1969 1903 2143 1962 binae
2184 1904 2258 1961 ab
2288 1903 2600 1978 utriusque
2643 1923 2746 1980 po-

410 1987 537 2063 puli
581 1986 919 2046 hominibus
967 1986 1375 2045 P298—301
1423 1990 1484 2045 et
1516 1987 1883 2062 320—323,
1931 1988 2105 2046 binae
2151 2007 2187 2045 a
2231 1988 2500 2046 Menelao
2534 1990 2745 2047 351-—

412 2072 535 2129 354
581 2074 642 2129 et
687 2072 1020 2129 365—368
1067 2072 1568 2144 pronuntiantur,
1619 2072 2015 2146 quaternis
2081 2072 2351 2131 versibus
2397 2073 2741 2130 decurrunt.

410 2154 622 2231 Itaque
667 2157 783 2215 iam
828 2158 1076 2231 propter
1119 2156 1272 2213 hanc
1323 2157 1515 2231 ipsmn
1572 2175 1806 2218 causam
1858 2175 1980 2215 non
2036 2157 2367 2217 accedimus
2413 2157 2745 2217 Aristarchi

410 2240 661 2313 iudicio,
708 2241 757 2299 si
801 2241 1040 2314 quidem
1085 2240 1186 2299 ille
1233 2242 1353 2298 352

714 2357 849 2417 δῖον
885 2353 1276 2432 Ἀλέξανδρον
1318 2355 1419 2416 καὶ
1462 2354 1605 2439 ἐμῇς
1652 2352 1772 2419 ὑπὸ
1816 2356 1978 2436 χερσὶ
2021 2357 2156 2437 δαμ
2174 2366 2313 2437 ῆνα
2330 2381 2352 2417 ι

412 2494 937 2574 (quemadmodum
993 2498 1151 2553 recte
1208 2494 1362 2553 idem
1419 2495 1660 2570 scripsit
1713 2515 1823 2571 pro
1868 2496 2111 2573 vulgato
2172 2493 2513 2572 δάμασσον)
2574 2497 2745 2556 obelo

411 2583 677 2656 not-avit,
737 2575 872 2656 „Su
917 2575 1027 2637 οὐκ
1070 2573 1411 2656 ἀναγκαίως
1458 2575 1810 2657 ε’πιλέγεται·
1858 2578 1959 2639 καὶ
2001 2579 2112 2659 γὰρ
2156 2574 2188 2639 ὁ
2235 2578 2440 2659 καιρὸς
2487 2578 2550 2639 τὸ
2599 2579 2744 2641 σύν-

412 2685 589 2742 τομον
632 2662 785 2741 ἔχειν
828 2662 1010 2722 θέλει.
1086 2662 1186 2721 καὶ
1215 2663 1350 2723 δῖον
1376 2658 1638 2742 ἀκαίρως
1684 2659 1717 2722 ὁ
1751 2661 2063 2735 Μενέλαος
2110 2663 2214 2725 τὸν
2259 2662 2480 2743 ἐχθρὸν
2522 2662 2740 2744 λέγει.“

413 2751 529 2810 Sed
575 2751 647 2809 de
690 2769 762 2808 ea
802 2770 863 2809 re
907 2768 1267 2825 magnopere
1320 2749 1592 2808 dubitare
1637 2751 1803 2809 licet:
1862 2751 1983 2810 vid.
2043 2751 2416 2811 Friedlaend.
2473 2751 2744 2812 Ariston.

409 2856 467 2911 p.
515 2834 616 2894 88.
690 2835 817 2893 Iam
872 2835 1025 2893 hanc
1067 2835 1478 2908 quaternariae
1533 2834 1812 2910 strophae
1858 2837 2048 2912 legem
2094 2838 2144 2895 si
2190 2837 2263 2894 ad
2309 2841 2535 2895 ceteras
2590 2838 2744 2895 eius-

411 2921 546 2978 dem
592 2920 868 2979 carminis
914 2919 1208 2978 orationes
1254 2920 1651 2994 applicamuS,
1708 2919 1977 2980 videmus
2022 2921 2269 2981 eandem
2317 2921 2510 2980 redire
2555 2925 2618 2980 et
2660 2922 2747 2980 ita

411 3005 682 3079 quidem,
729 3009 798 3063 ut
842 3005 1140 3064 sententia
1181 3005 1362 3062 etiam
1406 3005 1644 3080 integra
1699 3007 1876 3079 atque
1922 3007 2195 3065 absoluta
2252 3007 2558 3080 quaternis
2615 3025 2743 3065 ver·

412 3090 576 3149 sibus
622 3090 1026 3159 contineatur,
1077 3090 1138 3147 in
1182 3088 1457 3147 Hectoris
1503 3089 1768 3148 oratione
1817 3091 1905 3148 bis
1951 3092 2201 3149 39-—42
2248 3095 2308 3149 et
2353 3092 2631 3161 54-57,
2683 3091 2745 3148 in

412 3174 645 3232 Paridis
700 3175 1087 3248 responsione
1142 3176 1237 3232 ter
1293 3175 1585 3247 59—62,
1644 3175 1932 3248 63—66,
1999 3176 2278 3244 67-70,
2349 3176 2409 3233 in
2466 3175 2744 3252 Hectoris

411 3259 770 3317 allocutione
814 3261 997 3318 semel
1031 3259 1314 3330 88—91,
1360 3258 1422 3315 in
1456 3259 1709 3316 Menelai
1752 3278 2021 3318 sermone
2052 3260 2141 3318 bis
2174 3261 2484 3333 97-100,
2537 3262 2744 3318 101—-

416 3344 557 3401 104.
641 3343 795 3401 Tum
853 3347 981 3402 tota
1037 3340 1509 3417 Agamemnonis
1568 3345 1785 3416 orati0,
1857 3363 1973 3419 qua
2027 3343 2235 3403 foedus
2290 3344 2404 3402 rite
2461 3345 2740 3417 sancitur,

411 3430 697 3502 quattuor
740 3428 1004 3502 strophis
1050 3430 1315 3498 constat,
1363 3447 1514 3502 quae
1546 3428 1820 3502 singulae
1849 3428 2460 3494 accommodatissime
2506 3430 2580 3487 ad
2612 3447 2743 3487 sen-

410 3531 542 3572 sum
598 3513 962 3586 compositae
1021 3514 1190 3571 sunt:
1247 3513 1601 3585 276-279,
1674 3513 2028 3587 280—283,
2099 3514 2453 3587 284—287,
2530 3515 2738 3573 288—-

414 3600 566 3671 2913
625 3597 897 3655 Priamus
942 3614 1061 3654 una
1117 3598 1360 3670 stropha
1421 3597 1701 3655 valedicit
1745 3598 2109 3671 304—307;
2168 3599 2230 3655 in
2287 3597 2551 3657 Helenae
2605 3617 2743 3657 con-

410 3681 562 3742 vicio
630 3682 780 3739 duae
841 3683 1051 3740 insunt
1117 3681 1480 3750 399-402,
1540 3683 1930 3753 ‹we—409,
1999 3682 2156 3757 quod
2223 3682 2556 3741 convicium
2624 3702 2744 3740 una

411 3767 654 3842 stropha
695 3767 960 3842 graviter
1004 3765 1328 3840 castigatur
1372 3785 1406 3821 a
1450 3764 1678 3825 Venere
1707 3768 2064 3826 414—417.
2138 3767 2347 3841 Neque
2379 3771 2483 3826 aut
2513 3766 2744 3827 Helena

410 3852 742 3912 428—431
804 3855 908 3909 aut
952 3850 1119 3910 Paris
1164 3849 1495 3908 438—441
1558 3850 1801 3926 stropha
1844 3855 2072 3925 carent,
2131 3854 2194 3909 et
2247 3852 2529 3911 victoriae
2573 3870 2743 3927 prae·

411 3938 649 3996 conium
694 3936 766 3994 ab
812 3937 1259 4012 Agamemnone
1305 3934 1758 4008 pronuntiatum
1803 3936 2080 4009 primitus
2123 3955 2245 3995 non
2287 3936 2566 3996 habuisse
2612 3937 2740 3995 460

319 4063 379 4111 14
708 4050 749 4130 ἥ
795 4074 853 4112 τε
896 4051 998 4111 καὶ
1042 4048 1406 4127 ἐσσομένοισι
1449 4043 1580 4128 μετ’
1625 4043 2001 4131 ἀνθρώποισι
2046 4049 2288 4130 πέληται

411 4191 630 4265 quippe
675 4209 745 4248 ex
793 4191 912 4250 287
962 4191 1261 4249 intrusum
1308 4189 1424 4248 iam
1469 4188 1833 4249 Lachmanni
1888 4208 1948 4264 p.
1999 4191 2073 4248 17
2122 4190 2239 4248 fuit
2284 4189 2543 4264 suspicio
2587 4189 2740 4248 nihil

412 4275 486 4334 de
531 4274 790 4349 strophis
846 4275 1200 4351 cogitantiS,
1257 4294 1375 4350 quo
1421 4293 1597 4335 versu
1642 4274 1837 4333 deleto
1882 4293 2060 4333 unam
2105 4274 2388 4334 habemus
2435 4274 2741 4350 stropham

412 4360 748 4418 456—459
794 4361 1032 4436 egregie
1078 4363 1290 4436 utpote
1346 4359 1637 4435 pactionis
1695 4359 2132 4418 conclusionem
2189 4359 2444 4435 singulis
2499 4359 2622 4418 illis
2663 4358 2742 4416 ad
2779 4434 2794 4444 ·

411 4447 745 4520 pactionem
793 4444 1199 4519 spectantibus
1245 4444 1516 4503 formulis
1561 4444 2040 4519 respondentem.
2115 4443 2239 4503 Nec
2281 4445 2346 4503 in
2380 4447 2431 4500 A
2460 4443 2741 4518 strophae
