3132 5129
1277 360 1843 447 —379-‘

599 533 1166 637 -ἐπεφθὲγξαντο
1207 534 1275 598 δὲ
1316 537 1476 615 λαοί,

599 624 804 700 μῦθον
846 617 1301 699 ἐπαινήσαντες·
1356 616 1754 702 ὁμογλώσσων
1798 618 1858 682 δ’
1907 614 2026 683 από
2072 623 2301 699 λαιμῶν

599 708 842 786 οἴδμασι
886 705 1294 787 κινυμένοισιν
1338 706 1703 785 ίσόθροος
1749 706 1989 788 ἔβρεμεν
2023 702 2206 787 Ἠχοῖ.

344 829 485 888 XVI
561 831 704 889 335.

499 875 513 906 ’
595 927 1012 1010 φθεγγομένης
1059 922 1356 1010 Σύριγγος
1397 920 1673 1007 ἀμείβετο
1717 923 2090 1006 σύνθροος
2128 924 2308 1008 Ἠχώ.

344 1049 436 1110 Of.
485 1049 689 1126 XXII,
738 1051 858 1109 229
890 1069 1020 1127 sqq.

515 1134 658 1211 VII,
709 1137 832 1196 100
862 1154 994 1213 sqq.
1069 1135 1338 1213 Iuppiter
1394 1135 1466 1195 de
1510 1135 1771 1211 Baccho,
1829 1155 2009 1211 quem
2051 1135 2215 1195 Indis
2258 1136 2555 1212 superatis
2583 1136 2675 1193 in-

345 1222 437 1280 ter
480 1220 637 1282 Deos
682 1224 774 1281 est
815 1223 1189 1299 recepturus,
1236 1222 1379 1281 haec
1421 1221 1755 1298 praedicat:

598 1337 698 1399 καὶ
741 1330 888 1411 θεὸς
931 1333 1233 1415 ἡμερίδων
1279 1334 1654 1415 ἐπικείμενον
1698 1336 1897 1398 οἴνοπι
1944 1338 2125 1420 κισσῷ

599 1504 683 1581 ὧς
726 1446 972 1585 σῖὲφος,
1021 1446 1365 1606 ἕρῖτηστῆρα
1409 1445 1542 1585 τῖερὶ
1588 1445 1983 1608 πλοκαῇιοισιν
2025 1505 2243 1585 ἑλίξας,

599 1587 885 1671 σήμαθ’
936 1590 1058 1671 ἑῆς
1105 1584 1376 1672 νεότητος
1421 1592 1569 1671 ἔχων
1612 1587 1881 1671 ὀφιώδεα
1924 1592 2155 1671 μίτρην.

345 1715 416 1773 In
472 1714 565 1773 his
619 1713 910 1783 nonnulla
967 1714 1209 1774 turbata
1263 1718 1425 1775 sunt.
1510 1715 1594 1773 Et
1646 1715 1904 1790 primum
1960 1713 2199 1790 quidem
2255 1713 2528 1787 lacunam
2586 1715 2680 1772 hio

347 1819 472 1858 esse
492 1844 507 1874 ,
554 1799 672 1857 iam
703 1799 1085 1858 Hermannus
1116 1801 1450 1875 perspexit,
1485 1797 1755 1860 Graeflus
1786 1800 2095 1858 indicavit.
2170 1798 2305 1858 Non
2338 1800 2496 1857 enim
2528 1799 2677 1857 veri-

347 1885 540 1943 simile
596 1886 718 1958 est,
781 1884 939 1960 quod
998 1881 1236 1943 Cunaeo
1282 1885 1345 1945 in
1401 1888 1666 1947 mentem
1720 1885 1913 1962 venit,
1974 1884 2048 1943 N.
2107 1878 2301 1957 ἔλίξει
2357 1885 2679 1959 scripsisse.

349 1968 464 2028 Sed
511 1969 794 2027 videntur
835 1969 1038 2044 potius
1081 1971 1221 2043 post
1263 1989 1324 2027 v.
1382 1972 1529 2045 101,
1576 1988 1752 2045 quam
1797 1972 1935 2045 post
1976 1989 2034 2029 v.
2086 1971 2207 2029 100
2250 1969 2542 2032 nonnulla
2584 1988 2681 2026 ex·

345 2054 576 2115 cidisse.
609 2054 853 2112 Etenim
899 2054 1047 2113 bene
1094 2053 1424 2130 procedunt
1454 2055 1681 2130 omnia,
1729 2055 1780 2113 si
1822 2055 1942 2113 tale
1985 2054 2127 2129 quid
2159 2074 2195 2113 a
2224 2054 2444 2113 Nonno
2492 2052 2679 2128 scrip-

343 2142 472 2198 tum
516 2139 828 2216 fingimus:
1013 2164 1016 2165 ⁷

597 2277 700 2314 και
746 2247 889 2328 θεὸς
930 2250 1229 2335 ἡμερίδων
1273 2252 1648 2333 ἐπικείμενον
1692 2253 1896 2316 οἴνοπι
1940 2262 2137 2337 κισσῷ

604 2330 684 2413 ὦς
730 2337 946 2417 στέφος
991 2336 1330 2436 ἕρπηστῆρα
1374 2339 1508 2413 περὶ
1551 2334 1941 2438 πλοκάμοισιν
1987 2316 2174 2413 ἑλίξας
2190 2382 2210 2417 ,

601 2424 847 2498 ἵξεται
889 2418 1399 2486 ἆθανατοισιν
1448 2420 1815 2503 ὃμέστιος
1839 2417 2111 2503 οὐρανό
2131 2446 2166 2483 ν
2209 2422 2413 2502 εἴσω,

597 2502 831 2590 σήμαθ’
880 2509 983 2588 ἑῆς
1027 2505 1297 2589 νεότητος
1343 2508 1495 2590 ἔχων
1537 2504 1801 2589 ὀφιωδεα
1843 2509 2075 2591 μίτρην.

347 2632 465 2691 Sed
511 2632 574 2691 in
618 2635 879 2692 extremo
923 2650 1099 2691 versu
1143 2632 1394 2692 vitiosus
1425 2635 1517 2691 est
1546 2631 1971 2727 apostrophus,
2021 2651 2198 2727 quem
2242 2632 2472 2690 invexit
2501 2631 2681 2690 Grae·

343 2718 483 2792 fius,
533 2736 665 2776 cum
709 2718 773 2776 in
817 2718 1013 2793 prima
1057 2716 1317 2777 editione
1361 2717 1693 2794 legeretur:
1752 2716 1909 2792 σῆμα
1962 2715 2131 2792 τεῆς,
2191 2716 2348 2775 unde
2406 2715 2679 2775 Cunaeus

344 2801 665 2860 infeliciter
709 2795 937 2878 σήματα
985 2807 1086 2879 τῆς
1131 2802 1342 2864 effecit.
1418 2801 1532 2861 Sed
1578 2802 1759 2861 etiam
1802 2801 1918 2860 alia
1949 2801 2276 2860 offendunt.
2348 2801 2503 2860 Nam
2537 2820 2677 2876 quo-

344 2886 520 2946 modo
565 2889 882 2946 iuventutis
926 2887 990 2945 in
1034 2885 1266 2946 Baccho
1313 2888 1551 2964 signum
1584 2905 1798 2946 corona
1840 2887 2032 2963 possit
2075 2905 2201 2946 esse
2245 2906 2277 2945 ο
2323 2885 2679 2946 draconibus

344 2989 495 3030 nexa
517 3017 531 3045 ,
578 2990 697 3030 non
744 2972 938 3031 video.
1013 2972 1220 3047 Neque
1275 2972 1336 3032 h.
1383 2971 1421 3034 l.
1463 2971 1735 3048 Iuppiter
1779 2971 1851 3031 de
1894 2971 2110 3031 Bacchi
2153 2974 2448 3033 iuventute
2490 2971 2677 3046 loqui-

342 3059 471 3131 tur,
517 3056 621 3115 sed
665 3056 869 3131 potius
926 3076 1059 3115 eum
1114 3056 1436 3133 aliquando
1494 3058 1557 3115 in
1602 3058 1864 3117 Deorum
1919 3075 2232 3118 numerum
2287 3056 2544 3116 relatum
2604 3056 2678 3114 iri
2710 3056 2810 3106 644

346 3140 661 3216 praedicit.
737 3140 895 3200 Hinc
938 3144 1175 3216 poetam
1221 3142 1526 3217 scripsisse
1571 3142 1851 3218 apparet:

595 3263 758 3335 σῆμα
804 3254 975 3336 νέης
1021 3254 1384 3337 θεότητος
1431 3255 1584 3336 ἔχων
1626 3252 1894 3334 ὀφιώδεα
1937 3257 2172 3338 μίτρην.

340 3376 613 3438 Bacchus
658 3378 950 3454 serpentis
983 3377 1243 3438 crinibus
1286 3378 1580 3454 implicati
1622 3398 1898 3439 coronam
1931 3380 2167 3455 signum
2200 3379 2442 3438 habebit
2471 3397 2677 3438 recens

343 3462 590 3537 adeptae
635 3461 996 3537 divinitatis,
1044 3466 1112 3522 ut
1153 3463 1257 3522 alii
1287 3462 1387 3521 Dii
1431 3464 1564 3523 aliis
1594 3464 1935 3540 gaudebant
1963 3464 2319 3540 insignibus,
2394 3464 2482 3522 De
2515 3466 2675 3522 serto

343 3546 596 3623 Dionysi
641 3547 903 3623 anguino
950 3549 1054 3621 cf„
1103 3547 1150 3606 si
1196 3567 1407 3624 operae
1438 3550 1700 3623 pretium
1746 3552 1866 3623 est,
1912 3548 2016 3622 IX,
2053 3550 2129 3606 12
2163 3568 2290 3624 sqq.
2339 3548 2441 3623 XI,
2474 3549 2557 3606 58
2585 3567 2675 3623 sq.

344 3631 487 3705 XII,
539 3633 681 3690 154.
727 3631 898 3708 XIV,
948 3594 1069 3691 233
1101 3651 1232 3708 sqq.
1277 3632 1510 3708 XVIII,
1562 3635 1699 3693 199.
1744 3633 1911 3709 XIX,
1959 3636 2104 3706 331.
2151 3633 2346 3708 XLII,
2398 3633 2515 3691 198
2547 3652 2673 3708 sqq.

343 3715 410 3772 N
420 3711 542 3787 έος
587 3716 863 3776 similiter
906 3720 1260 3792 usurpatum
1303 3718 1611 3777 invenitur
1639 3717 1849 3793 XXXI,
1882 3719 1963 3778 83
1996 3715 2117 3777 νέοι
2161 3717 2444 3795 βασιλῆες
2468 3709 2677 3793 Ὀλύμ-

340 3820 480 3860 που.
557 3800 738 3878 XLV,
786 3803 863 3860 31
910 3798 1016 3877 νέη
1064 3794 1410 3876 Μιμαλλών
1452 3804 1514 3861 et
1556 3803 1723 3862 alibi.

516 3885 659 3961 Sed,
705 3888 777 3944 ut
821 3887 1056 3946 redeam
1099 3887 1175 3946 ad
1219 3887 1678 3963 apostrophum,
1726 3887 1950 3963 optime
1996 3888 2113 3947 iam
2158 3907 2228 3947 ea
2271 3887 2342 3946 de
2388 3907 2453 3947 re
2497 3905 2674 3963 expo-

341 3970 463 4032 suit
507 3970 888 4030 Wernickius
934 3972 1009 4031 ad
1054 3971 1273 4047 Tryph.
1318 3992 1376 4047 p.
1431 3973 1548 4031 125
1583 3991 1673 4049 sq.
1719 3992 1779 4048 p.
1813 3973 1931 4032 261
1969 3992 2096 4048 sqq.
2143 3972 2421 4048 locosque
2466 3973 2530 4032 in
2576 3991 2675 4030 an-

340 4054 525 4130 tiquis
582 4055 943 4115 editionibus
997 4056 1200 4116 Nonni
1255 4057 1480 4134 regulis
1534 4062 1937 4134 repugnantes
2002 4057 2261 4116 feliciter
2312 4057 2673 4120 emendavit.

339 4140 592 4199 Restant
633 4144 837 4199 tamen
881 4142 943 4201 in
976 4139 1196 4200 Graefii
1232 4143 1576 4201 recensione
1619 4149 1740 4201 tres
1783 4142 1929 4218 loci,
1978 4143 2050 4201 de
2093 4142 2312 4217 quibus
2356 4141 2672 4202 dicendum

340 4226 437 4284 sit.
511 4225 602 4284 Ex
646 4222 864 4285 Graefii
911 4228 1251 4286 coniectura
1294 4226 1421 4301 XX,
1470 4228 1595 4285 214
1637 4227 1887 4304 legitur·

582 4330 800 4413 Ἄρεα,
843 4323 951 4391 σὸν
994 4331 1283 4414 γενέτην,
1328 4332 1425 4412 ἔχε
1467 4329 1798 4414 μόρτυρον·
1846 4330 2072 4394 εἴσιδ’
2116 4279 2405 4418 Ἀθήνην.

344 4443 720 4520 Legebatur:
767 4465 1069 4524 μαρτνρον
1111 4440 1326 4506 εἷσέ
1277 4468 1307 4506 τ
1372 4439 1664 4529 Ἀθήνην.
1740 4447 2049 4514 Praeclare
2092 4465 2232 4516 vero
2263 4447 2557 4539 Scaliger:
2597 4481 2671 4498 —·
