3132 5129
1280 383 1741 447 -229—

345 546 506 621 dum,
551 547 669 606 nisi
714 545 849 620 quis
891 544 955 602 in
998 542 1118 603 alia
1160 544 1362 602 omnia
1403 542 1612 602 abiens
1654 542 2009 619 praetulerit
2038 540 2244 617 λαβεῖν
2287 535 2347 599 δ’
2399 537 2680 601 ελιλαίετο

347 624 583 706 θυμός.
641 629 714 689 In
756 628 872 688 fine
917 627 1240 704 fragmenti
1284 646 1405 688 non
1449 628 1678 702 dubito,
1728 628 1875 703 quin
1918 628 2056 703 post
2096 626 2279 687 verba.
2322 619 2522 684 ἄλλοτ’
2569 619 2675 683 ἄν’

343 712 595 792 ἤπειρον
636 708 1029 791 πολυβώλακα
1076 712 1367 788 quaedam
1412 712 1768 787 exciderint,
1816 713 2099 788 quoniam
2141 711 2214 770 ad
2260 711 2364 770 illa
2408 731 2529 770 non
2573 730 2670 786 po·

345 802 490 859 terit
543 799 735 875 repeti
789 818 846 861 v.
881 801 917 856 9
963 795 1186 856 πόντον
1227 793 1424 856 πολὺν
1468 793 1852 874 ἕξορόθυνεν.
1944 797 2252 856 Postremo
2296 816 2353 854 v.
2407 798 2480 853 12
2529 797 2677 854 bene

349 884 694 944 Welokerus
738 878 906 940 δεινά
950 883 1191 959 scripsit
1232 902 1341 958 pro
1388 875 1549 941 αἰνά.

516 964 582 1029 5.
641 968 954 1028 Distichon
999 967 1148 1027 illud
1192 969 1253 1027 in
1301 968 1794 1044 Polydamantem
1838 965 2053 1025 Indum
2072 1011 2086 1040 ,
2155 965 2318 1042 quod
2363 985 2433 1024 ex
2475 965 2675 1024 Iriart.

345 1055 496 1131 Reg.
541 1053 702 1113 Bibl.
750 1052 976 1112 Mati-it.
1022 1052 1192 1112 codd.
1237 1051 1370 1111 Grr.
1417 1052 1448 1111 I
1490 1073 1546 1128 p.
1594 1052 1714 1111 262
1772 1050 1982 1110 attulit
2026 1050 2374 1133 Welokerus
2429 1071 2487 1126 p.
2534 1051 2676 1124 530,

345 1141 429 1199 sic
473 1138 848 1200 scribendum
891 1137 1158 1197 videtur.

641 1251 833 1327 Ἰνδὸς
877 1249 1030 1334 ἀνὴρ
1078 1253 1259 1336 Τροίῃ
1302 1250 1427 1315 οδε
1476 1249 1696 1332 Σύριον
1739 1274 1899 1331 αρμα
1943 1246 2180 1312 διωκων

735 1338 1140 1417 Πουλυδάμας
1185 1345 1384 1417 κεῖμαι
1427 1338 1636 1418 νεκρὸς
1680 1334 1968 1415 ἀποπρὸ
2015 1336 2316 1416 πάτρης.

341 1463 545 1541 Vulgo
595 1455 785 1531 Ἰνδὸς
836 1452 934 1518 ὅδ’
991 1447 1146 1536 ἀνὴρ
1205 1457 1384 1540 Τροίῃ
1443 1450 1666 1536 Σύριον
1721 1461 1784 1518 et
1835 1461 1963 1517 tum
2024 1454 2231 1535 νεκρὸς
2288 1451 2385 1516 ἐπὶ
2440 1455 2678 1534 πατρίδι

339 1549 585 1625 legitur.

512 1627 578 1691 6.
624 1631 698 1690 In
740 1630 1147 1690 Nostorum
1191 1629 1550 1706 fragmento,
1600 1628 1760 1705 quod
1805 1630 2075 1687 servatur
2116 1628 2180 1686 in
2208 1646 2440 1704 argum.
2464 1628 2675 1704 Eur-ip.

335 1717 499 1781 Med.
546 1720 609 1775 et
651 1718 714 1774 in
761 1714 958 1775 Schol.
1004 1714 1080 1773 ad
1126 1714 1431 1790 Aristoph.
1492 1713 1607 1790 Eq.
1660 1714 1851 1787 1321,
1899 1712 2017 1771 duo
2062 1713 2269 1772 insunt
2312 1714 2460 1772 vitia
2504 1712 2680 1772 facile

336 1801 607 1863 tollenda
621 1824 634 1859 ε

643 1911 858 1977 αὐτίκα
904 1912 964 1975 δ’
1015 1914 1254 1976 Αἴσονα
1298 1917 1456 1994 θῆκε
1503 1913 1723 1991 φίλον
1764 1911 1948 1992 κόρον
1990 1907 2301 1991 ἡβώοντα,

643 2010 830 2082 γῆρας
874 1996 1208 2075 ἆποξύσασ’
1257 1999 1518 2100 εἰδυίῃσι
1560 1998 1927 2073 πραπίδεσσι
1947 2042 1965 2077 ,

643 2085 933 2165 φάρμακα
978 2080 1141 2146 πόλλ’
1191 2076 1409 2160 εψουσ’
1458 2082 1580 2144 ἐπὶ
1625 2083 1945 2163 χρυσείοισι
1987 2080 2210 2162 λέβησι.

512 2208 583 2267 In
627 2211 932 2284 postremo
976 2225 1151 2266 versu
1197 2202 1305 2264 ένὶ
1353 2204 1538 2283 [quod
1587 2223 1826 2281 propos,
1876 2203 2304 2263 Schneidewin.
2352 2205 2415 2263 in
2460 2204 2674 2263 Philol.

334 2293 426 2352 IV
459 2289 688 2372 (1849)
717 2313 774 2368 p.
804 2288 955 2371 747]
986 2310 1073 2368 χρ.
1104 2286 1223 2368 λε’β.
1255 2290 1667 2366 reponendum
1696 2308 1824 2349 esse
1854 2289 1989 2365 quis
2018 2308 2138 2348 non
2168 2287 2377 2347 videt?
2452 2287 2676 2347 Contra.

330 2398 447 2455 pro
496 2376 600 2436 illo
646 2374 867 2452 φίλον
910 2396 964 2435 v.
1000 2378 1052 2448 1,
1102 2377 1263 2452 quod
1308 2376 1527 2435 falsum
1570 2393 1697 2434 esse
1740 2393 1863 2435 non
1895 2392 2043 2450 opus
2072 2377 2163 2432 est
2191 2374 2401 2433 multis
2431 2374 2671 2432 demon-

333 2466 586 2537 stretur,
634 2462 897 2522 dubitari
941 2421 1167 2538 pot’erit
1211 2463 1412 2521 utrum
1457 2460 1937 2521 substituendum
1969 2460 2047 2519 sit
2075 2477 2169 2516 πα
2189 2460 2334 2534 λιν,
2377 2477 2455 2518 an
2499 2452 2676 2516 νέον

336 2568 411 2608 ex
456 2547 529 2608 11.
571 2508 618 2605 '1
656 2548 781 2607 446

643 2671 829 2743 γῆρας
873 2656 1175 2738 ἆποξῦσας
1217 2661 1445 2741 θήσειν
1489 2659 1627 2724 νέον
1670 2658 1970 2742 ἡβώοντα.
2074 2733 2079 2739 ,

330 2786 456 2846 Sed
516 2786 640 2862 ipse
694 2784 796 2844 ille
841 2785 1260 2860 Aristophanis
1302 2801 1533 2861 versus,
1595 2786 1698 2862 qui
1744 2784 1900 2845 haud
1946 2784 2067 2843 scio
2110 2801 2188 2843 an
2232 2782 2304 2842 ad
2347 2780 2674 2843 Nostorum

330 2870 540 2932 locum
582 2887 889 2946 expressus
934 2871 1042 2945 sit,

643 2982 747 3047 τὸν
795 2989 1011 3063 Δῆμον
1051 2982 1376 3064 ἀφεψήσας
1420 2981 1598 3063 ὑμῖν,
1644 2985 1873 3046 καλὸν
1918 2982 1976 3058 ἐξ
2020 2985 2270 3063 αἰσχροῦ
2314 2982 2631 3061 πεποίηκα,

326 3125 584 3185 tertiam
625 3124 1103 3184 emendationem
1146 3123 1561 3184 commendare
1604 3123 1873 3183 videtur:
1913 3117 2159 3181 καλόν.
2223 3120 2399 3181 Certe
2442 3122 2505 3180 in
2550 3139 2674 3179 cor-

327 3215 516 3287 repta
567 3211 760 3285 prima
811 3210 1043 3286 syllaba
1084 3209 1237 3269 nihil
1281 3212 1373 3268 est
1415 3209 1774 3268 offensionis.
1862 3208 2246 3268 Contrarium
2288 3207 2501 3267 vitium
2548 3206 2674 3264 sine

255 3308 284 3334 ⁰
330 3296 524 3355 dubio
569 3295 632 3354 in
660 3294 846 3354 Iulii
892 3294 1197 3354 cuiusdam
1245 3311 1480 3354 versum
1527 3294 1795 3369 irrepsit,
1845 3313 2020 3369 quem
2065 3312 2200 3353 oum
2243 3290 2474 3351 duobus
2502 3293 2667 3349 ante-
2713 3300 2776 3348 10

328 3379 691 3440 cedentibus
735 3381 997 3439 servavit
1043 3379 1213 3439 Stob.
1260 3377 1434 3437 floril.
1479 3377 1745 3455 LXXIX,
1793 3381 1830 3437 9
1876 3399 1935 3454 p.
1980 3378 2104 3437 454
2122 3400 2155 3450 η

647 3491 895 3600 ιΚαδμον
938 3491 997 3555 δ’
1043 3491 1308 3574 ἀραμένη
1351 3489 1591 3573 τλήμων
1634 3493 1886 3573 ἐξῆλθεν
1924 3489 2200 3599 Ἀγαύη

639 3576 715 3642 ὃν
755 3577 978 3660 πατέρα
1020 3576 1365 3660 τρομέοντα,
1412 3576 1596 3657 φέρεν
1638 3576 1706 3640 δέ
1746 3600 1849 3657 μιν
1892 3571 1982 3639 ὦν
2023 3574 2174 3658 ὑπὲρ
2218 3575 2399 3656 ωμων

643 3664 824 3744 γήραϊ
860 3666 1201 3745 κεκμηῶτα,
1247 3666 1427 3746 φίλῳ
1471 3658 1529 3724 δ’
1582 3658 1899 3744 ἐβαρύνετο
1943 3662 2160 3746 φόρτφ.

323 3805 682 3881 Legebatur
717 3794 942 3881 Ἀγαυή
987 3804 1050 3862 et
1092 3804 1274 3882 καλῷ.

505 3884 575 3949 ’7.
631 3888 913 3948 Nondum
957 3898 1305 3964 pei-sanatos
1349 3890 1498 3962 puto
1542 3887 1861 3964 fragmenti
1907 3905 1977 3946 ex
2022 3887 2245 3963 cyoliee.
2287 3884 2670 3943 Thebaide

322 3977 541 4052 petiti,
602 3973 765 4049 quod
819 3973 1042 4049 legitur
1093 3973 1252 4048 apud
1297 3972 1515 4030 Athen.
1573 3972 1659 4031 XI
1702 3992 1763 4047 p.
1810 3972 1987 4031 465f
2026 3967 2253 4049 [Epioe.
2303 3966 2435 4026 Grr.
2485 3969 2591 4027 frr.
2635 3968 2665 4026 I

324 4080 383 4137 p.
425 4055 530 4140 11]
581 4076 787 4117 versus
829 4060 1116 4134 quattuor
1156 4058 1508 4133 postremos:

640 4183 799 4266 αἶψα
843 4190 910 4251 δὲ
953 4187 1163 4250 παισὶν
1207 4187 1398 4251 έοῖσι
1439 4183 1590 4296 μετ’
1635 4184 2056 4293 ἀμφοτέροισιν
2099 4184 2322 4267 ἐπαρὰς

640 4273 931 4355 ἀργαλέας
973 4269 1182 4357 ἠρᾶτο·
1228 4272 1383 4337 θεὸν
1425 4268 1488 4335 δ’
1533 4271 1614 4336 οὐ
1657 4269 1916 4334 λάνθαν’
1960 4268 2234 4352 Ἐρινύν·

644 4356 727 4433 ὥς
771 4382 843 4422 ου
890 4361 952 4421 οι
988 4357 1339 4464 πατρῶαν
1383 4358 1498 4439 ειη
1544 4358 1812 4438 φιλότητι
1856 4357 2142 4419 δαίσαιντο

644 4442 1026 4525 ἀμφοτέροισι
1070 4441 1130 4506 δ’
1177 4421 1269 4505 αεὶ
1315 4442 1562 4524 πόλεμοί
1600 4468 1660 4508 τε
1703 4442 1883 4527 μάχαι
1927 4467 2004 4505 τε.
