3132 5129
1265 397 1724 460 —221—

313 556 402 614 De
446 556 550 615 illo
584 556 706 617 vid.
753 556 826 613 ad
872 554 1079 624 Quint.
1127 554 1367 630 Smyrn.
1402 555 1536 628 XII,
1583 556 1705 613 456
1753 558 1815 612 et
1854 554 2074 631 Rigler.
2110 554 2336 613 melett.
2383 553 2581 612 Noun.
2630 553 2660 610 I

312 662 370 716 p.
421 644 603 716 qu.,
652 641 723 700 de
769 641 879 699 boc
930 639 1223 698 Wernick.
1273 639 1347 697 ad
1392 639 1619 715 Tryph.
1664 660 1723 715 p.
1763 640 1883 697 125
1908 658 1995 714 sq.

445 752 452 757 ·
483 725 800 784 Difficilior
843 725 1116 800 quaestio
1162 727 1259 783 est
1300 724 1373 782 de
1404 744 1460 782 v.
1495 726 1609 799 43,
1657 724 1823 783 cuius
1852 724 2026 782 initio
2058 724 2120 782 in
2152 724 2455 799 plerisque
2485 723 2658 783 libris

311 807 392 883 μὴ
439 807 681 884 δήδειν,
739 811 797 867 in
862 810 1116 868 Moscov.
1177 805 1258 884 μὴ
1305 800 1365 865 δ’
1415 806 1534 884 ἤδη
1591 809 1830 884 legitur.
1923 805 2266 868 Ceterorum
2326 812 2658 867 commento

311 895 552 954 silentio
596 896 922 970 praeterire
964 897 1246 969 praestat.
1332 893 1711 952 Hermannus
1755 885 1856 967 νῆ’
1903 884 2023 969 ἤδη
2069 894 2335 969 scripsit,
2382 894 2485 951 sed
2531 895 2657 968 ipse

309 981 736 1054 particularum
794 980 1239 1039 coniunctarum
1295 969 1410 1055 ἤδη
1457 968 1577 1034 τότ’
1636 974 1830 1035 ἔπειτα
1886 978 2223 1052 exemplum
2272 979 2653 1037 desideravit.

312 1064 510 1121 ΝΗΑ
558 1065 712 1123 haud
745 1064 924 1122 dubie
953 1083 1156 1124 verum
1194 1066 1304 1138 est,
1351 1069 1694 1138 corruptum
1728 1065 1785 1121 in
1823 1062 2051 1137 MHA3
2101 1063 2163 1120 in
2192 1064 2403 1121 ceteris
2435 1063 2654 1121 litteris

311 1149 606 1205 ΗΔΕῘΝ
648 1150 792 1207 mibi
838 1148 1139 1205 HAAIN
1179 1148 1365 1206 latere
1412 1148 1676 1222 videtur,
1731 1146 1887 1222 quod
1945 1151 2007 1205 et
2048 1167 2084 1204 a
2128 1165 2307 1206 sensu
2353 1149 2651 1223 egregiam

309 1234 887 1293 commendationem
935 1234 1134 1293 habet.

482 1320 561 1376 47
584 1338 671 1393 sq.
718 1318 900 1394 vulgo
947 1319 1197 1394 legitur:

617 1443 697 1510 ὃν
743 1441 797 1507 δ’
847 1449 983 1528 ἔστη
1027 1457 1320 1528 μεμαυῖα,
1365 1449 1516 1510 λέων
1561 1447 1621 1508 δ’
1672 1448 1768 1510 ε”πὶ
1812 1450 2089 1527 σέλματος
2133 1448 2323 1530 ἄκρου

623 1533 878 1595 δεινὸν
923 1528 1153 1614 ’ὑπόδρα
1200 1535 1371 1596 ἰδών.

314 1670 543 1731 Δεινόν
587 1692 707 1732 non
752 1672 943 1731 solum
990 1674 1225 1748 inutile,
1285 1675 1388 1733 sed
1433 1675 1612 1733 etiam
1660 1675 1990 1750 insuetum,
2051 1693 2182 1733 cum
2231 1668 2461 1752 ὑπόδρα
2506 1670 2653 1733 ἰδών

311 1778 554 1833 semper
596 1778 701 1834 per
745 1777 807 1817 se
855 1758 1100 1818 dicatur.
1189 1759 1412 1817 Contra
1456 1761 1701 1818 verbum
1760 1760 2135 1818 referendum
2182 1760 2254 1817 ad
2303 1760 2533 1818 leonem
2582 1779 2652 1818 eo

310 1846 506 1919 magis
552 1844 953 1918 desideratur,
1000 1845 1281 1919 quoniam
1323 1844 1458 1902 huic
1504 1845 1743 1901 minimo
1786 1845 2040 1918 quadrat
2083 1832 2161 1901 ἆυ
2205 1838 2265 1900 δ’
2316 1840 2488 1917 ἔστη,
2534 1863 2651 1920 quo

308 1947 451 1987 ursa
493 1929 851 1988 describitur
895 1930 957 1987 in
1000 1928 1359 2002 posteriores
1405 1929 1585 2002 pedes
1631 1948 1693 1986 se
1738 1929 1995 2004 erigens.
2063 1929 2153 1986 Ne
2199 1929 2419 1987 multa:
2468 1931 2652 2006 scrip-

312 2014 395 2069 sit
436 2016 677 2071 θῦνεν
720 2007 957 2090 ὑπόδρα
1003 2008 1175 2071 ἰδών.

481 2101 563 2157 50
585 2118 671 2173 sq.

797 2191 830 2255 ὃ
874 2191 932 2257 δ’
982 2195 1261 2275 ἐξαπίνης
1308 2192 1637 2277 ἐπορούσας

612 2277 804 2360 ἆρχόν
847 2274 968 2343 ἕλ’·
1016 2283 1077 2343 οἳ
1119 2279 1186 2342 δὲ
1230 2290 1344 2344 etc.
1528 2288 1554 2301 ⁹

309 2419 527 2477 Parum
575 2420 855 2479 credibile
898 2424 992 2479 est
1035 2440 1072 2479 a
1116 2420 1377 2494 Baccb0,
1424 2421 1526 2495 qui
1573 2421 1698 2496 ipse
1744 2419 1936 2479 forma
1980 2421 2214 2480 leonina
2259 2421 2433 2496 latet,
2479 2423 2650 2482 navis

305 2504 520 2562 ducem
575 2524 694 2563 non
753 2506 946 2564 solum
1004 2507 1233 2582 impetu
1285 2505 1573 2582 petitum,
1632 2505 1736 2564 sed
1795 2506 1941 2563 adeo
1998 2511 2432 2582 correptum
2491 2526 2646 2582 esso,

302 2590 657 2664 praesertim
724 2609 856 2649 cum
925 2592 1128 2649 stat-im
1194 2591 1395 2649 nautis
1459 2592 1520 2648 in
1579 2610 1740 2650 mare
1806 2592 2217 2665 praecipitatis
2272 2593 2459 2651 amice
2515 2612 2647 2652 cum

303 2674 709 2749 gubernatore
754 2680 911 2752 agat.
987 2676 1195 2776 Itaque
1240 2675 1546 2751 scripsisse
1592 2679 1826 2750 poetam
1873 2675 2136 2734 arbitror
2178 2670 2216 2733 ὃ
2261 2671 2317 2732 δ’
2366 2672 2650 2751 ἐξαπίνης

302 2753 709 2834 ἐπόρουσεν
745 2757 756 2836 Ι
793 2756 983 2836 ἀρχὸν
1027 2756 1098 2816 ἔπ
1127 2805 1142 2818 .

478 2844 578 2906 55.
625 2844 794 2903 Libri
825 2846 1059 2904 variant
1087 2847 1244 2904 inter
1277 2839 1358 2902 δῖ’
1408 2837 1634 2922 ἕκᾶτωρ
1678 2846 1740 2903 et
1787 2840 1872 2900 δῖε
1916 2837 2146 2923 κάτωρ,
2193 2846 2352 2921 quod
2384 2847 2647 2906 Frankio

306 2947 473 3002 „non
522 2933 638 2987 tam
684 2933 1031 3006 corruptum
1077 2949 1252 3006 quam
1301 2931 1545 3005 ignotae
1591 2929 1843 3006 originis
1887 2932 1950 2988 et
1993 2929 2443 3006 significationis
2480 2949 2646 2991 voca-

307 3013 518 3071 bulum
564 3033 691 3073 esse
735 3014 1032 3074 videtur“.
1122 3015 1293 3073 Alius
1338 3011 1542 3085 πᾶτωρ
1590 3016 1859 3074 coniecit.
1950 3015 2225 3073 Alterum
2283 3018 2482 3075 utrum
2530 3017 2645 3076 for·

309 3102 472 3158 tasse
515 3099 860 3173 probaverit
903 3099 1165 3158 ludicrae
1209 3099 1540 3158 cantilenae
1585 3103 1821 3159 auctor:

910 3227 1986 3366 ffimmthm,“ssmsswsszn
2000 3301 2037 3326 «

306 3430 415 3496 Δῖ’
474 3434 675 3515 ἄκτωρ
731 3438 804 3496 ab
860 3438 1091 3514 Ilgenio
1146 3437 1443 3497 invectum
1515 3439 1660 3496 satis
1728 3439 1844 3497 iam
1903 3438 2191 3498 refutavit
2248 3439 2641 3497 Hermannus.

303 3524 490 3582 Poeta
543 3520 706 3597 φίλε
761 3519 991 3595 πάτερ
1048 3522 1284 3597 scripsit
1349 3541 1418 3581 ex
1479 3522 1813 3582 Homericis
1869 3523 2021 3594 ξεῖνε
2077 3514 2307 3599 πάτερ
2361 3527 2423 3582 et
2478 3519 2646 3597 φίλε

298 3607 619 3685 κασίγνητε
663 3609 1095 3668 concinnatum.

472 3694 710 3768 Restat,
775 3695 844 3751 ut
897 3692 1162 3767 singulas
1218 3690 1505 3765 quasdam
1558 3691 1765 3767 hymni
1821 3689 2129 3753 Venerei
2176 3692 2641 3767 emendationeS,

298 3797 450 3854 quae
515 3777 819 3837 commode
886 3778 1263 3850 succurrunt,
1332 3795 1506 3851 quam
1573 3777 1919 3838 brevissime
1980 3796 2339 3838 enumerem.
2442 3777 2513 3835 In
2573 3796 2642 3836 eo

302 3862 682 3922 scribendum
725 3864 821 3921 est
864 3881 919 3920 v.
954 3863 1033 3919 57
1081 3856 1437 3937 ἔκπαγλος
1485 3856 1813 3941 (ἐκπάγλως
1858 3859 2071 3942 vulgo)
2117 3857 2181 3920 δὲ
2223 3858 2375 3920 κατὰ
2421 3857 2643 3938 φρένας

302 3945 503 4025 ἵμερος
545 3938 733 4012 εἷλενς
790 3967 848 4007 v.
882 3946 964 4005 84
1024 3933 1212 4022 ὁρόων
1268 3940 1544 4022 φρεσὶν
1598 3942 1809 4018 ἅζετο
1864 3945 2177 4027 (ἐφράζετο
2220 3947 2430 4024 vulgo)
2482 3942 2640 4022 θάμ-

301 4028 516 4109 βαινέν
573 4051 661 4096 τες
729 4032 942 4090 v.1o4
1000 4029 1154 4088 ποίει
1210 4024 1267 4084 δ’
1333 4026 1582 4104 ἐξοπίσω
1637 4027 1902 4102 θαλερὸν
1952 4030 2191 4132 γάμον
2245 4051 2354 4108 pro
2421 4031 2641 4090 tradito

297 4115 514 4196 γόνου
559 4137 617 4177 v.
654 4120 771 4176 151
821 4109 954 4174 οὐδ’
1002 4113 1069 4172 εἰ
1107 4112 1229 4173 καὶ
1277 4112 1366 4190 (εἴ
1400 4135 1504 4173 κεν
1527 4115 1740 4194 vulgo)
1789 4113 2067 4191 ἕκηβολος
2099 4150 2179 4161 -
2209 4117 2410 4192 προΐοι
2438 4110 2644 4193 βέλεα;

298 4222 355 4261 v.
392 4204 517 4262 180
575 4197 658 4272 ὣς
712 4193 912 4276 φάθ’·
971 4194 1012 4256 δ’
1065 4192 1129 4257 δ’
1176 4195 1234 4270 ἐξ
1291 4195 1510 4257 ὕπνοιο
1563 4194 1707 4276 μάλ’
1754 4196 2058 4275 ἐμμαπέως
2112 4195 2529 4278 ἀνόρουσεν
2571 4221 2639 4260 ex

303 4288 356 4343 K
389 4288 531 4345 162.
581 4282 616 4342 δ
645 4286 793 4346 839.
837 4306 873 4343 κ
907 4287 1047 4344 557.
1093 4285 1225 4343 coll.
1272 4284 1472 4344 E836
1517 4305 1626 4361 pro
1672 4304 1741 4344 eo
1786 4287 1942 4362 quod
1986 4287 2170 4364 vulgo
2215 4286 2441 4362 legitur
2483 4279 2638 4343 ὑπά-

297 4385 515 4429 κουσεν
558 4372 716 4430 male
760 4371 995 4429 illatum
1027 4386 1098 4429 ex
1143 4367 1173 4439 ξ
1204 4368 1356 4445 485;
1405 4370 1660 4447 denique
1690 4392 1749 4432 v.
1784 4373 1906 4430 257
1938 4359 2038 4429 τὸν
2065 4367 2177 4448 μέν
2207 4404 2289 4415 -
2327 4370 2338 4449 Ι
2381 4368 2639 4446 Νύμφαι

296 4444 374 4513 ἰῦ
419 4450 555 4536 (μιν
601 4455 812 4532 vulgo)
857 4450 1221 4533 θρέψουσιν.

2692 1321 2755 1368 12
