3132 5129
1346 356 1809 420 ἡ,9,66...

577 515 667 572 De
699 532 767 572 eo
799 518 998 572 autem
1029 514 1359 589 lugentium
1384 515 1590 587 positu
1614 512 2039 607 adscripsisse
2022 530 2270 588 msuper
2292 513 2465 571 iuvat
2487 511 2740 571 Pausan.

405 600 488 673 X,
522 600 633 674 31,
668 598 706 655 5
739 593 836 677 (2)
868 598 939 658 dc
969 598 1251 657 Hectore:
1281 591 1618 675 ἀμφοτέρας
1647 594 1763 673 ἔχει
1794 586 1897 668 τας
1929 600 2130 674 χεῖρας
2158 593 2293 674 περὶ
2327 585 2390 654 τὸ
2433 591 2744 675 ἀριστερὸν

403 644 1029 844 ἴοέἔέοέἕθιωμὲνου
1073 689 1319 759 σχῆμα
1363 677 1788 758 ἐμφαίνων,
1832 683 1894 742 et
1935 683 2135 758 Apoll.
2184 682 2297 740 Rh.
2341 682 2452 756 ΙΙΙ,
2503 683 2622 742 706
2668 682 2742 740 de

552 900 570 965 ζ
663 882 861 945 νειόθι
904 878 961 943 δ’
1012 875 1374 967 ἀμφοτέρῃσι
1417 882 1722 963 περίσχετο
1764 880 2028 965 γούνατα
2071 884 2251 964 χερσί.

409 1006 537 1077 Quo
581 1007 777 1065 minus
822 1007 1020 1064 autem
1065 1006 1322 1065 alterum
1366 1006 1702 1082 lugentium
1745 1006 2016 1065 habitum
2047 1006 2119 1065 de
2149 1005 2341 1080 quol.
2374 1023 2423 1063 c.
2459 1005 2736 1064 admonui

408 1093 501 1151 his
545 1110 778 1167 quoque
821 1089 1062 1150 senibus
1107 1091 1472 1167 adscriptum
1516 1091 1702 1150 fuisse
1746 1094 1973 1166 putem,
2020 1091 2132 1151 hoc
2176 1090 2426 1166 impedit
2469 1090 2627 1165 quod
2654 1089 2742 1147 illi

410 1198 442 1235 e
488 1177 754 1237 turribus
797 1176 1200 1252 prospiciunt,
1246 1175 1405 1252 quod
1450 1195 1583 1234 cum
1626 1175 1857 1235 faciunt
1897 1177 2000 1236 vix
2042 1176 2302 1235 frontem
2329 1175 2603 1234 manibus
2637 1176 2741 1233 im-

409 1264 648 1322 mittere
692 1264 964 1337 possunt.

580 1348 780 1406 Etiam
839 1366 893 1406 v.
942 1348 1062 1405 227
1122 1346 1415 1407 obtexisse
1470 1365 1592 1407 non
1649 1346 1950 1407 sanavisse
2006 1346 2248 1409 videtur
2288 1347 2506 1407 vulnus
2553 1344 2745 1421 Tych-

412 1435 612 1493 senius
656 1452 789 1493 cum
837 1450 906 1489 ex
950 1430 1202 1491 Brodaei
1248 1432 1546 1491 sententia
1591 1432 1828 1492 scribit:

670 1540 718 1608 ὦ
762 1546 915 1626 ἄνα,
966 1545 1307 1626 Δηιφόβοιο
1348 1545 1510 1608 πέλει
1552 1541 1800 1625 στρατὸς
1840 1544 1950 1627 ἠδὲ
1993 1546 2094 1608 καὶ
2140 1541 2354 1626 αὐτός,

670 1636 794 1693 σεῖο
836 1631 1095 1713 πάροιθε
1141 1629 1340 1711 τοκῆ’
1391 1629 1468 1705 ὃς
1513 1627 1893 1713 ὖπὲτρεμε.

415 1755 729 1831 Inelegans
773 1756 838 1812 et
878 1754 1039 1812 haud
1083 1754 1204 1814 scio
1249 1772 1326 1813 an
1369 1753 1765 1814 intolerabilis
1812 1756 1902 1814 est
1943 1754 2361 1831 apostrophus.
2415 1753 2487 1813 In
2530 1753 2751 1812 Aldina

318 1851 385 1899 20
419 1840 734 1917 legebatur
778 1841 903 1896 σεῖο
944 1858 1006 1896 π.
1053 1845 1323 1915 τοκῆος
1365 1828 1685 1917 ὖπέτρεμε,
1732 1839 1894 1915 quod
1934 1840 2369 1900 restituendum
2402 1840 2645 1899 lacunae
2675 1839 2749 1897 si-

418 1926 554 2002 gnis
596 1927 737 1983 ante
782 1942 917 1983 eum
959 1943 1199 1985 versum
1241 1924 1477 2000 positis.
1534 1924 1732 1985 Facile
1778 1925 1898 1984 tale
1941 1925 2087 2001 quid
2129 1924 2396 1986 excidere
2438 1926 2705 2000 poterat.

669 2030 878 2122 <ὅςρ’
911 2033 1083 2118 ἄμφ’
1115 2037 1424 2122 ’Ἕκτορα
1464 2038 1685 2102 δῖον
1660 2039 1856 2119 ὅμως
1886 2040 2152 2122 κράτος
2181 2037 2311 2121 ἠδὲ
2338 2038 2460 2102 καὶ
2494 2038 2749 2122 ἔγχος>

667 2132 792 2187 σεῖο
834 2125 1092 2207 πάροιθε
1135 2136 1344 2205 τοκῆος
1388 2123 1692 2208 ὖπέτρεμε.
2786 2160 2791 2165 ’

415 2249 694 2309 Fortasse
739 2249 897 2308 enim
942 2247 1325 2307 Automedon
1368 2248 1622 2307 Achillis
1667 2250 1876 2326 auriga
1917 2253 2243 2309 extremum
2290 2247 2568 2309 Hectoris
2615 2266 2748 2307 cum
2853 2261 2856 2265 ’

415 2334 651 2393 Achille
706 2336 1001 2394 certamen
1058 2333 1332 2409 respicit,
1391 2334 1466 2391 ad
1521 2335 1680 2409 quod
1735 2334 2054 2394 Hectorem
2109 2335 2375 2394 Minerva
2433 2332 2755 2392 concitavit

413 2420 707 2495 Deiphobi
772 2418 1026 2496 firmam
1091 2418 1320 2477 induta.
1411 2419 1641 2496 Auriga
1704 2419 1867 2479 illius
1928 2420 2014 2478 rei
2078 2419 2313 2478 nescius
2371 2417 2750 2493 Deiphobum

416 2504 674 2564 Hectore
710 2504 922 2563 relicto
969 2504 1194 2581 fugisse
1239 2502 1584 2563 arbitratur.

582 2589 805 2649 Locum
848 2610 908 2649 v.
956 2589 1077 2649 261
1113 2607 1272 2666 sqq.,
1337 2589 1411 2648 de
1456 2608 1576 2665 quo
1624 2590 1967 2665 Spitznerus
2009 2588 2052 2648 l.
2098 2608 2147 2649 c.
2192 2609 2250 2665 p.
2297 2590 2417 2647 219
2463 2589 2750 2664 exposuit,

419 2678 657 2749 recepta
701 2673 1029 2733 Hermanni
1077 2674 1489 2734 emendatione
1533 2673 1682 2752 (vid.
1730 2674 1771 2732 l.
1805 2694 1854 2734 c.
1887 2695 1945 2750 p.
1981 2671 2134 2750 263)
2181 2675 2265 2732 ita
2309 2673 2748 2733 constituerim:

670 2813 715 2849 ω
761 2788 943 2868 κύον,
991 2787 1269 2887 ἔξήλυξας
1315 2785 1460 2868 ἐμὸν
1500 2787 1706 2866 με’νος·
1755 2785 1899 2850 οὐδέ
1942 2806 2036 2849 σοι
2078 2784 2231 2869 ἀλκὴ

666 2872 880 2977 ἱεμένῳ
923 2896 1032 2955 περ
1075 2866 1321 2951 αλαλκε,
1365 2879 1442 2932 θε
1446 2875 1531 2933 ὧν
1576 2875 1642 2934 δέ
1687 2898 1806 2952 τις,
1852 2898 1936 2948 ος
1980 2871 2040 2935 σ’
2091 2873 2419 2947 ἐκάλυψε

666 2958 855 3019 νύκτα
899 2956 1103 3038 βαλών
1145 2957 1502 3036 καθύπερθε
1546 2983 1647 3020 και
1690 2958 1755 3021 ἐκ
1800 2957 2117 3039 κακότητος
2164 2956 2476 3040 ἐρύσσας

575 3105 588 3117 ,
670 3045 863 3125 (σεῖο
909 3043 1503 3123 φυγοπτολὲμοιο
1548 3043 1778 3117 κακὰς
1821 3041 1965 3106 απὸ
2009 3043 2296 3126 Κῆρας)
2342 3042 2622 3130 ἔρυξεν.

585 3166 740 3224 Tum
788 3167 967 3224 etiam
1011 3169 1149 3242 post
1192 3186 1249 3225 v.
1296 3151 1409 3225 36'1
1465 3169 1526 3224 et
1570 3169 1709 3241 post
1754 3187 1809 3227 v.
1848 3168 1971 3226 376
2017 3167 2343 3225 secundum
2389 3186 2581 3226 meam
2626 3185 2755 3225 sen·-

415 3251 666 3311 tentiam
700 3251 994 3325 quaedam
1024 3248 1354 3310 excidisse
1338 3270 1456 3309 iam
1501 3251 1881 3311 Hermannus
1926 3251 1967 3311 l.
1999 3271 2050 3311 c.
2083 3272 2141 3328 p.
2175 3252 2295 3310 263
2328 3270 2414 3327 sq.
2461 3271 2582 3311 non
2627 3252 2754 3310 sine

415 3356 520 3397 suo
567 3336 820 3395 adsensu
865 3336 1368 3396 commemoravit.
1817 3357 1826 3372 ⁸

584 3421 836 3481 Nullum
879 3421 1075 3479 locum
1119 3422 1183 3478 in
1229 3420 1513 3479 decimo
1556 3421 1753 3481 libro
1798 3422 2044 3483 memini
2087 3424 2187 3497 qui
2232 3424 2469 3497 praeter
2505 3423 2619 3480 iam
2651 3441 2753 3480 no—

415 3510 574 3567 tatos
619 3505 854 3565 defectu
899 3505 1168 3565 laborare
1214 3506 1504 3568 videatur.
1577 3506 1790 3566 Plures
1835 3511 2033 3566 autem
2081 3510 2222 3565 sunt
2265 3507 2329 3566 in
2374 3507 2579 3566 libro
2623 3526 2752 3565 un-

416 3592 648 3651 decim
665 3610 718 3650 0.
781 3590 873 3650 Ac
915 3590 1167 3665 primam
1212 3591 1452 3666 quidem
1498 3591 1771 3650 lacunam
1813 3611 1964 3668 quae
2009 3595 2101 3652 est
2141 3595 2282 3669 post
2323 3612 2380 3653 v.
2408 3593 2490 3651 70
2518 3591 2755 3651 Rhodo·

414 3678 617 3736 manni
675 3675 1015 3735 coniectura
1070 3676 1419 3736 oblitterare
1464 3677 1692 3736 studuit
1734 3677 2128 3754 TychseniuS,
2196 3678 2299 3737 sed
2342 3677 2602 3736 frustra:
2671 3676 2755 3735 ibi

416 3763 558 3821 haec
609 3762 923 3838 leguntur:

671 3870 1027 3957 Εὐρύπυλος
1089 3874 1155 3937 δὲ
1197 3871 1618 3956 μενεπτόλεμος
1662 3873 1837 3957 βαλε
1881 3877 2168 3956 φαίδιμον
2199 3876 2449 3957 ”Ελλον,

670 3962 775 4023 τόν
819 3962 895 4058 ῥα
939 3983 1098 4041 παρα
1143 3965 1318 4046 λίμνη
1365 3964 1597 4068 Γυγαίῃ
1639 3964 1872 4042 γείνατο
1916 3961 2112 4042 μήτηρ

671 4039 893 4109 Κλειτώ
939 4048 1373 4152 καλλιπάρῃος·
1419 4044 1456 4108 ὃ
1496 4044 1555 4107 δ’
1607 4046 1673 4109 ἐν
1716 4048 1953 4153 κονίῃσι
1996 4047 2278 4127 τανύσθη

671 4126 929 4211 πρηνής·
976 4141 1108 4193 τοῦ
1151 4129 1212 4192 δ’
1261 4129 1701 4210 ἀπάτερθεν
1731 4130 1919 4212 ὁμῶς
1951 4131 2116 4212 δορι
2147 4133 2479 4194 κάππεσε
2508 4138 2758 4215 μακρῷ

671 4215 875 4293 α’)’μου
917 4210 1054 4277 ἆπὸ
1098 4218 1450 4297 βριαροΐο
1496 4216 1916 4296 κεκαμμένη
1957 4216 2129 4314 αόρι
2172 4219 2412 4302 λυγρῷ

670 4323 794 4381 χειρ
840 4300 920 4362 ἔτι
965 4302 1293 4380 μαιμώωσα
1335 4301 1469 4363 ποτὶ
1514 4298 1727 4363 κλόνον
1772 4302 1941 4382 ἔγχος
1982 4324 2199 4379 αειραι.

421 4424 783 4501 Magnopere
840 4424 1087 4482 offendit
1143 4423 1301 4499 quod
1348 4423 1562 4482 Hellus
1619 4424 1718 4482 ille
1776 4425 2037 4499 primum
2094 4424 2313 4485 dicitur
2355 4425 2558 4483 hastae
2603 4425 2770 4483 iactu-
