3132 5129
1419 373 1878 436 -443—

480 532 680 606 aliqua
722 536 879 590 certe
924 551 994 590 ex
1038 533 1205 606 parte
1249 533 1575 606 placerem,
1623 531 1771 589 illud
1819 530 2216 589 dividendi
2265 532 2609 606 consilium,
2656 531 2816 605 quod

481 617 980 690 imperaturis
1047 621 1225 692 atque
1283 636 1529 692 magnas
1583 636 1677 674 res
1733 616 1846 674 sibi
1906 615 2261 674 subiecturis
2320 616 2447 674 dari
2505 617 2689 691 solet,
2750 618 2815 675 in

480 701 812 759 modestum
845 720 1040 758 meum
1071 703 1298 760 statum
1333 703 1416 759 ita
1446 699 1919 759 transferendum
1966 701 2207 775 putavi,
2255 705 2325 759 ut
2366 720 2434 759 ex
2483 701 2816 775 criticis,

483 805 631 860 quas
662 790 764 844 aut
797 787 937 844 olim
985 790 1088 844 aut
1129 805 1319 861 nuper
1365 787 1627 860 institui,
1675 786 2369 844 exercitationibus
2402 787 2609 844 varia
2631 785 2818 844 Vobis

483 888 874 944 proponerem
922 871 1255 946 Vestroque
1302 871 1516 949 iudicio
1574 866 1901 928 subicerem
1958 870 2385 944 specimina.
2474 868 2569 928 Ita
2614 874 2814 928 autem

482 955 656 1014 huius
701 956 885 1014 libelli
931 960 1351 1031 argumentum
1397 957 1445 1015 si
1491 955 1906 1013 tantummodo
1937 955 1999 1012 in
2031 955 2419 1031 antiquorum
2450 956 2816 1029 scriptorum

482 1039 625 1097 locis
672 1041 1065 1099 diiudicandis
1110 1045 1289 1116 atque
1336 1039 1719 1099 emendandis
1751 1042 2087 1098 versaretur
2131 1073 2209 1080 —
2257 1040 2415 1116 quod
2456 1059 2644 1117 genus
2676 1042 2817 1098 scri-

481 1124 660 1183 bendi
726 1144 865 1184 sane
932 1126 1087 1184 haud
1157 1127 1366 1202 ignoro
1426 1125 1782 1201 quibusdam
1838 1124 2154 1199 displicere
2210 1125 2587 1200 antiquitatis
2646 1126 2816 1200 quasi

482 1228 713 1268 summa
757 1214 987 1269 tantam
1032 1212 1564 1286 amoenissimaque
1610 1210 1914 1269 cacumina
1957 1211 2549 1285 supergredientibus
2595 1244 2706 1283 ——,
2752 1210 2816 1268 id

415 1301 446 1347 6
478 1297 546 1351 ut
599 1296 803 1355 multis
861 1295 1058 1355 verbis
1116 1300 1223 1353 aut
1278 1295 1653 1353 defenderem
1710 1300 1813 1354 aut
1867 1312 2233 1368 excusarem,
2293 1296 2390 1354 vix
2448 1313 2596 1371 opus
2652 1294 2812 1353 vide-

484 1380 676 1437 batur.
754 1380 1003 1440 Omnem
1036 1382 1191 1438 enim
1225 1381 1602 1455 antiquitatis
1648 1381 1974 1454 scientiam,
2023 1380 2147 1438 sive
2192 1379 2265 1437 ad
2310 1399 2405 1438 res
2450 1380 2592 1438 belli
2626 1380 2819 1437 domi-

482 1484 596 1539 que
639 1469 842 1541 gestas
886 1484 1211 1540 omnesque
1257 1468 1318 1523 et
1361 1464 1632 1539 publicas
1678 1469 1741 1522 et
1784 1466 2047 1538 privatas
2093 1465 2474 1539 antiquorum
2507 1465 2817 1522 bominum

481 1551 740 1609 rationes
785 1550 1225 1626 cognoscendas
1270 1550 1394 1609 sive
1438 1549 1510 1606 ad
1544 1554 1812 1607 veterum
1859 1553 2168 1623 poetarum
2215 1550 2587 1625 aliorumque
2619 1549 2816 1607 delec-

483 1634 649 1692 tandi
682 1635 1006 1693 docendive
1037 1635 1455 1710 magistrorum
1500 1637 1687 1691 artem
1735 1634 2205 1708 perspiciendam
2251 1635 2378 1693 sive
2408 1635 2482 1692 ad
2513 1636 2645 1709 ipsa
2673 1635 2814 1692 arti·

482 1712 656 1775 istum
690 1720 792 1793 qui
837 1721 1073 1794 proprie
1105 1720 1300 1779 vocari
1348 1719 1543 1778 solent
1589 1736 1770 1792 opera
1812 1718 2209 1793 percensenda
2253 1720 2580 1794 pertineat,
2627 1738 2817 1776 unum

485 1803 699 1861 habere
757 1807 980 1862 certum
1051 1804 1500 1862 fundamentum
1560 1804 1619 1861 in
1677 1806 1946 1861 veterum
2007 1806 2522 1862 monumentorum
2592 1803 2818 1863 litteris

484 1892 904 1963 conceptorum
938 1890 1094 1948 iusta
1136 1893 1527 1963 accurataque
1574 1888 2064 1963 interpretatione
2109 1889 2387 1963 positum,
2437 1908 2588 1964 quae
2634 1890 2816 1947 inter·

483 1974 739 2047 pretatio
785 1974 1015 2049 seiungi
1060 1978 1320 2049 nequeat
1365 1994 1399 2031 a
1443 1977 1860 2048 corruptorum
1905 1973 2389 2031 mutilatorumve
2429 1974 2694 2033 locorum
2728 1975 2816 2032 in-

483 2058 827 2132 quisitione„
865 2064 926 2116 et
982 2059 1417 2133 emendatione,
1486 2058 1544 2115 id
1615 2077 1747 2115 cum
1813 2058 2075 2115 omnium
2133 2059 2458 2131 peritorum
2523 2052 2814 2116 consensu

485 2144 929 2219 comprobetur,
987 2163 1095 2202 nos
1152 2164 1384 2220 quoque
1442 2143 1578 2201 huic
1637 2142 2105 2201 administrando
2168 2144 2485 2201 conventui
2543 2164 2580 2201 a
2625 2142 2816 2201 Vobis

485 2228 629 2302 ipsis
674 2229 956 2303 praefecti
1001 2249 1177 2288 omne
1222 2230 1432 2289 tulisse
1475 2230 1761 2303 punctum
1807 2227 1979 2286 nobis
2029 2227 2143 2286 visi
2202 2246 2439 2301 sumuS,
2500 2229 2550 2287 si
2609 2228 2815 2286 unitae

483 2312 853 2387 geminarum
886 2316 1095 2373 harum
1126 2315 1576 2389 disciplinarum
1622 2312 1962 2370 tractationi
2004 2315 2229 2370 certam
2260 2314 2588 2371 communis
2620 2314 2815 2371 nostri

485 2401 815 2457 conventus
860 2402 1268 2459 sectionem
1315 2398 2095 2473 critico—exegeticam
2126 2397 2376 2456 barbaro
2407 2416 2546 2456 sane
2579 2397 2816 2456 nomine

483 2483 831 2558 insignitam
876 2485 1416 2544 destinavissemuS.
1505 2481 1618 2541 Cui
1662 2483 1909 2541 sectioni
1953 2501 2027 2540 ne
2071 2483 2135 2540 in
2179 2500 2335 2542 novo
2380 2482 2652 2558 exemplo
2698 2482 2812 2540 dis·

484 2569 733 2642 putandi
779 2571 1023 2628 materia
1069 2571 1317 2645 deesset,
1364 2588 1444 2628 eo·
1479 2569 1672 2645 magis
1717 2567 1861 2626 mibi
1909 2568 2018 2643 ipsi
2065 2568 2298 2626 concilii
2337 2569 2529 2627 nostri
2558 2568 2814 2644 praesidi

485 2654 811 2711 curandum
860 2654 1203 2730 videbatur,
1263 2675 1396 2714 cum
1452 2653 1796 2726 amborum,
1855 2671 2004 2727 quos
2050 2656 2378 2712 conventus
2421 2652 2814 2712 Hannoverae

484 2738 724 2798 habitus
754 2739 898 2797 mihi
927 2739 1160 2798 addidit
1203 2739 1711 2814 exoptatissimos,
1759 2737 2099 2795 adiutorum
2144 2739 2323 2813 prior,
2372 2738 2813 2814 archaeologiae

487 2823 547 2880 in
578 2823 966 2882 universitate
1009 2828 1215 2883 nostra
1245 2824 1573 2899 professor,
1621 2823 1736 2880 duo
1782 2822 1928 2880 artis
1962 2841 2143 2897 opera
2172 2824 2233 2881 in
2263 2823 2355 2881 his
2386 2823 2528 2899 ipsis
2560 2825 2813 2900 regioni·

486 2908 596 2967 bus
654 2909 897 2967 inventa
953 2909 1317 2984 imaginibus
1374 2907 1518 2967 solis
1576 2908 1838 2983 lucisque
1893 2925 2005 2982 ope
2071 2910 2362 2982 expressis
2432 2908 2814 2984 proponenda

485 2994 1026 3068 commentarioque
1084 2994 1156 3051 ad
1203 2996 1469 3053 veterum
1515 2991 1868 3067 religionem
1924 2996 2232 3067 spectante
2286 2994 2640 3052 illustranda
2695 2992 2812 3052 sibi

487 3078 854 3152 sumpsisset,
901 3079 1197 3152 posterior
1229 3096 1386 3152 vero,
1434 3075 1616 3151 Lycei
1661 3078 1849 3136 nostri
1895 3083 2108 3152 rector,
2158 3078 2477 3153 quominus
2509 3079 2635 3152 ipse
2667 3079 2812 3136 scri-

482 3162 656 3220 beret
686 3163 1024 3220 valetudine
1071 3163 1388 3238 impeditus
1434 3161 1909 3220 dissertationem
1931 3160 2117 3220 Vobis
2163 3163 2373 3221 offerre
2404 3162 2817 3221 constituisset

487 3266 521 3304 a
552 3246 910 3322 collegarum
943 3265 1076 3322 une,
1125 3267 1303 3323 quem
1333 3250 1397 3306 et
1426 3246 1621 3321 ipsum
1653 3246 1797 3303 mihi
1829 3246 2372 3305 coniunctissimum
2405 3265 2531 3306 esse
2562 3246 2812 3323 gaudee,

486 3332 558 3389 de
603 3331 1019 3407 Aristophanis
1078 3332 1293 3392 Avium
1350 3332 1596 3391 consilio
1652 3333 1713 3388 et
1766 3330 1965 3388 indole
2018 3333 2435 3407 conscriptam.
2525 3331 2619 3390 Ita
2675 3351 2814 3390 sane

485 3417 596 3474 hoc
641 3416 876 3490 quidem
935 3417 1173 3492 pacifico
1220 3417 1636 3476 Tricarano
1692 3415 1848 3473 haud
1894 3414 2127 3475 inficete
2172 3417 2601 3492 repraesentari
2647 3416 2811 3475 vide-

484 3501 662 3559 batur
705 3503 834 3576 ipsa
876 3501 980 3560 illa
1034 3504 1331 3562 artissima
1386 3501 1755 3575 coniunctiO,
1813 3519 1989 3574 quam
2046 3502 2492 3576 quaestionibus
2537 3501 2609 3560 de
2651 3506 2814 3560 vete-

486 3606 617 3644 rum
663 3591 790 3645 arte
837 3605 971 3644 cum
1017 3588 1079 3645 in
1126 3587 1430 3647 statuariis
1473 3587 1862 3662 pictoriisque
1921 3585 2200 3660 operibus
2258 3593 2386 3645 tum
2434 3588 2495 3644 in
2537 3585 2809 3644 carmini-

485 3672 595 3730 bus
655 3672 1140 3747 orationibusque
1196 3671 1511 3747 conspicua
1566 3670 1950 3729 instituendis
2005 3688 2137 3729 cum
2195 3672 2460 3747 ipsorum
2493 3676 2811 3730 auctorum

487 3756 721 3830 scriptis
779 3760 839 3814 et
889 3758 1001 3815 rite
1055 3757 1417 3832 explicandis
1474 3760 1537 3814 et
1591 3759 1752 3815 recte
1807 3755 2202 3814 emendandis.
2245 3757 2575 3816 necessario
2630 3757 2809 3814 inter-

487 3841 694 3900 cedere
739 3842 914 3900 modo
959 3842 1372 3902 indicavimus„
1447 3841 1618 3900 Hanc
1664 3841 1852 3916 ipsam
1884 3859 2022 3899 vero
2067 3841 2477 3900 necessitatem
2520 3860 2641 3899 non
2685 3842 2813 3899 sine

484 3926 739 4002 quodam
796 3926 1133 3984 litterarum
1186 3930 1523 3986 nostrarum
1583 3926 1943 3985 detrimento
1995 3926 2234 4002 neglegi
2277 3925 2467 3983 adhuc
2510 3924 2810 3984 interdurn

488 4013 754 4070 videmus
812 4012 924 4085 ita,
986 4014 1085 4086 ut,
1147 4012 1283 4070 dum
1331 4011 1727 4070 severioribus
1771 4010 2090 4086 philologis
2136 4030 2320 4069 unum
2367 4028 2515 4085 opus
2561 4016 2650 4070 est
2694 4010 2812 4068 sin-

483 4096 625 4173 gula
680 4096 1035 4170 scriptorum
1084 4098 1259 4155 verba
1316 4097 1518 4155 rimari
1574 4096 1954 4170 interpretari
2013 4097 2358 4172 emendare,
2419 4096 2813 4171 elegantiores

483 4182 586 4255 qui
632 4199 757 4239 sese
803 4181 1022 4240 iactare
1067 4182 1263 4241 solent
1305 4183 1573 4240 homines
1619 4180 1690 4239 de
1736 4179 2111 4255 antiquorum
2145 4183 2458 4256 poetarum
2491 4179 2814 4239 artificum·

486 4285 601 4341 que
646 4264 912 4325 sollertia
955 4268 1213 4327 consiliis
1260 4267 1586 4327 virtutibus
1632 4264 1960 4341 „ampullas
2006 4268 2067 4323 et
2109 4265 2546 4341 sesquipedalia
2589 4264 2813 4325 verba“

436 4350 852 4425 *profundant
906 4372 1070 4412 suam
1129 4352 1365 4428 quidem
1426 4371 1542 4410 non
1603 4351 1792 4409 solum
1850 4350 2057 4423 suique
2122 4351 2404 4409 similium
2475 4351 2577 4408 sed
2634 4351 2811 4408 etiam

485 4435 793 4494 irrisorum
842 4438 900 4494 in
946 4438 1424 4510 delectationem,
1472 4436 1766 4494 neminem
1815 4436 2041 4508 tamen,
2089 4437 2190 4511 qui
2237 4436 2420 4493 sobrii
2466 4436 2546 4493 sit
2587 4435 2812 4509 iudicii,
