3132 5129
472 496 505 542 4

1477 332 1929 395 ...400..‚

706 487 954 545 Initium
1013 487 1163 546 facio
1218 506 1254 545 a
1299 487 1451 545 libro
1498 488 1752 561 primo.
1844 488 1967 561 Ibi,
2029 486 2187 563 quod
2233 506 2289 547 v.
2327 490 2361 545 7
2413 486 2689 545 Graeflus
2734 488 2862 545 olim

536 571 897 630 desideravit
943 572 1099 648 apud
1132 569 1501 631 Uvarovium
1521 566 1569 647 ¹)
1616 592 1674 647 p.
1705 573 1780 630 13
1813 591 1885 630 ex
1914 572 1985 647 X,
2018 574 2155 630 197.
2190 574 2333 646 214,
2380 563 2622 647 λόχευσε
2656 572 2861 632 diserto

533 657 781 799 legittg⁶
801 658 866 799 iter
886 657 1060 800 MiO·
1076 657 1158 716 Et
1201 657 1275 715 cf.
1321 655 1398 731 ΙΙ,
1448 657 1593 716 566.

791 831 886 899 Ευ
931 832 1098 913 εἰδώς
1143 832 1316 900 τόκον
1357 838 1574 939 ἄλλον,
1621 837 1747 901 ἐπεὶ
1792 835 2056 939 γονόεντι
2100 835 2341 923 καρήνω

788 920 854 997 ὃς
898 918 1083 1004 παρος
1115 917 1311 1020 ὀγκον
1351 941 1605 985 απιστον
1649 922 1800 1002 ἔχων
1844 918 2123 1004 ἐγκύμονι
2169 924 2360 1007 κόρσῃ

789 1007 1055 1089 τεύχεσιν
1098 1002 1552 1089 ἆστραπτουσαν
1594 1001 1982 1086 ἆνηκόντιζεν
2019 1006 2312 1089 Ἀθήνην.

536 1130 631 1188 Ita
675 1130 768 1189 ed.
819 1151 909 1206 pr.
942 1134 1004 1189 et
1047 1132 1127 1190 M.
1211 1130 1328 1190 Sed
1363 1130 1637 1190 Eustatb.
1668 1130 1742 1188 ad
1776 1130 1951 1190 Hom.
1982 1130 2057 1188 Il.
2090 1151 2148 1206 p.
2183 1133 2324 1201 700,
2356 1131 2459 1188 59.
2507 1129 2680 1188 Rom.
2707 1131 2878 1188 affert

535 1209 724 1273 πόνον
766 1211 946 1274 α’λλον
990 1212 1084 1273 ἐπὶ
1128 1209 1424 1274 στονόεντι
1467 1208 1695 1291 κάρητι,
1740 1216 1899 1291 quod
1946 1217 2164 1273 mirum
2210 1218 2300 1274 est
2342 1216 2638 1289 recepisse
2686 1214 2873 1274 Grae-

536 1299 697 1375 fium,
744 1306 1064 1377 postquam
1109 1301 1236 1376 ipse
1280 1301 1320 1362 l.
1353 1320 1401 1360 c.
1434 1301 1585 1359 bene
1628 1301 1933 1376 perspexit
1976 1319 2098 1360 non
2144 1299 2336 1359 solum
2382 1299 2634 1357 formam
2666 1294 2880 1377 κάρητι

539 1415 620 1424 —
666 1391 726 1444 et
778 1386 994 1444 addere
1051 1388 1290 1461 poterat
1333 1403 1541 1444 versus
1587 1386 1913 1444 clausulam
1960 1418 2040 1427 —
2085 1404 2122 1442 a
2164 1384 2382 1442 Nonno
2428 1384 2686 1443 alienam
2732 1404 2878 1459 esse,

537 1469 642 1529 sed
686 1471 871 1529 etiam
915 1465 1179 1546 γονόεντι
1222 1465 1466 1549 καρήνω
1509 1470 1637 1545 XX,
1687 1470 1766 1528 54

791 1582 1074 1665 αὐτοτελῆ
1117 1580 1518 1666 γονόεντος
1561 1581 1826 1665 ἀμήτορα
1869 1584 2056 1646 παῖδα
2105 1584 2442 1666 καρήνου

538 1707 951 1769 commendari.
1040 1706 1132 1765 Ne
1177 1705 1393 1765 multa:
1438 1709 1609 1782 patet
1650 1706 1934 1766 Nonnum
1977 1708 2284 1782 scripsisse

797 1814 867 1884 εὖ
915 1813 1082 1894 εἰδώς
1128 1815 1301 1882 τόκον
1343 1814 1520 1882 ἄλλον
1564 1820 1663 1908 ἑῷ
1704 1820 1968 1902 γονόεντι
2004 1816 2263 1906 καρήνῳ.

544 1947 842 2021 Sequente
898 1962 1072 2003 versu
1136 1935 1218 2014 ὥς
1275 1935 1492 2021 πάρος,
1546 1944 1704 2018 quod
1750 1944 2120 2005 Utenhovius
2174 1964 2207 2003 o
2253 1944 2557 2005 codicibus
2601 1945 2881 2020 protulit,

542 2032 657 2089 iam
704 2028 975 2089 Graefius
1019 2030 1306 2087 restituit.

712 2113 784 2172 V.
839 2116 932 2175 12.
994 2106 1340 2190 ἆειδομένου
1385 2114 1565 2172 etiam
1611 2113 1692 2172 M.

712 2199 781 2262 V.
828 2202 927 2257 34.
991 2192 1303 2275 νάρθηκα,
1348 2199 1506 2273 quod
1551 2199 1858 2275 supplevit
1902 2199 2396 2275 Falkenburgiu8‚
2444 2201 2504 2258 in
2537 2200 2600 2259 M
2626 2220 2665 2259 a
2694 2220 2881 2259 manu

539 2284 797 2345 secunda
840 2284 916 2344 ad
961 2286 1291 2361 marginem
1327 2284 1631 2358 scriptum,
1677 2302 1888 2343 vereor
1917 2302 2294 2361 magnopere,
2342 2304 2416 2344 ne
2447 2304 2519 2343 ex
2549 2286 2679 2361 ipsa
2709 2286 2877 2345 illius

539 2372 819 2432 editione.
866 2370 1019 2428 Nam
1065 2389 1122 2428 v.
1171 2371 1270 2444 41,
1316 2368 1418 2427 ubi
1463 2367 1695 2444 Φοῖβον
1738 2362 1948 2442 ἐμόν,
2002 2369 2159 2445 quod
2204 2372 2365 2428 recte
2409 2372 2653 2445 scripsit
2698 2369 2880 2429 Grae·

541 2456 670 2530 fius,
704 2456 765 2597 {III
796 2474 973 2598 mqnu
1005 2456 1200 2529 prima
1229 2454 1427 2526 babet,
1460 2453 1652 2511 altera
1682 2472 1891 2511 manus
1924 2453 2140 2513 falsum
2175 2450 2335 2529 ἐμῶν
2365 2456 2624 2532 margini
2646 2456 2883 2514 allevit.

769 2584 781 2600 .
827 2544 862 2600 5
914 2583 929 2598 .

799 2636 1034 2717 Κυρτὸν
1080 2638 1107 2700 ἕ
1128 2636 1502 2717 πιστορέσας
1543 2638 1767 2715 λοφίην
1811 2634 2113 2718 ἕπιβήτορι
2157 2634 2364 2720 κούρῃ.

542 2761 624 2819 Ut
667 2760 886 2819 Nonno
931 2779 1104 2818 suum
1148 2758 1434 2818 reddatur
1476 2778 1741 2833 acumen,
1790 2759 2161 2817 scribendum
2207 2752 2671 2837 ὖποστορέσας.
2726 2762 2884 2820 Tum

542 2838 851 2922 ἕπιβήτορι
899 2845 1078 2904 etiam
1124 2845 1207 2902 M.

711 2929 789 2988 V.
837 2931 912 2987 61
949 2949 1036 3004 sq.

802 3031 1027 3108 Τρίτων
1071 3025 1131 3088 δ’
1179 3023 1491 3107 ἠπεροπῆα
1542 3025 1687 3100 Διὸς
1736 3025 2064 3107 μυκηθμὸν
2106 3024 2348 3090 ἀκούων

796 3109 1121 3174 ἀντίτυπον
1166 3113 1461 3192 Κρονίωνι
1503 3107 1673 3192 μέλος
1718 3113 2109 3176 κωκύσατο
2152 3108 2365 3197 κόχλῳ.

543 3235 808 3294 Verbum
853 3234 1069 3294 falsum
1113 3254 1239 3294 esse
1286 3234 1437 3293 vidit
1479 3234 1985 3311 Falkenburgiu83
2033 3236 2135 3294 sed
2183 3236 2339 3311 quod
2375 3213 2615 3312 scripsit
2640 3234 2885 3313 μυκή-

544 3336 719 3391 σατο,
765 3323 1011 3397 propter
1055 3319 1407 3379 antecedens
1451 3315 1783 3416 μυκηθμόν
1826 3340 1860 3378 a
1901 3319 2120 3379 Nonno
2164 3321 2463 3380 abhorret.
2533 3322 2593 3379 M
2638 3315 2886 3397 κωκή·

546 3421 708 3479 σατο,
754 3406 908 3481 quod
956 3424 1074 3463 una
1117 3405 1322 3462 littera
1365 3406 1611 3479 propius
1656 3404 1731 3462 ad
1776 3423 1980 3464 verum
2014 3406 2264 3464 accedit:
2310 3397 2655 3483 μιμήσαιτο.
2711 3407 2881 3464 Idem

545 3493 723 3549 ctiam
781 3509 959 3564 supra
1014 3510 1071 3549 v.
1119 3490 1198 3547 47
1256 3489 1663 3586 reponendum
1707 3507 1815 3563 pro
1859 3504 2183 3565 μυκησατο.
2236 3523 2310 3532 --
2360 3490 2659 3566 Sequente
2702 3510 2915 3578 versu·

543 3565 763 3633 ἀείδων
806 3607 888 3616 -—-
932 3567 1286 3668 ἆειρομὲνην
1328 3574 1388 3631 in
1435 3574 1498 3631 M
1540 3594 1577 3632 a
1620 3593 1698 3634 m.
1746 3592 1860 3632 sec.
1906 3574 1982 3632 ad
2027 3593 2213 3651 marg.
2261 3576 2570 3651 scriptum.

715 3659 791 3804 g.
838 3661 940 3805 gg.
994 3649 1294 3733 Ἀχαιικὸς
1341 3658 1418 3733 Μ,
1477 3657 1635 3734 quod
1677 3658 2096 3733 recipiendum.

794 3839 1004 3904 Ἀλλα
1051 3841 1220 3916 Θέτις
1261 3842 1453 3921 βυθίη
1501 3839 1699 3919 διερὸν
1744 3835 1961 3920 δρόμοι
2005 3839 2320 3922 ἡνιοχεύει.

550 3966 725 4026 Recte
770 3955 810 4043 ἦ
857 3963 933 4044 ῥα
976 3965 1317 4026 emendavit
1359 3985 1465 4042 pro
1508 3958 1660 4022 οἷλλιί
1702 3964 1912 4024 Lehrs.
1962 3967 2215 4041 quaestt.
2263 3925 2443 4040 epicc.
2491 3986 2550 4041 p.
2589 3968 2709 4026 269
2755 3972 2879 4026 not.

487 4063 519 4110 5
552 4052 667 4110 Sed
712 4071 820 4111 nec
863 4041 1008 4108 ἄλλα
1054 4051 1286 4121 falsum,
1333 4054 1470 4126 post
1513 4049 1674 4125 quod
1720 4049 1961 4108 lacunae
2006 4051 2177 4125 signa
2220 4052 2497 4124 ponenda
2542 4055 2701 4113 sunt.
2763 4053 2877 4110 Ex-

551 4186 948 4193 —u——ffiu

722 4255 770 4308 1)
810 4248 876 4306 Η
899 4265 944 4301 e.
971 4247 1029 4300 in
1057 4248 1217 4313 libro,
1254 4249 1352 4316 qui
1375 4248 1722 4303 inscribitur:
1761 4246 2031 4311 υΝονυιοε
2054 4262 2158 4301 von
2182 4248 2485 4317 Panopolis
2509 4248 2607 4302 der
2627 4248 2879 4303 Dichter.

549 4315 668 4367 Ein
716 4315 966 4385 Beytray
1016 4330 1122 4370 zur
1170 4319 1483 4372 Geschichte
1518 4318 1619 4372 der
1670 4317 2055 4408 yriechischen
2084 4316 2293 4370 Pocsie.
2378 4316 2507 4370 Vom
2559 4317 2879 4373 wirklichm

548 4382 865 4436 Staatsrath
905 4386 1199 4451 Ome-aroff.
1270 4385 1348 4438 St.
1389 4386 1736 4452 Petersbury.
1775 4383 2303 4437 MDGGGXVIH

2979 24 3011 451 i

3020 596 3029 743 ι

3040 912 3051 1081 i
