3132 5129
1381 316 1789 379 -87-

580 474 738 533 Nam
805 473 965 549 quod
1021 473 1322 548 Hauptius
1386 474 1631 549 propter
1689 474 1813 534 290
1877 477 2059 551 negat
2125 476 2452 534 Minervam
2514 478 2633 536 133
2691 478 2753 535 in

417 559 740 636 Olympum
784 558 1017 633 abiisse,
1063 557 1214 617 nibil
1260 558 1505 633 probat:
1550 559 1816 632 pertinet
1859 560 1967 617 hoc
1996 560 2071 617 ad
2104 560 2222 618 vim
2256 561 2517 619 Deorum
2552 556 2751 639 ἑκάερ-

411 663 552 723 γον,
610 643 683 702 de
743 663 867 719 qua
921 643 1193 717 exempla
1247 644 1455 702 afferre
1510 642 1733 719 ubique
1789 643 1964 702 obvia
2020 662 2140 703 non
2196 664 2347 719 opus
2391 650 2500 704 est.
2591 647 2750 705 Illud

412 723 605 804 ἐπέβη
663 748 804 787 vero
860 730 907 786 si
964 728 1060 786 cui
1115 729 1294 786 nimis
1348 727 1672 803 abruptum
1728 727 1996 802 videtur,
2052 729 2199 787 nihil
2263 730 2501 788 obstare
2557 732 2749 805 vide0,

413 813 727 889 quominus
783 813 881 873 hic
938 831 1178 889 quoque
1234 816 1369 888 post
1432 814 1548 870 133
1603 812 1877 872 additum
1933 814 2116 873 fuerit
2170 815 2291 873 tale
2347 815 2522 890 quid,
2581 816 2754 892 quale

413 900 472 955 A
516 899 639 956 222
685 897 1030 956 habuimus:

721 1010 944 1092 δώματ’
993 1012 1052 1085 ἐς
1097 1012 1380 1093 αἰγιόχοιο
1429 1004 1578 1085 Διός
1621 1013 1764 1091 μετὰ
1812 1014 2100 1090 δαίμονας
2146 1012 2381 1088 ἄλλους.

582 1152 704 1211 Sed
748 1155 907 1210 recte
950 1152 1250 1227 Hauptius
1297 1152 1626 1210 508—511
1678 1151 1961 1211 delendos
2006 1156 2069 1211 et
2100 1154 2220 1210 512
2267 1153 2440 1212 initio
2471 1154 2751 1229 Φοῖβος

411 1256 519 1313 pro
563 1231 750 1307 αὐτός
796 1238 937 1297 olim
984 1238 1269 1312 scriptum
1315 1236 1494 1295 fuisse
1539 1238 1808 1298 coniecit.
1886 1237 2118 1296 Firmat
2160 1238 2310 1297 hanc
2353 1240 2749 1314 suspicionem

413 1323 569 1380 idem
619 1322 745 1380 fere
790 1322 1147 1381 vocabulum
1194 1313 1437 1397 ἀρήγων
1480 1323 1601 1380 507
1648 1325 1787 1380 ante
1831 1322 2355 1397 interpolationem
2404 1327 2468 1381 et
2511 1316 2752 1401 ἀρηγών

413 1410 529 1464 511
584 1408 646 1464 in
682 1407 1166 1507 interpolationis
1198 1407 1314 1463 fine
1344 1407 1627 1481 positum.
1705 1406 1914 1465 Simile
1940 1406 2256 1467 artificium
2287 1426 2465 1483 supra
2493 1408 2750 1468 vidimus

411 1493 471 1548 A
502 1492 626 1550 348
672 1482 910 1566 αὐτὰρ
949 1484 1242 1566 Ἀχιλλεύς
1274 1517 1354 1538 --
1385 1492 1511 1549 430
1565 1483 1802 1568 αὐτὰρ
1840 1483 2177 1560 Ὀδυσσεύς.
2265 1493 2348 1550 Et
2402 1493 2511 1551 hoc
2555 1494 2749 1569 ipsum

410 1576 894 1672 interpolationis
948 1594 1076 1634 esse
1134 1576 1417 1634 indicium
1476 1576 1655 1635 etiam
1700 1595 1733 1634 e
1777 1581 1981 1636 nostro
2036 1577 2295 1635 carmine
2350 1580 2548 1653 patet:
2611 1578 2749 1637 vide

408 1662 567 1720 enim
629 1651 722 1730 ὣς
776 1667 918 1717 τῶν
969 1649 1411 1730 A456=m¹9
1470 1656 1563 1717 τώ
1617 1652 1679 1737 γ’
1737 1660 1817 1722 ib.
1866 1663 2017 1735 536,
2088 1651 2367 1738 ὤτρυνε
2413 1663 2469 1718 Ε
2512 1663 2748 1722 470=

408 1738 753 1822 ὀτρύνων
795 1745 880 1803 ib.
928 1747 1071 1820 496,
1119 1742 1477 1821 προσηύδα
1525 1742 2183 1823 7135προσὲειπεν
2229 1748 2371 1805 756.

580 1827 743 1899 Quae
800 1834 1113 1905 praeterea
1168 1830 1509 1904 reiecimu8‚
1565 1849 1685 1888 non
1743 1830 1925 1906 longa
1969 1832 2332 1890 refutatione
2375 1835 2571 1907 egent.
2661 1832 2749 1891 Ac

410 1916 669 1989 primum
717 1915 956 1990 quidem
1010 1915 1063 1970 E
1094 1916 1425 1973 206-208
1470 1915 1847 1989 apertissima
1889 1919 1983 1974 est
2026 1916 2411 1991 interpolatio
2453 1918 2599 1991 eiuS‚
2645 1919 2748 1992 qui

410 2001 637 2074 primus
669 2000 1052 2058 Diomedeam
1086 2018 1220 2058 cum
1250 1999 1532 2057 Pactione
1565 2000 1873 2058 coniunxit
1902 2000 2130 2060 scilicet
2172 2001 2448 2059 illaturus
2492 2002 2747 2076 quodam

411 2084 584 2142 modo
629 2084 710 2159 id,
759 2084 917 2159 quod
962 2085 1208 2142 unitarii
1241 2086 1428 2143 nostri
1480 2084 1867 2143 declamando
1898 2104 1967 2142 ex
2013 2087 2419 2145 reticentia
2449 2086 2747 2145 Homeri

410 2172 760 2244 extorquere
815 2169 1085 2242 student,
1157 2168 1493 2226 Pandarum
1551 2169 1786 2228 scilicet
1842 2171 2220 2244 turpissimae
2278 2189 2415 2228 suae
2466 2170 2749 2245 perfidiae

409 2268 629 2328 poenas
674 2253 943 2313 dantem!
1020 2253 1137 2312 Sed
1182 2272 1360 2328 quam
1406 2254 1600 2312 ieiune
1648 2256 1828 2328 atque
1872 2254 2071 2329 inepte
2117 2255 2249 2313 illel
2329 2255 2521 2313 Simul
2562 2257 2749 2313 nomi-

410 2341 629 2396 nantur
672 2337 988 2397 Diomedes
1040 2341 1217 2413 atque
1275 2337 1611 2412 MenelauS,
1675 2340 1846 2413 quasi
1903 2343 2152 2414 uterque
2208 2342 2267 2397 in
2314 2339 2506 2396 media
2550 2358 2750 2415 pugna

412 2422 755 2482 vulneratus
802 2427 985 2496 esset3
1033 2423 1105 2480 de
1149 2424 1426 2497 pactione
1469 2426 1652 2497 atque
1687 2422 1922 2481 Paridis
1965 2424 2132 2482 clade
2177 2423 2513 2482 ulciscenda
2554 2424 2745 2482 altum

410 2507 744 2582 silentium3
791 2527 968 2583 quam
1000 2508 1150 2566 mira
1182 2512 1244 2566 et
1274 2507 1541 2566 inaudita
1586 2508 1810 2567 locutio
1855 2498 1994 2584 αἷμ’
2041 2504 2254 2567 ἔσσευα
2298 2504 2521 2585 βαλών,
2568 2528 2745 2584 quam

410 2592 793 2651 manifestum
850 2593 1220 2651 mendacium
1278 2593 1542 2651 clausula
1587 2593 1694 2651 illa
1736 2589 1947 2670 ἤγειρα
1993 2589 2059 2651 δὲ
2102 2595 2356 2668 μᾶλλον,
2417 2613 2569 2670 quae
2624 2613 2742 2652 non

409 2676 600 2735 solum
645 2677 718 2735 de
761 2676 1048 2736 Diomede
1093 2677 1194 2735 sed
1241 2678 1421 2735 simul
1466 2677 1537 2735 de
1569 2678 1838 2737 Menelao
1885 2679 2151 2754 intellegi
2199 2678 2408 2737 debet!
2472 2678 2587 2736 Sed
2621 2680 2741 2738 209

408 2762 565 2820 haud
609 2763 730 2821 scio
774 2781 852 2820 an
893 2751 935 2838 ἦ
980 2759 1055 2833 ῥα
1102 2763 1380 2836 primitus
1423 2762 1621 2835 fuerit,
1668 2781 1789 2821 non
1835 2767 1929 2843 τῷ
1973 2761 2065 2840 ῥα.

575 2846 701 2906 Nec
767 2847 875 2905 hos
930 2865 1133 2905 versus
1190 2848 1339 2922 qui
1347 2847 1630 2905 defendat
1686 2851 1830 2922 puto
1887 2867 2242 2923 quemquam
2299 2847 2612 2906 inventum
2669 2847 2742 2905 iri

409 2949 514 2988 nec
561 2932 763 2988 331—
693 2933 914 3006 —333,
961 2932 1180 3006 quippe
1224 2932 1327 3006 qui
1373 2934 1579 3006 aperte
1623 2934 1682 2989 et
1728 2950 1863 2990 cum
1915 2934 2028 2990 131
2065 2951 2152 3007 sq.
2200 2935 2261 2990 et
2317 2950 2446 2989 cum
2495 2931 2622 2990 820
2651 2950 2738 3006 sq.

210 2999 215 3002 ⁴
292 3065 297 3071 .
409 3021 704 3091 pugnent:
753 3034 877 3074 non
919 3017 1060 3089 quia
1103 3016 1361 3074 imbellis
1404 3016 1513 3074 dea
1557 3016 1662 3075 sed
1691 3018 1972 3090 quoniam
2003 3037 2039 3075 a
2072 3017 2337 3076 Minerva
2366 3016 2584 3076 diserte
2617 3017 2742 3074 eius

410 3100 667 3159 ludibrio
711 3099 951 3159 addicta
995 3103 1140 3174 erat,
1188 3104 1310 3159 tam
1355 3100 1606 3158 barbare
1652 3119 1780 3159 eam
1812 3102 1996 3160 laedit
2026 3102 2358 3160 Diomedes.
2438 3101 2590 3158 Tum
2622 3102 2743 3160 338

409 3203 540 3242 cum
596 3185 748 3243 salso
793 3185 899 3243 illo
943 3179 980 3241 ὅ
1001 3206 1034 3242 ν
1079 3182 1143 3241 οῖ
1177 3204 1297 3243 ιιοιι
1345 3184 1785 3243 emendandum
1834 3186 1936 3245 sed
1982 3185 2495 3245 exterminandum
2543 3186 2744 3244 censui

408 3271 624 3345 quippe
681 3269 917 3328 illatum
974 3288 1046 3328 ex
1103 3270 1225 3328 315
1280 3270 1433 3328 male
1495 3269 1832 3329 intellecto:
1900 3290 2095 3346 neque
2160 3271 2320 3329 enim
2374 3288 2510 3329 suas
2567 3270 2742 3328 simul

409 3372 618 3412 manus
663 3357 829 3414 veste
889 3354 1194 3413 involvere
1249 3356 1449 3428 potest
1493 3356 1632 3428 dea,
1680 3356 1731 3413 si
1774 3356 2016 3431 quidem
2060 3356 2295 3414 auferre
2341 3354 2488 3413 velit
2530 3354 2740 3412 filium.

576 3439 666 3497 De
698 3440 910 3498 ceteris
938 3440 1103 3514 locis,
1150 3458 1299 3513 quos
1326 3442 1434 3497 aut
1461 3439 1639 3498 reieci
1669 3445 1775 3498 aut
1804 3440 2045 3514 retinui,
2077 3441 2342 3499 breviter
2369 3439 2746 3498 admonuisse
2778 3448 2845 3495 24

407 3522 643 3582 sufficit.
733 3522 933 3582 Reieci
978 3524 1321 3582 Aristarcho
1365 3526 1608 3582 auctore
1663 3524 1921 3600 primum
1967 3526 2044 3582 64
2092 3528 2152 3583 et
2197 3527 2441 3600 propter
2484 3523 2737 3582 insolen-

406 3611 525 3665 tem
583 3609 957 3683 pronominis
1012 3609 1295 3684 reciproci
1351 3627 1525 3666 usum
1570 3610 1634 3666 et
1678 3614 1923 3684 propter
1969 3609 2342 3669 oraculorum
2389 3609 2740 3683 mysterium

406 3692 601 3768 longis
667 3693 1066 3752 recentiorum
1136 3692 1353 3751 fabulis
1410 3698 1754 3751 enarratum
1815 3692 1916 3768 (cf.
1974 3693 2181 3756 LehrS.
2239 3695 2301 3751 in
2360 3691 2736 3751 Friedlaend.

404 3777 588 3836 Arist.
634 3798 692 3853 p.
743 3773 916 3852 104),
963 3781 1089 3835 tum
1142 3778 1259 3834 183
1305 3796 1424 3836 non
1468 3777 1658 3835 solum
1705 3778 1849 3852 quia
1878 3778 2185 3837 Pandarus
2231 3777 2399 3835 illum
2446 3796 2568 3836 non
2613 3795 2739 3835 esse

406 3860 580 3920 deum
627 3864 755 3937 scit,
802 3861 906 3920 sed
951 3862 1129 3921 etiam
1171 3863 1449 3936 quoniam
1495 3863 1838 3937 importune
1885 3882 2171 3938 equorum
2203 3864 2567 3921 mentionem
2597 3862 2741 3919 facit

404 3945 689 4005 Diomede
734 3947 988 4022 pedibus
1031 3951 1335 4023 pugnante
1381 3945 1525 4021 (vid.
1563 3949 1660 4004 13.
1701 3948 1839 4006 134.
1890 3949 2010 4006 249
2045 3946 2224 4023 sqq.),
2272 3949 2569 4022 postremo
2615 3947 2737 4004 808

405 4030 466 4089 in
509 4031 907 4092 Aristarcheis
961 4031 1326 4090 editionibus
1381 4049 1623 4107 prorsus
1682 4033 1964 4090 omissum
2026 4038 2088 4090 et
2147 4050 2339 4105 nuper
2392 4051 2429 4090 a
2471 4031 2739 4090 Bekkero

407 4121 770 4192 exemptum.
861 4114 977 4175 Sed
1021 4115 1559 4174 Alexandrinorum
1604 4117 1932 4192 principem
1978 4118 2142 4192 sequi
2191 4134 2299 4174 nec
2345 4117 2465 4175 838
2499 4136 2586 4191 sq.
2633 4134 2741 4174 nec

407 4203 526 4260 906
572 4202 860 4260 sustinui.
906 4219 1045 4259 nam
1088 4220 1240 4275 quae
1282 4201 1347 4259 in
1390 4200 1512 4258 illis
1558 4202 1827 4260 versibus
1872 4203 2242 4276 vituperasse
2289 4202 2506 4260 dicitur
2537 4234 2617 4244 —
2650 4221 2740 4258 οτι

403 4275 510 4343 οὐκ
553 4277 869 4384 ἀναγκαῖοι
915 4305 1014 4342 και
1060 4287 1276 4362 γελοῖοι
1318 4282 1424 4342 καί
1464 4305 1517 4341 τι
1562 4280 1837 4344 ἐναντίον
1881 4282 2140 4363 ἔχοντες·
2189 4284 2247 4342 τί
2286 4284 2419 4363 γάρ,
2466 4284 2521 4343 εἰ
2560 4283 2737 4361 χείρι-

404 4384 527 4428 σιοι
570 4360 731 4447 ἦσαν
776 4373 905 4440 ταῖς
950 4373 1200 4447 ψυχαῖς,
1245 4361 1491 4440 εὐειδεῖς
1537 4364 1603 4427 δὲ
1644 4365 1745 4428 καὶ
1792 4361 2096 4448 avoconem
2147 4404 2246 4446 —-,
2305 4371 2496 4447 magis
2542 4370 2736 4429 convi-
