3132 5129
1388 380 1681 443 -226
1776 417 1842 427 -—

450 538 719 612 fortiter,
782 540 849 596 ut
890 538 954 596 in
997 556 1174 596 causa
1218 537 1436 597 sensim
1481 537 1749 613 labante,
1794 539 1895 598 sed
1941 542 2170 613 tamen,
2219 542 2287 597 ut
2333 556 2601 614 quaeque
2646 557 2786 598 con-

453 625 677 682 iectura
721 623 950 681 difflata
994 622 1269 697 concidit,
1318 622 1514 681 minus
1560 625 1875 698 minusque
1918 625 2065 682 mihi
2098 642 2384 699 meaeque
2413 623 2785 683 coniectandi

452 708 751 767 sollertiae
820 707 1141 767 confidens,
1242 707 1508 766 Tandem
1562 707 1967 783 Hermannus,
2042 728 2175 768 cum
2244 710 2348 767 ille
2405 709 2457 766 ei
2510 708 2785 767 libellum

452 812 649 851 meum
704 793 943 852 rubrica
999 794 1148 852 bene
1202 794 1478 851 notatum
1536 792 1928 869 reddidisset,
1984 795 2350 870 „recepimus
2394 792 2525 868 te,“
2569 793 2784 868 inquit,

456 880 589 952 „vir
647 877 1104 954 humanissime,
1166 878 1227 936 in
1284 878 1631 936 societatem
1678 877 1962 937 Graecam
2005 882 2249 955 propter
2292 879 2616 953 rationem,
2665 896 2785 952 qua

450 963 612 1021 locos
654 982 690 1021 a
732 967 793 1021 te
836 962 1058 1022 electos
1101 962 1451 1037 tractavisti,
1497 963 1770 1037 quamvis
1814 982 1934 1023 non
1977 966 2222 1039 propter
2266 963 2560 1022 effectum.
2628 962 2781 1020 Nam

451 1066 583 1107 cum
630 1048 881 1124 triginta
924 1048 1088 1107 locos
1131 1047 1572 1122 emendaveris,
1618 1047 1871 1122 accidit,
1919 1052 1988 1107 ut
2029 1049 2258 1108 nullum
2304 1051 2464 1107 recte
2507 1048 2785 1110 emenda-

451 1132 622 1191 veris.
695 1133 1015 1207 Speramus
1058 1135 1258 1191 tamen
1301 1131 1444 1207 fore,
1491 1135 1559 1190 ut
1606 1136 1764 1191 recte
1808 1134 2128 1208 aliquando
2174 1133 2487 1192 emendare
2532 1130 2786 1191 discas.“

454 1218 617 1287 Quae
663 1236 775 1276 vox
821 1236 1000 1292 quam
1045 1218 1166 1275 alte
1210 1218 1272 1276 in
1303 1218 1564 1275 animum
1598 1237 1797 1275 meum
1828 1218 2212 1294 descenderit,
2259 1217 2374 1276 dici
2404 1236 2525 1276 non
2555 1218 2786 1293 potest:

452 1305 513 1359 et
555 1307 697 1360 tunc
741 1305 982 1362 strenue
1028 1321 1266 1376 operam
1311 1301 1464 1376 dedi,
1512 1305 1579 1360 ut
1623 1305 1783 1361 recte
1829 1304 2142 1363 emendare
2186 1303 2491 1376 discerem,
2540 1305 2602 1360 et
2628 1319 2787 1360 nunc

453 1385 735 1461 studeb0,
781 1385 878 1461 ut,
925 1388 975 1445 si
1019 1387 1162 1461 quid
1207 1386 1463 1445 fortasse
1494 1386 1770 1446 didicisse
1800 1388 1942 1446 olim
1976 1389 2137 1447 visus
2173 1388 2407 1463 fuerim,
2454 1387 2516 1445 id
2546 1406 2621 1445 ne
2650 1387 2786 1445 aliis

453 1470 818 1545 diversisque
862 1472 1190 1530 interiectis
1235 1472 1496 1547 negotiis
1542 1472 1895 1531 dedidicisse
1940 1492 2247 1549 coarguar.

625 1550 686 1614 l.
732 1555 981 1614 Initium
1025 1556 1175 1615 facio
1205 1575 1242 1614 a
1270 1557 1586 1615 notissimo
1620 1556 1723 1614 illo
1754 1556 2193 1634 Cypriorum
2224 1558 2578 1633 fragmentO,
2623 1555 2785 1632 quod

451 1642 716 1699 servavit
762 1639 955 1698 Schol.
1003 1641 1153 1699 Ven.
1203 1640 1255 1698 A
1301 1640 1377 1700 ad
1421 1640 1600 1700 Hom.
1637 1642 1695 1696 A
1727 1643 1764 1699 5
1811 1638 2035 1746 [Epiec.
2078 1641 2210 1701 Grr.
2257 1643 2363 1700 frr.
2397 1642 2515 1717 Ip.
2551 1637 2782 1719 20sq.].

453 1723 634 1783 Cuius
678 1724 908 1799 priores
953 1725 1070 1784 duo
1116 1744 1320 1783 versus
1366 1744 1500 1783 cum
1543 1726 1655 1784 hoc
1700 1727 1907 1786 modo:
1918 1718 2033 1830 ”viv
2075 1723 2169 1784 ὅτε
2213 1724 2396 1803 μυρία
2442 1725 2604 1801 φῦλα
2635 1720 2785 1782 κατὰ

451 1806 649 1884 χθόνα
721 1803 1060 1907 πλαζόμενοι
1125 1805 1562 1887 βαρυστέρνου
1594 1807 1813 1881 πλάτος
1872 1808 2013 1888 αἴης
2085 1812 2348 1870 mutilati
2423 1811 2785 1888 legerentur,

452 1893 702 1952 multam
748 1894 811 1952 in
855 1895 929 1952 iis
974 1893 1320 1970 supplendis
1364 1914 1602 1970 operam
1635 1900 1964 1970 posuerunt
1991 1897 2104 1955 viri
2136 1896 2330 1955 docti.
2380 1896 2456 1954 cf.
2491 1894 2784 1953 Welcker.

451 1980 512 2035 in
569 1977 757 2052 libro,
817 1997 991 2053 quem
1052 1979 1124 2036 de
1172 1977 1357 2055 Cyclo
1403 1981 1566 2055 epico
1614 1981 1880 2056 scripsit,
1940 1981 1999 2038 II
2043 2002 2103 2057 p.
2151 1982 2304 2055 509,
2367 1999 2543 2055 quem
2586 1984 2788 2038 tamen

452 2062 1113 2139 Baumgarten·Crusii
1162 2064 1472 2122 conamina
1518 2065 1807 2139 fugerunt
1852 2065 2009 2124 facta
2050 2068 2113 2124 in
2158 2065 2406 2124 Iahnii
2450 2064 2674 2124 annall.
2706 2063 2785 2138 II,

453 2147 510 2221 2,
547 2152 574 2204 1
612 2168 673 2223 p.
719 2150 813 2206 13.
894 2145 1145 2226 [Locum
1204 2149 1492 2223 inspicere
1545 2167 1669 2207 non
1734 2146 1952 2229 licuit]
2026 2150 2208 2209 Varia
2263 2168 2395 2208 cum
2451 2150 2788 2224 excogitata

450 2232 589 2308 sint,
636 2252 891 2308 quorum
938 2233 1093 2290 bona
1136 2252 1274 2307 pars
1318 2251 1393 2290 ne
1427 2233 1568 2291 ferri
1612 2233 1851 2308 quidem
1880 2239 2095 2309 potest,
2143 2235 2363 2293 mirum
2393 2234 2662 2308 profecto
2693 2236 2785 2292 est

450 2317 717 2376 nondum
759 2320 1064 2393 receptum
1104 2335 1231 2375 esse
1281 2318 1340 2376 in
1380 2317 1570 2376 altero
1613 2337 1821 2377 versu:
1881 2314 2202 2398 ἐβάρυνε
2253 2313 2786 2396 βαθυστέρνου

451 2398 667 2472 πλάτος
698 2399 864 2477 αἴης,
910 2402 1260 2476 praesertim
1293 2405 1613 2477 postquam
1645 2406 1706 2461 et
1735 2403 1987 2462 Wolfius
2043 2423 2152 2479 pro
2209 2398 2619 2481 βαρυστὲρνου
2665 2403 2783 2460 fru-

451 2488 577 2544 stra
622 2487 863 2546 defenso
908 2505 1100 2561 nuper
1142 2505 1176 2543 a
1200 2485 1511 2545 Welckero
1557 2488 1824 2563 reposuit
1862 2484 2311 2564 βαθυστέρνου,
2372 2490 2432 2545 et
2473 2487 2786 2546 Boissona-

452 2572 614 2646 dius,
674 2591 1030 2647 quamquam
1089 2571 1335 2645 vitiose,
1392 2566 1618 2647 ἄχθει
1663 2566 1845 2651 εὐρὺ
1890 2571 2170 2649 βάρυνε
2216 2575 2559 2633 coniecerat.
2630 2572 2790 2631 Huic

453 2657 613 2714 enim
660 2657 872 2731 verbo,
932 2676 1050 2731 quo
1082 2658 1398 2715 commixto
1430 2674 1564 2714 cum
1597 2661 1878 2732 sequente
1908 2659 2198 2718 adiectivo
2229 2658 2458 2716 iactura
2486 2658 2644 2716 facta
2672 2660 2783 2730 est,

451 2740 645 2799 locum
677 2741 859 2800 fuisse
887 2742 1171 2800 evincunt
1201 2741 1534 2815 sequentia:

757 2815 904 2893 Ζευς
951 2821 1013 2882 δὲ
1058 2819 1204 2883 ἰδὼν
1246 2820 1533 2900 ἐλέησε,
1581 2822 1685 2883 και
1729 2820 1794 2885 ἐν
1835 2833 2121 2898 πυκιναῖς
2165 2824 2522 2903 πραπίδεσσι

756 2901 1014 2969 συνθετο
1057 2906 1428 2982 κουφίσαι
1471 2904 1822 2988 ἀνθρώπων
1847 2910 2226 3016 παμβῶτορα
2270 2915 2481 2989 γαῖαν,

676 3002 707 3049 5
754 2990 1028 3069 ριπίσσας
1072 2990 1327 3070 πολέμου
1370 2991 1637 3071 μεγάλην
1680 2991 1809 3072 ἕριν
1847 2991 2160 3098 ’Itltaxqi'o,

753 3075 912 3156 ὄφρα
957 3073 1273 3138 κενώσειεν
1315 3072 1561 3159 θανάτῳ
1601 3077 1862 3179 βάρος·
1908 3081 1968 3139 οἳ
2011 3076 2072 3140 δ’
2123 3078 2209 3140 ἐνὶ
2260 3078 2441 3161 Τροίῃ

754 3159 944 3240 ἥρωες
986 3164 1317 3222 κτείνοντο·
1369 3137 1537 3232 Διὸς
1556 3157 1616 3220 δ’
1665 3159 1935 3226 ἐτελείετο
1978 3160 2183 3243 βουλή.

453 3263 665 3323 Cetera
710 3268 780 3323 ut
821 3266 1114 3324 incertum
1160 3268 1252 3324 est
1295 3266 1589 3339 quomodo
1636 3269 1942 3342 scripserit
1984 3271 2191 3344 poeta,
2252 3270 2337 3326 ita
2381 3268 2445 3324 in
2488 3266 2595 3325 illo
2639 3267 2783 3323 πλα-

452 3346 686 3425 ζόμενοι,
734 3350 892 3425 quod
922 3351 977 3408 ei
1007 3349 1299 3424 peculiare
1329 3350 1501 3407 abest
1529 3350 1604 3408 ab
1636 3352 1971 3412 imitatione
2001 3353 2323 3429 Euripides.
2348 3351 2505 3410 Hel.
2531 3351 2786 3410 38—40

971 3443 1228 3526 πόλεμον
1269 3470 1380 3525 γαρ
1426 3448 1770 3530 εἰσήνεγκεν
1802 3445 2105 3550 Ἑλλήνων
2146 3452 2325 3530 χθονὶ

969 3532 1070 3593 καὶ
1111 3531 1302 3611 Φρυξὶ
1346 3533 1769 3613 δυστήνοισιν,
1818 3529 1895 3608 ὥς
1938 3535 2119 3615 ὄχλου
2162 3538 2396 3616 βροτῶν

964 3617 1240 3696 πλήθους
1285 3637 1343 3676 τε
1387 3620 1695 3694 κουφίσειε
1738 3620 1956 3700 μητέρα
1999 3621 2231 3699 χθόνα,

451 3706 511 3761 et
532 3702 643 3765 Or
681 3705 831 3762 1641
851 3723 940 3779 sq.
966 3736 1048 3745 —
1137 3736 1216 3744 —
1305 3695 1384 3774 ὥς
1428 3697 1788 3766 άπαντλοῖεν
1830 3704 2049 3785 χθονὸς

965 3783 1232 3862 υβρισμα
1275 3787 1522 3863 θνητῶν
1565 3784 1854 3864 ἀφθόνου
1897 3788 2312 3869 πληρώματος,

449 3888 735 3948 indicium
792 3890 982 3949 inesse
1024 3889 1265 3948 videtur
1309 3889 1381 3947 de
1425 3891 1763 3953 hominibus
1808 3898 2040 3954 totam
2087 3914 2194 3970 per
2237 3897 2455 3951 terram
2500 3892 2785 3967 dispersis

451 3991 784 4031 sermonem
818 3974 1020 4032 fuisse
1066 3973 1278 4049 Itaque
1309 3993 1345 4032 a
1373 3976 1632 4050 poetae
1617 3980 1856 4054 ingenio
1888 3998 2072 4055 prope
2103 3980 2309 4038 abesse
2338 3980 2486 4054 puto
2516 3977 2785 4035 huiusce-

450 4057 608 4115 modi
655 4058 1166 4133 supplementum:

751 4148 832 4234 ἦν
872 4155 969 4217 ὅτε
1010 4158 1194 4236 μυρία
1239 4158 1400 4235 φῦλα
1446 4150 1596 4218 κατά
1641 4158 1837 4237 χθόνα
1887 4162 2305 4258 [πάντοθεν
2348 4157 2695 4242 ἀνδρῶν]

753 4241 1132 4321 πλαζομένων
1176 4240 1425 4324 ἐβάρυνε
1469 4244 1892 4325 βαθυστέρνου
1937 4241 2151 4320 πλάτος
2196 4247 2352 4323 αἴης.

456 4343 590 4401 Nisi
632 4344 766 4419 quis
810 4365 1036 4405 memor
1078 4348 1352 4423 fragmm.
1399 4347 1646 4409 Hesiod.
1686 4352 1826 4409 149.
1864 4353 2004 4408 181.
2039 4352 2130 4412 ed.
2162 4351 2488 4411 Mat-‚cksch
2536 4347 2645 4431 [==
2677 4353 2779 4410 80.

455 4428 551 4486 13.
604 4427 828 4488 Goettl.
878 4432 970 4489 ed.
1015 4425 1146 4514 alt.]
1194 4433 1372 4507 paulo
1417 4433 1696 4494 audacius
1741 4437 2025 4512 refingat.
