3132 5129
1409 382 1864 446 —432—

638 538 824 602 I‘b'id.
863 544 941 601 25
988 543 1170 601 verba
1213 536 1313 597 καὶ
1365 542 1477 598 νῦν
1523 538 1683 600 ἐστίν
1727 542 1921 600 omitti
1965 540 2029 599 in
2073 540 2403 616 evangeliis
2435 539 2802 599 Vercellensi

472 632 532 686 et
574 628 903 688 Veronensi
949 627 1261 686 adnotavit
1307 626 1748 702 ButtmannuS,
1793 644 1900 685 nee
1946 644 2082 684 sane
2129 624 2242 699 hic,
2292 625 2394 684 ubi
2441 624 2514 683 de
2558 625 2814 683 mortuis

472 713 658 771 divini
716 712 825 771 filii
871 730 1012 771 voce
1056 711 1383 771 excitandis
1428 731 1619 770 sermo
1664 717 1783 786 est,
1844 711 2133 785 quadrare
2179 710 2476 769 videntur.
2565 709 2818 768 Nonnus

476 798 717 872 quidem
774 816 881 857 nec
941 817 1009 855 ca
1063 797 1273 856 habuit
1328 815 1436 855 nec
1489 815 1642 871 quae
1699 797 1852 854 male
1921 796 2188 854 membra
2252 796 2549 892 artissime
2616 795 2819 852 iuncta

472 914 556 923 —
609 873 757 939 ἀλλά
809 876 1212 986 μεταβέβηκεν
1266 877 1330 938 ἐκ
1389 887 1496 939 τοῦ
1552 879 1827 940 θανάτου
1884 879 1968 949 εἰς
2024 876 2134 955 τὴν
2190 873 2374 955 ζωήν,
2443 871 2530 937 ότι
2592 874 2819 954 ἔρχεται

406 974 407 977 ’
473 962 620 1044 ω’ρα,
666 962 758 1024 ὅτε
804 964 868 1023 οῖ
904 962 1103 1043 νεκροὶ
1152 1001 1222 1008 -
1275 970 1552 1042 separant
1597 957 1756 1044 ἀμήν
1802 969 1913 1025 eto.
1965 966 2181 1040 quippe
2227 966 2331 1040 qui
2379 985 2433 1024 v.
2469 966 2546 1023 92
2571 983 2700 1040 sqq.
2732 965 2818 1022 ita

476 1053 807 1127 scripserit:

730 1167 813 1240 εἰς
876 1167 1074 1247 κρίσιν
1118 1165 1539 1247 ἐσσυμένην
1584 1171 1685 1273 (ιη,
1698 1171 1853 1228 male
1897 1163 2246 1269 ἐρχομένηνς
2307 1162 2662 1246 cf.v.116)
2707 1186 2818 1223 ουκ

1663 1251 1906 1330 ἔρχεται,
1951 1245 2081 1311 ἀλλ’
2130 1246 2227 1311 ἐπ’
2276 1247 2514 1329 ἐκείνην

735 1335 891 1415 ζωὴν
934 1330 1289 1416 ἀμβροσίην,
1337 1331 1446 1416 τὴν
1492 1331 1562 1396 οὐ
1609 1339 1815 1417 χρόνος
1862 1331 2027 1397 οἶδεν
2074 1333 2324 1405 ὀλέσσαι

735 1422 923 1496 ἵξεται
966 1420 1030 1482 ἐκ
1076 1421 1367 1481 θανάτοιο
1408 1418 1795 1522 μετάτροπος·
1842 1412 2135 1498 ἀπροϊδὴς
2178 1419 2292 1501 γὰρ

728 1514 877 1582 μαῖα
922 1503 1328 1610 παλιγγενέων
1369 1503 1648 1584 μερόπων
1692 1503 2037 1579 νεκυοσσόος
2084 1529 2211 1585 ωρη

732 1593 914 1664 ἵξεται
955 1586 1360 1668 ὀψιτέλεστος,
1403 1586 1695 1664 ἀναυδέες
1739 1587 1962 1652 ὁππότε
2011 1588 2206 1671 νεκροὶ

731 1670 901 1749 αὖτις
945 1670 1389 1754 ἀναζήσουσιν
1432 1673 1604 1759 (sic!)
1649 1671 1993 1754 ἀνοστήτων
2034 1672 2153 1736 ἀπὸ
2200 1672 2462 1735 κόλπων.

535 1860 539 1869 ⁴
649 1813 751 1890 VI,
804 1817 833 1873 1
890 1821 994 1890 τῆς
1042 1811 1356 1884 Γαλιλαίας
1413 1817 1650 1890 praeter
1691 1816 1976 1874 Nonnum
2031 1816 2211 1873 etiam
2255 1814 2535 1873 Irenaeus
2597 1814 2819 1888 aliique

482 1900 786 1958 omittunt.

650 1983 827 2042 Ibid.
880 1986 948 2041 11
1002 1987 1240 2058 recepta
1284 1984 1459 2043 lectio
1505 1988 1661 2044 erat:
1720 1980 2003 2043 διέδωκεν
2047 1980 2210 2063 (τοῖς
2256 1987 2589 2060 μαθηταῖς,
2648 1981 2710 2041 οἷ
2750 1978 2813 2040 δὲ

480 2066 786 2148 μαθηταὶ)
834 2072 955 2137 τοῖς
997 2062 1424 2144 ἀνακειμένοις.
1516 2069 1634 2128 Sed
1693 2070 1874 2130 verba
1927 2071 2159 2128 uncinis
2218 2069 2606 2142 circumdata,
2667 2087 2817 2142 quae

481 2172 585 2211 cur
629 2155 857 2212 intrusa
900 2155 1123 2214 fuerint
1163 2159 1435 2229 apertum
1481 2158 1601 2231 est,
1659 2174 1783 2214 non
1839 2155 2031 2213 solum
2076 2154 2324 2214 Nonnus
2367 2153 2673 2230 ignoravit
2717 2151 2821 2210 sed

481 2240 658 2297 etiam
701 2239 857 2298 LTB
902 2260 971 2297 ex
1016 2239 1377 2316 optimorum
1425 2201 1670 2298 testiiim
1715 2241 2066 2299 auctoritate
2111 2240 2481 2301 deleverunt.

648 2318 833 2382 Ibid.
885 2327 979 2398 15,
1037 2324 1142 2383 ubi
1196 2325 1379 2401 vulgo
1438 2325 1613 2384 hodie
1656 2325 1880 2401 legitur
1922 2316 2299 2416 ἀνεχώρησεν
2342 2315 2517 2381 πάλι
2555 2345 2592 2380 ν
2634 2321 2717 2390 εἰς
2761 2310 2827 2379 τὸ

481 2403 620 2481 ὅρος
674 2401 893 2478 αὐτὸς
946 2402 1195 2485 μόνος,
1256 2409 1505 2469 Nonnus
1559 2410 1824 2486 profecto
1870 2429 1977 2468 nec
2021 2396 2202 2467 πάλιν
2245 2428 2353 2468 nec
2396 2401 2578 2475 αὐτὸς
2637 2397 2820 2482 μόνος

480 2494 716 2569 habuit,
764 2497 826 2551 et
866 2487 1044 2552 πάλιν
1087 2494 1328 2571 quidem
1372 2513 1507 2553 cum
1552 2493 1810 2570 Origene
1855 2499 2038 2554 testes
2085 2494 2232 2554 bene
2280 2494 2452 2553 multi
2499 2492 2819 2568 omittunt,

390 2585 395 2589 ’
481 2571 658 2649 αυτός
715 2583 872 2638 certe
929 2580 1093 2639 deest
1146 2581 1208 2639 in
1262 2580 1572 2656 evangelio
1617 2579 1966 2639 Veronensi.
2055 2580 2388 2656 Utrumque
2443 2583 2632 2653 recte,
2708 2578 2825 2636 nisi

482 2665 688 2723 fallor:
736 2663 901 2723 Iesus
947 2664 1122 2739 enim,
1169 2666 1272 2740 qui
1316 2666 1434 2722 iam
1478 2665 1539 2723 in
1587 2670 1787 2723 monte
1822 2665 2182 2739 versabatur,
2230 2666 2293 2722 in
2325 2665 2587 2723 eiusdem
2623 2663 2823 2722 locum

486 2749 661 2823 paulo
718 2749 1030 2807 editiorem
1085 2749 1331 2823 secedit,
1388 2768 1506 2824 quo
1564 2749 1884 2825 discipulos
1941 2769 2077 2807 eum
2132 2768 2254 2808 non
2310 2752 2624 2808 comitatos
2689 2766 2823 2806 esse

486 2838 609 2891 tam
639 2838 840 2907 aperte
871 2853 941 2891 ex
973 2835 1354 2908 sequentibus
1383 2834 1609 2909 prodit,
1656 2839 1726 2892 ut
1771 2835 2004 2892 solum
2051 2854 2187 2893 eum
2219 2834 2402 2892 fuisse
2431 2852 2552 2892 non
2582 2851 2823 2892 necesse

488 2920 642 2974 esset
670 2916 829 2975 addi.
904 2917 1303 2978 Glossatorem
1345 2918 1439 2976 hio
1484 2923 1781 2978 versatum
1828 2938 1956 2979 esse
1992 2919 2465 2978 additamentum
2509 2918 2687 2977 docet
2731 2936 2825 2976 co·

460 2999 633 3061 'dicis
676 3001 730 3058 D
776 2993 957 3060 κάκεῖ
992 2994 1375 3078 προσηύχετο.

657 3086 840 3145 Ibid.
889 3089 968 3146 39
1016 3087 1297 3145 Nonnum
1354 3107 1475 3145 non
1519 3088 1841 3162 invenisse,
1900 3088 2057 3163 quod
2103 3088 2278 3147 hodie
2323 3089 2545 3163 ubique
2595 3087 2820 3161 legitur

488 3191 591 3227 ινα
635 3176 764 3228 πᾶν
806 3165 842 3228 ὃ
882 3166 1140 3229 δέδωκέν
1181 3191 1278 3247 μοι
1322 3168 1403 3247 μὴ
1446 3167 1718 3229 ἀπολέσω
1765 3169 1834 3244 ἕξ
1877 3167 2134 3244 αὐτοῦ,
2181 3173 2283 3231 sed
2327 3193 2463 3233 cum
2495 3173 2623 3232 cod.
2659 3172 2712 3229 D
2743 3204 2819 3212 ——

487 3242 568 3331 μὴ
611 3249 878 3313 ἀπολέσω
922 3252 1149 3331 μηδὲν
1192 3261 1465 3316 accurata
1497 3257 1669 3316 docet
1701 3259 2113 3333 interpretatio
2147 3253 2306 3334 ὄφρα
2352 3278 2478 3331 κεν,
2525 3247 2614 3314 ὦν
2659 3250 2819 3333 γενέ-

491 3359 594 3414 της
641 3336 775 3417 ἐμὸς
821 3356 1041 3413 ωπασε,
1087 3337 1275 3417 μηδὲν
1318 3341 1461 3419 (sici
1510 3362 1564 3403 v.
1599 3343 1750 3402 male
1792 3336 2033 3422 μηδέν’)
2082 3337 2321 3403 ὀλέσσω.

659 3426 842 3484 Ibid.
893 3428 970 3486 64
1028 3421 1087 3498 ἐξ
1144 3420 1319 3503 ὖμων
1374 3426 1434 3484 in
1490 3426 1691 3485 Nonni
1747 3428 1897 3487 libro
1950 3447 2069 3487 non
2128 3429 2309 3487 fuisse
2373 3427 2573 3498 arguit
2639 3427 2825 3485 etiam

491 3511 657 3569 varia.
701 3510 884 3585 sedes,
931 3531 1108 3586 quam
1154 3511 1293 3569 haec
1340 3511 1564 3570 verba
1550 3532 1612 3569 ιιι
1645 3512 1999 3586 quibusdam
2031 3512 2328 3595 codicibus
2360 3516 2596 3571 tenent.
2656 3510 2825 3569 Idem

492 3596 564 3654 de
610 3591 745 3665 τοὺς
793 3590 1020 3654 δωδεκα
1069 3598 1150 3654 70
1197 3596 1529 3671 dicendum,
1581 3597 1739 3670 quod
1788 3598 1968 3655 etiam
2016 3599 2073 3655 in
2121 3618 2237 3657 uno
2285 3598 2485 3657 codice
2531 3596 2713 3657 deest.

393 3702 454 3750 13
666 3681 928 3756 V11,32
975 3676 1075 3738 καὶ
1117 3679 1179 3738 οἵ
1220 3681 1538 3756 Φαρισαῖοι
1586 3683 1648 3739 et
1692 3683 1772 3738 45
1818 3677 1919 3738 καὶ
1964 3680 2326 3757 Φαρισαίους
2384 3701 2505 3740 ιιοιι
2548 3680 2829 3738 habuisse

496 3766 774 3824 Nonnum
822 3766 1000 3824 etiam
1046 3765 1334 3825 librorum
1378 3766 1443 3823 in
1484 3767 1685 3840 priore
1727 3766 1860 3824 loeo
1906 3766 2297 3843 discrepantia
2342 3769 2652 3826 monstrat.

660 3850 826 3925 VIII,
874 3851 953 3907 52
1000 3848 1082 3920 εἰς
1128 3843 1229 3907 τὸν
1271 3848 1499 3924 αἰῶνα,
1545 3850 1760 3925 quibus
1806 3855 1944 3927 post
1987 3844 2058 3908 οὐ
2101 3848 2181 3927 μὴ
2225 3844 2506 3926 γεύσηται
2550 3843 2829 3906 θανάτου

493 3936 797 3995 commode
842 3954 1039 3994 carere
1089 3954 1419 4011 possumne,
1467 3955 1600 3994 cum
1631 3935 1849 3994 Nonno
1895 3937 2074 3994 etiam
2119 3935 2245 3994 cod.
2279 3936 2331 3994 D
2378 3936 2600 4010 aliique
2648 3938 2831 3994 testes

497 4022 799 4080 omittunt.

665 4107 734 4181 X,
784 4107 862 4164 26
908 4099 1117 4175 καθως
1165 4097 1335 4163 εἷπον
1376 4098 1523 4201 ὑμῖν
1568 4106 1749 4165 etiam
1796 4104 2083 4164 damnant
2124 4106 2246 4164 LB.

664 4191 848 4249 Ibid.
898 4193 972 4248 31
1027 4194 1088 4248 et
1132 4190 1234 4263 XI,
1283 4192 1362 4248 38
1408 4181 1589 4247 πάλιν
1632 4192 1697 4249 in
1739 4191 1872 4250 aliis
1917 4191 2096 4248 etiam
2142 4190 2312 4249 libris
2358 4190 2541 4249 deest.

662 4274 825 4348 XIII,
875 4275 952 4331 24
1000 4270 1125 4332 εἰπέ
1168 4294 1300 4335 οιιιιι
1346 4277 1558 4333 Νοιιιιο
1606 4277 1784 4335 etiam
1831 4275 2121 4350 Origenes
2168 4274 2385 4334 omisit.

663 4358 820 4433 XIV,
874 4360 945 4415 14
1014 4352 1122 4418 ἕαν
1187 4381 1240 4417 τι
1305 4355 1578 4435 αἰτήσητε
1636 4356 1700 4417 ἐν
1758 4360 1836 4442 τῷ
1890 4352 2140 4433 ὀνόματί
2190 4379 2337 4435 μου,
2405 4354 2517 4435 ἐγώ
2576 4355 2823 4433 ποιήσω.

493 4444 744 4501 Versum
792 4448 1034 4518 excepta
1077 4446 1370 4521 particula
1413 4440 1536 4514 ἐάν,
1585 4464 1693 4518 pro
1738 4466 1857 4520 qua
1900 4439 1992 4502 ὅτι
2036 4466 2114 4501 αν
2158 4446 2430 4520 legimus,
2480 4462 2545 4500 ex
2595 4447 2824 4501 antece-
