3132 5129
1339 405 1805 471 -318-

404 565 721 640 legeretur.
798 564 1091 639 Displicet
1134 565 1333 621 tamen
1379 564 1441 621 in
1488 581 1556 620 ea
1602 563 1896 638 scriptura
1940 563 2298 622 adiectivum
2345 562 2572 637 θοῦρος
2603 582 2736 623 cum

400 645 517 724 ἄτη
563 650 973 723 coniunctum,
1022 666 1132 722 pro
1181 666 1297 723 quo
1342 648 1543 722 potius
1587 649 1806 724 θοῦρις
1852 650 2173 722 exspectes,
2251 648 2421 719 Quod
2453 649 2514 707 in
2546 650 2740 724 priore

399 734 736 793 Schneideri
780 733 1043 792 editione
1087 751 1161 791 ex
1205 732 1496 791 Brunckii
1521 800 1528 804 ,
1553 733 1851 792 sententia
1905 732 2131 791 editum
2189 737 2311 791 est:
2370 728 2473 789 καὶ
2518 736 2741 809 θοῦρος

386 816 608 894 Ἄρης,
652 816 1084 895 φθισίμβροτος
1126 811 1276 892 ἄτη,
1322 817 1382 875 id
1428 820 1673 893 propter
1716 817 1962 892 copulae
2009 818 2305 876 defectum
2336 817 2480 876 ferri
2512 819 2738 893 nequit.

399 903 538 962 Alio
585 904 762 962 etiam
807 903 1019 961 ducere
1065 902 1328 976 videtur,
1392 902 1549 977 quod
1608 902 1670 960 in
1726 902 2027 977 plerisque
2081 902 2250 961 libris
2305 902 2528 978 legitur
2570 895 2732 977 ἄτης.

397 988 555 1047 Hinc
582 989 784 1063 potius
814 987 963 1046 illud
1006 988 1291 1063 θοῦρος
1335 990 1684 1061 corruptum
1706 988 2042 1062 putaverim
2061 1033 2075 1062 ,
2123 986 2185 1044 in
2214 1005 2331 1061 quo
2363 987 2548 1046 latere
2578 988 2738 1046 vide-

397 1077 500 1131 tur
527 1072 916 1148 vocabulum,
963 1072 1118 1131 unde
1167 1074 1339 1147 aptus
1391 1073 1471 1130 sit
1512 1073 1827 1149 genetivus
1869 1068 2037 1144 ἄτης.
2104 1070 2302 1130 Facile
2335 1075 2535 1131 autem
2566 1074 2737 1131 resti-

397 1160 558 1217 tuas:
607 1153 710 1214 καὶ
757 1152 1060 1233 ἑταῖρος
1090 1153 1274 1232 ’Ἀρης
1319 1154 1696 1234 φθισήνορος
1740 1148 1900 1233 ἄτης.
1959 1156 2098 1215 Vid.
2146 1156 2250 1231 IV,
2299 1157 2420 1215 213
2468 1158 2540 1216 de
2585 1156 2738 1217 zelo:

397 1234 616 1318 λύσσης
660 1232 774 1319 γὰρ
817 1236 1097 1311 α’ναιδέος
1145 1237 1308 1298 ἐστὶν
1352 1237 1602 1319 ἑταῖρος.

691 1421 866 1505 Ὑμῖν
908 1421 969 1486 δ’
1021 1419 1384 1508 Αἰνεάδῃσιν
1429 1422 1714 1506 ἕπέτραπε
1755 1429 1935 1505 γαῖαν
1979 1417 2306 1502 ἆνάψας.

397 1546 764 1623 Quamquam
807 1548 1189 1623 participium
1238 1535 1532 1617 ἆνάψας
1577 1546 2020 1622 quodammodo
2044 1520 2329 1622 explicari
2359 1564 2530 1621 posse
2561 1546 2736 1605 alicui

329 1626 334 1631 ’
400 1633 704 1708 videatur,
774 1638 842 1692 ut
887 1635 1047 1691 terra
1089 1631 1474 1708 intellegatur
1536 1632 1704 1707 quasi
1762 1652 1831 1691 ex
1893 1631 2354 1707 imperatoribus
2418 1649 2699 1704 suspensa
2713 1651 2734 1689 .·

290 2796 354 2844 27

398 1717 574 1777 nimis
629 1720 831 1777 tamen
890 1718 1164 1776 contorta
1219 1721 1311 1775 est
1365 1735 1434 1775 ea
1489 1716 1922 1793 interpretatio,
2009 1716 2216 1792 Neque
2270 1716 2420 1776 alius
2465 1715 2736 1775 lectionis

397 1802 615 1861 desunt
669 1803 942 1879 vestigia.
1042 1801 1197 1860 Nam
1251 1801 1312 1860 in
1373 1800 1659 1878 Sylburg.
1718 1801 1940 1878 legitur
1993 1806 2177 1878 γαῖαν
2234 1798 2507 1876 ἅπασαν,
2574 1801 2735 1876 quod

396 1885 600 1945 haberi
646 1891 851 1962 posset
894 1904 1003 1962 pro
1049 1904 1213 1944 mero
1257 1902 1488 1960 errore,
1536 1886 1657 1944 nisi
1700 1886 2014 1946 scholiasta
2058 1886 2119 1945 in
2165 1885 2353 1946 Palat.
2407 1890 2438 1944 1
2485 1887 2732 1946 verbum

393 1963 637 2043 ἀνάψας
666 1992 773 2047 per
804 1964 976 2041 δούς
1006 1971 1348 2046 explicaret.
1421 1969 1583 2030 Haec
1614 1971 1729 2030 duo
1759 1972 2126 2046 comparanti
2157 1971 2314 2030 haud
2345 1970 2737 2046 improbabile

395 2058 536 2132 erit,
583 2060 822 2133 poetam
851 2057 1042 2115 multo
1073 2055 1427 2132 simplicius:
1478 2051 1762 2131 ἐπέτραπε
1806 2060 1987 2133 γαῖαν
2030 2047 2360 2126 ὀπάσσας
2406 2055 2732 2131 scripsisse.

564 2141 638 2201 V.
686 2143 827 2206 678.

683 2238 935 2321 Ἴβηρας
975 2241 984 2318 Ι
1023 2237 1365 2320 θωρήσσων
1408 2239 1652 2320 Λιβύης
1697 2263 1756 2301 τε
1803 2238 1995 2302 πολὺν
2037 2240 2285 2321 πόρον.

395 2361 545 2421 Cum
576 2380 770 2422 sermo
819 2363 900 2421 sit
944 2362 1016 2420 de
1049 2363 1286 2436 populis
1316 2361 1572 2438 Libyae,
1618 2361 1682 2420 in
1725 2361 1948 2421 bellum
1980 2366 2185 2422 contra
2213 2362 2510 2421 Romanos
2541 2362 2728 2420 conci-

393 2449 565 2522 tatis,
626 2448 802 2523 plane
859 2465 979 2505 non
1034 2446 1239 2522 video,
1300 2447 1442 2522 quid
1499 2448 1617 2506 sibi
1673 2447 1822 2506 velit
1875 2443 2119 2524 πόρον.
2229 2447 2355 2506 Nec
2423 2447 2728 2505 meliorem

392 2532 638 2608 praebet
694 2532 1082 2608 sententiam,
1145 2529 1303 2608 quod
1361 2531 1587 2608 legitur
1639 2532 1703 2591 in
1757 2532 1944 2593 Paris.
1989 2553 2045 2592 a.
2102 2528 2312 2592 πόνον.
2415 2532 2727 2609 Oppianus

392 2611 614 2694 χορόν
657 2619 892 2677 dedisse
937 2617 1202 2693 videtur,
1249 2622 1319 2676 ut
1362 2637 1418 2677 v.
1446 2619 1566 2676 687
1614 2618 1713 2676 Dii
1761 2615 1955 2695 Ζηνὸς
2001 2615 2179 2696 χορὸς
2224 2619 2370 2678 dicti
2414 2621 2579 2677 sunt.

1361 2787 1582 2862 Liber
1635 2787 1763 2861 ΠΙ.

563 2892 637 2953 V.
688 2896 786 2953 17.

700 2990 896 3069 Ζηνὸς
939 2990 1048 3070 μὲν
1092 2992 1359 3072 ῥυτῆρα,
1409 2987 1762 3070 Τυφαόνιον
1804 2989 1863 3054 δ’
1895 2956 2180 3074 λόλετῆρα.

393 3113 732 3172 Insolenter
775 3114 1000 3172 dictum
1045 3117 1137 3173 est
1186 3109 1530 3189 Τυφαόνιον
1574 3109 1841 3191 ὀλετῆρα.
1917 3115 2306 3191 Genetivum,
2351 3135 2526 3192 quem
2558 3116 2725 3176 scho-

393 3198 497 3272 lia,
554 3197 620 3256 in
676 3199 893 3274 quibus
954 3200 1247 3270 Τυφῶνος
1302 3201 1552 3276 legitur,
1624 3202 1910 3276 innuunt,
1986 3202 2175 3276 magis
2242 3201 2419 3260 etiam
2480 3206 2727 3277 propter

393 3284 735 3357 oppositum
803 3284 1117 3343 desideres.
1230 3285 1300 3343 In
1368 3286 1552 3360 Mosq.
1622 3285 1847 3362 legitur
1910 3290 2217 3362 corrupte:
2294 3283 2723 3360 Τυφαόνοιο.

287 3400 294 3408 -
391 3367 630 3442 Mirum,
676 3369 738 3426 ni
787 3366 1095 3445 Oppianus
1139 3369 1473 3444 scripserit:
1527 3362 1918 3444 Τυφάωνος
1961 3365 2022 3428 δ’
2068 3365 2332 3447 ὀλετῆρα.

563 3452 636 3512 V.
673 3454 751 3510 24
779 3471 806 3512 s
853 3497 867 3511 .

573 3521 578 3526 Ι
695 3473 946 3600 —q—
1033 3588 1116 3597 -—
1202 3551 1424 3628 ξανθαὶ
1471 3551 1536 3614 δὲ
1582 3551 1725 3634 παρ’
1772 3551 2080 3634 ἠιόνεσσιν
2128 3551 2219 3615 ἔτ’
2267 3552 2502 3633 ὄχθαι

695 3632 909 3722 λύθρῳ
954 3633 1305 3718 ἕρευθιόωσι
1355 3641 1719 3730 Τυφαονίων
1762 3635 2089 3717 ἀλαλητῶν.

388 3759 505 3817 Pro
551 3757 746 3818 verbis
792 3752 877 3816 ἔτ’
923 3752 1107 3835 ὄχθαι
1152 3759 1214 3819 in
1260 3761 1470 3819 Palat.‘
1499 3762 1565 3834 2,
1628 3759 1813 3823 Paria.
1864 3764 1930 3838 1,
1992 3761 2252 3820 Turneb.
2311 3764 2371 3819 et
2425 3762 2486 3819 in
2532 3781 2720 3839 marg.

390 3843 673 3919 Sylburg.
719 3843 968 3921 legitur:
1016 3840 1344 3921 ἔθειραι,
1390 3845 1545 3920 quod
1592 3865 1948 3922 quamquam
1993 3867 2027 3904 a
2071 3847 2390 3906 scholiasta
2435 3846 2714 3923 Sylburg.

389 3928 462 3986 de
507 3928 770 3988 crinibus
816 3929 1121 4005 Typhonis
1165 3931 1521 4006 explicatur,
1582 3931 1723 3989 ferri
1775 3935 1975 3990 tamen
2021 3931 2187 3990 nulla
2229 3931 2458 3990 ratione
2501 3934 2719 4008 potest.

389 4012 528 4088 Sed,
574 4013 693 4072 nisi
737 4012 930 4089 fallor,
977 4016 1127 4074 latet
1154 4015 1219 4075 in
1249 4012 1478 4093 ἔθειραι
1522 4016 1637 4073 alia
1680 4015 1889 4077 lectio:
1937 4010 2027 4074 ἔτ’
2077 4012 2339 4093 ἄκραι,
2384 4036 2532 4092 quae
2564 4017 2720 4076 haud

387 4097 507 4156 scio
553 4117 631 4157 an
674 4098 754 4156 sit
791 4099 1197 4175 praeferenda.

558 4181 633 4244 V.
668 4184 745 4241 27
769 4202 857 4259 sq.

695 4301 770 4309 —
860 4300 942 4313 —
1036 4303 1106 4312 —
1200 4302 1281 4312 —
1367 4268 1446 4351 τῷ
1490 4268 1597 4328 καί
1636 4286 1698 4329 σε
1742 4266 1862 4329 σὺν
1904 4264 2233 4351 ἇγροίοισιν
2273 4265 2464 4343 ἅύσας

692 4349 969 4428 δαίμοσιν
1013 4348 1301 4432 εὐθήροιο
1343 4345 1486 4429 μετὰ
1528 4351 1696 4425 κλέος
1740 4352 1979 4434 ἔρχομαι
2020 4354 2214 4434 οἴμης.

387 4469 665 4529 Extrema
707 4472 892 4530 verba
935 4473 984 4532 si
1030 4492 1172 4533 sana
1214 4476 1386 4548 sunt,
1434 4475 1520 4532 ita
1563 4474 1829 4551 intellegi
1874 4476 2124 4535 debent:
2172 4476 2427 4552 „accedo
2471 4476 2546 4536 ad
2588 4477 2714 4553 glo-
