3132 5129
1255 383 1714 447 -555-

489 540 567 598 V.
614 541 734 600 857
768 559 860 617 sq.
907 541 972 599 in
1012 539 1185 600 libris
1227 558 1378 615 quae
1423 540 1740 617 leguntur:

723 650 1118 734 ἀνυμέναιος,
1163 652 1445 736 σύγγον’,
1485 648 1790 736 Ἀχιλλέως

724 740 806 813 εἰς
848 740 1083 802 κλισίαν
1127 739 1383 821 λέκτρων
1426 739 1712 801 δολίαν”
1676 737 1776 803 στ’
1823 734 2085 822 ἀγόμαν,

323 867 607 942 quattuor
638 863 927 923 dochmiis
958 864 1229 922 constare
1259 862 1621 923 recentiores
1650 862 2079 924 intellexerunt
2107 884 2330 925 omnes.
2390 865 2652 935 Quorum

323 950 730 1010 dochmiorum
774 948 1037 1023 primum
1082 948 1312 1007 adiecto
1369 970 1416 1008 ω
1466 950 1605 1007 ante
1648 950 1986 1009 vocativum
2028 953 2186 1010 recte
2230 951 2350 1009 iam
2394 950 2658 1010 restituit
2691 960 2750 1007 12

323 1035 653 1110 SeidleruS,
701 1036 1069 1110 postremum
1114 1034 1491 1093 Hermannus
1546 1034 1856 1094 scribendo
1911 1028 2099 1092 δόλι’
2146 1028 2240 1093 ὅτ’
2287 1027 2518 1111 ἀγόμαν
2562 1054 2651 1094 sa-

321 1139 462 1180 nare
519 1122 581 1179 et
636 1119 749 1177 sibi
808 1119 971 1177 visus
1026 1122 1121 1178 est
1177 1121 1238 1177 et
1292 1119 1393 1195 iis,
1461 1121 1561 1194 qui
1622 1138 1756 1177 eum
1812 1119 1998 1179 secuti
2063 1124 2234 1195 sunt,
2304 1120 2652 1179 editoribus.

322 1205 545 1264 Verum
589 1204 750 1264 enim
793 1221 932 1263 vero
979 1207 1041 1262 et
1080 1203 1403 1280 praemissa
1446 1204 1646 1263 fratris
1689 1204 1970 1266 allocutio
2017 1208 2080 1265 et
2126 1225 2223 1281 ea,
2295 1224 2472 1281 quam
2514 1205 2655 1264 libri

321 1290 647 1366 praebent,
695 1289 1130 1349 coniunctionis
1173 1283 1273 1347 ὅτε
1302 1290 1576 1364 positura
1605 1292 1742 1347 ante
1770 1290 2047 1348 ultimum
2079 1290 2371 1367 longioris
2401 1289 2654 1349 membri

320 1375 677 1435 vocabulum
722 1375 942 1433 reiecta
986 1376 1047 1432 et
1089 1374 1285 1450 ipsum
1329 1374 1506 1433 huius
1549 1375 1802 1434 membri
1846 1377 2266 1471 argumentum
2313 1375 2457 1434 satis
2501 1374 2654 1433 clare

323 1461 677 1535 ostendunt,
724 1477 846 1518 non
889 1461 1015 1517 tam
1060 1459 1528 1519 recordationem
1573 1460 1738 1519 illam
1799 1448 1910 1537 έγω
1958 1455 2030 1535 δὴ
2089 1455 2289 1534 μέλεος
2344 1451 2462 1517 οἷδ’
2477 1501 2496 1534 ,
2556 1453 2657 1517 ὅτε

323 1539 637 1622 φάσγανον
674 1540 688 1626 Ι
723 1538 865 1624 δέρᾳ
909 1539 1064 1620 θῆκέ
1104 1564 1203 1621 μοι
1232 1536 1576 1623 μελεόφρων
1614 1542 1809 1621 πατήρ
1840 1545 2188 1620 perturbato
2221 1564 2420 1603 rerum
2452 1544 2658 1603 ordine

324 1630 693 1706 continuari,
751 1649 931 1705 quam
985 1628 1204 1688 iustam
1251 1649 1513 1690 summae
1581 1629 1668 1688 rei
1724 1630 2128 1689 narrationem
2196 1629 2367 1688 fratri
2422 1630 2651 1688 referri.

328 1718 704 1791 Quapropter
733 1714 927 1774 deleto
968 1707 1065 1771 ὅτ’
1115 1714 1467 1791 simpliciter
1507 1707 1765 1773 δόλιον
1807 1707 2093 1793 ἀγόμαν
2136 1714 2517 1776 scribendum
2547 1719 2656 1791 est,

327 1800 486 1878 quod
529 1801 603 1860 ab
646 1800 962 1876 Hartungo
1008 1803 1359 1876 occupatum
1407 1799 1600 1860 video·

494 1885 582 1945 De
629 1905 685 1945 v.
734 1885 888 1961 864,
934 1887 1038 1960 qui
1087 1885 1151 1944 in
1195 1885 1364 1945 libris
1409 1886 1494 1945 sic
1537 1886 1790 1962 legitur:

897 1995 1152 2081 ἀπάτορ’
1197 1995 1466 2081 ἀπάτορα
1509 2001 1739 2081 πότμον
1781 1999 2022 2082 ἔλαχον,

326 2127 377 2185 is
422 2126 570 2184 benc
616 2122 867 2198 meruit,
914 2123 1016 2199 qui
1059 2142 1168 2199 pro
1216 2124 1445 2183 duobus
1490 2124 1699 2199 primis
1744 2123 2049 2183 vocabulis
2112 2125 2350 2198 scripsit
2403 2118 2655 2198 πατέρ’

326 2201 687 2288 ἀπάτορα,
745 2228 1102 2283 quamquam
1149 2209 1516 2284 improbatus
1575 2208 1649 2266 ab
1694 2208 2058 2267 Hermanno·
2136 2210 2249 2279 Qui
2310 2208 2483 2288 quod·
2523 2227 2658 2267 ean-

326 2296 458 2355 dem
513 2294 872 2355 sententiam
927 2307 1175 2369 ‘eamque
1233 2293 1421 2353 multo
1480 2293 1815 2369 elegantius
1885 2292 2104 2352 dictam
2160 2292 2453 2352 contineri
2509 2293 2661 2352 dixit

325 2381 616 2440 librorum
661 2379 982 2454 scriptura,
1029 2378 1090 2436 id
1134 2378 1368 2453 assequi
1399 2378 1630 2436 studuit
1674 2377 1998 2437 Schoenius
2043 2377 2159 2453 ita,
2207 2379 2277 2436 ut
2317 2369 2659 2455 ἀπάτορα

328 2459 623 2541 πότμον
685 2464 1181 2539 interpretaretur
1247 2466 1527 2523 sortem
1591 2462 1779 2521 haud
1848 2466 2166 2537 paterno
2234 2461 2445 2522 modo
2507 2463 2547 2521 i.
2605 2481 2656 2522 e.

330 2551 666 2610 facinore
712 2567 850 2609 non
906 2550 1217 2652 paterno
1271 2551 1629 2624 paratam.
1707 2547 1874 2619 Quod
1928 2547 2152 2608 nemini
2210 2548 2529 2623 probatum
2585 2548 2658 2607 iri

329 2636 580 2696 confido.
655 2635 847 2693 Immo
891 2627 1160 2711 ἀπάτορα
1205 2628 1430 2710 πότμον
1473 2633 1624 2693 nihil
1654 2634 1769 2692 nisi
1816 2634 2189 2693 orbitatis
2234 2635 2515 2693 sortem
2561 2633 2659 2692 de-

329 2723 562 2798 signare
628 2737 799 2795 posse
859 2722 1017 2779 recte
1068 2719 1300 2777 monuit
1355 2720 1736 2796 Hartungus,
1805 2719 1941 2794 qui
1964 2717 2437 2778 emendationem
2495 2718 2659 2776 illam

329 2805 763 2866 consummavit
815 2804 1016 2863 addito
1072 2823 1311 2880 αποτμ
1330 2823 1411 2862 ον
1475 2806 1612 2879 post
1664 2797 1919 2878 πότμον,
1988 2803 2090 2862 sed
2157 2802 2332 2861 initio
2388 2793 2658 2881 ἀπάτορα

327 2891 478 2950 male
524 2891 848 2966 praemisso
893 2893 1029 2948 ante
1076 2884 1296 2966 πατέρα
1341 2908 1578 2949 versum
1639 2908 1709 2947 ex
1755 2887 1986 2947 duobus
2043 2887 2331 2947 dochmiis
2389 2891 2660 2947 constare

328 2976 549 3050 voluit,
596 2974 906 3049 sequentia
947 2970 1097 3032 αλλα
1145 3007 1219 3015 -
1270 2966 1430 3044 τινός
1475 2975 1579 3033 uni
1625 2972 1822 3033 Oresti
1864 2973 2184 3032 tribuenda
2227 2974 2410 3031 ratus..
2490 2971 2659 3041 Quod

326 3061 544 3137 quibus
590 3060 660 3119 de
706 3060 896 3118 causis
941 3060 1086 3118 ferri
1131 3062 1417 3135 nequeat,
1465 3059 1660 3119 dicere
1691 3077 2209 3134 supervacaneum.
2284 3057 2430 3115 Mihi
2459 3058 2659 3133 potius

327 3149 572 3245 propter
613 3147 883 3220 apertam
930 3163 1205 3204 versuum
1235 3139 1386 3201 ἄλλα
1430 3133 1488 3201 δ’
1539 3139 1600 3215 ἐξ
1643 3139 1839 3201 ἀλλων
1882 3146 2061 3220 κυρεῖ
2089 3177 2171 3184 ——
2200 3139 2479 3218 δαίμονος
2508 3139 2658 3221 τύχα

328 3223 488 3300 τινός
531 3230 979 3306 responsionem
1034 3249 1169 3289 cum
1214 3229 1556 3287 Hermanno
1603 3228 1938 3288 faciendum
1985 3227 2257 3303 videtur,
2304 3229 2408 3302 qui
2453 3246 2659 3302 ,·,aper

330 3316 624 3375 tissimum
691 3314 859 3374 esse“
933 3315 1347 3390 pronuntiavit
1419 3332 1658 3373 versum
1719 3332 1848 3372 esse
1915 3313 2252 3409 trimetrum
2316 3311 2655 3371 iambicum.

325 3401 534 3477 Itaque
578 3400 698 3459 tale
742 3399 885 3475 quid
932 3399 1278 3475 Euripidem
1324 3399 1562 3458 dedisse
1604 3398 1887 3457 arbitror·

629 3508 832 3595 πατέρ’
891 3504 1160 3594 ἀπάτορα
1203 3515 1431 3594 πότμον
1474 3508 1740 3592 ἀποτμον
1781 3512 1992 3590 ἔλαχον
2037 3509 2223 3573 τότε.

329 3639 528 3698 Aliam
572 3638 729 3697 viam
775 3638 911 3696 iniit
955 3637 1414 3697 Rauchenstein.
1448 3657 1506 3711 p.
1539 3632 1700 3711 XIV,
1748 3636 1849 3711 qui
1892 3627 2162 3709 ἀπατόρα
2206 3629 2427 3711 πατέρα
2457 3627 2660 3712 πότμῳ
2720 3661 2727 3670 ·

316 3721 528 3801 Ἴαχον
581 3722 849 3799 scripsit,
907 3727 976 3781 ut
1032 3722 1336 3782 dochmius
1391 3721 1637 3782 exsistat
1680 3740 1809 3780 cum
1869 3720 2115 3794 cretico,
2184 3720 2248 3778 in
2294 3737 2412 3794 quo
2457 3713 2660 3796 πότμῳ

330 3810 544 3868 mirum
593 3810 877 3884 quantum
924 3809 1191 3884 languet.

495 3894 572 3950 V·
617 3894 739 3953 875
771 3912 900 3968 Sqq‘
988 3975 1119 4034 τίνα
1161 3990 1254 4033 σοι
1295 3970 1514 4075 πόρον
1534 3969 1824 4071 εὑρομένα

733 4057 918 4122 πάλιν
960 4051 1079 4119 ἀπό
1123 4056 1433 4136 πόλεως,
1476 4050 1599 4118 ἀπὸ
1644 4055 1837 4133 φόνου
1882 4053 2099 4135 πέμψω

987 4139 1227 4225 πατρίδ’
1278 4142 1336 4215 ές
1374 4140 1666 4224 Ἀργείαν

330 4284 643 4342 Neminem
689 4285 1004 4345 offendisse
1049 4285 1267 4342 mirum
1313 4286 1404 4343 est
1447 4285 1512 4342 in
1554 4276 1673 4340 ἀπὸ
1730 4277 2045 4353 πόλεως,
2105 4280 2199 4339 cui
2246 4282 2404 4338 certe
2448 4295 2658 4356 prono·

333 4387 468 4426 men
525 4369 1060 4429 demonstrativum
1121 4370 1456 4429 necessario
1512 4367 1853 4427 addendum
1911 4364 2093 4425 fuisse
2148 4365 2310 4441 ipsae
2366 4364 2661 4424 editorum

333 4454 851 4530 interpretationes
920 4455 1156 4515 docent.
1241 4453 1358 4514 Sed
1424 4455 1627 4530 potius
1694 4452 2056 4513 adiectivum
2124 4450 2473 4526 desiderari,
2540 4466 2659 4523 quo
