3132 5129
1216 421 1679 486 -371-

283 579 346 636 in
391 576 751 635 dormientes
795 576 1081 656 impetum
1127 576 1419 652 facturost,
1480 595 1773 653 nusquam
1823 578 2166 636 cohortatur
2212 578 2501 637 Troianos
2546 582 2613 637 ut

281 662 421 737 igne
468 661 745 737 ferroque
790 680 1009 736 equum
1055 661 1296 719 diruant
1340 664 1404 720 et
1446 665 1649 720 tamen
1694 681 1751 721 v.
1799 660 1921 721 546
1967 661 2144 721 dicit:

532 768 677 836 ἆλλᾶ
720 798 821 855 μοι
864 772 936 836 οὐ
980 771 1261 837 πείθεσθ’
1311 772 1443 837 οὐδ’
1492 778 1548 839 εἰ
1586 771 1742 855 μάλα
1786 774 1958 837 πόλλ’
2017 773 2304 858 ἀγορεύω.

280 898 404 958 Nec
449 897 688 956 difficile
733 899 827 957 est
871 916 989 972 quo
1035 898 1197 957 illius
1254 899 1538 958 orationis
1584 899 1714 957 loco
1758 917 1966 958 versus
2021 900 2225 959 omissi
2270 900 2393 959 sint
2445 901 2605 959 inve-

280 983 426 1041 nire.
515 982 821 1053 Quomodo
865 983 1024 1041 enim
1070 983 1214 1042 haec
1259 988 1396 1059 apte
1442 983 1759 1042 cohaerent
1802 1002 1859 1041 v.
1908 983 2031 1041 544
2064 1004 2151 1059 sq.

533 1096 803 1198 σχέτλιοι,
849 1092 990 1158 ουδέ
1034 1120 1085 1159 τι
1129 1098 1252 1158 ἴστε
1297 1097 1490 1159 κακὸν
1532 1093 1737 1177 μόρον,
1773 1092 1913 1158 ἀλλ’
1960 1095 2081 1177 ἅμα
2127 1094 2344 1172 πάντες

534 1174 754 1262 χαίρετ’
800 1179 902 1257 ἄρ’
950 1178 1314 1263 ἄφραδὲοντε
1289 1204 1377 1257 eg·
1422 1180 1460 1245 ὃ
1500 1182 1616 1262 γὰρ
1658 1181 1806 1264 με’γα
1848 1193 2016 1262 πῆμα
2062 1183 2399 1248 κέκευθενῗ

281 1305 428 1364 Post
467 1304 825 1364 vocabulum
871 1295 1268 1379 ἀφραδέοντες
1312 1308 1373 1365 in
1420 1306 1614 1365 medio
1659 1325 1834 1366 versu
1886 1305 1990 1364 illa
2035 1307 2410 1381 exciderunt,
2458 1326 2610 1382 quae

279 1391 478 1464 qualia
522 1390 747 1448 fuerint
798 1390 998 1466 aliquo
1053 1390 1230 1449 modo
1277 1391 1479 1466 colligi
1535 1395 1737 1466 potest
1791 1410 1859 1448 ex
1918 1393 2187 1451 oratione
2244 1392 2609 1451 Cassandrae

284 1475 440 1549 apud
489 1474 971 1551 Tryphiodorum
1015 1494 1073 1534 v.
1123 1478 1244 1535 376
1277 1493 1407 1552 sqq.

452 1560 684 1618 Accede
729 1560 804 1618 ad
851 1560 1164 1618 tertium
1210 1559 1572 1620 decimum
1616 1561 1918 1619 librum.
1991 1560 2083 1618 Ibi
2131 1580 2263 1620 cum
2309 1582 2362 1623 V.
2401 1563 2475 1620 61
2525 1562 2612 1620 ita

283 1644 345 1702 in
388 1644 529 1703 Ald.
574 1645 837 1721 legatur:

535 1796 618 1805 —
711 1795 782 1805 —
874 1796 955 1805 —
1043 1754 1189 1839 τάχα
1233 1756 1291 1820 δ’
1343 1762 1403 1822 οἳ
1443 1759 1552 1840 μὲν
1598 1759 1839 1840 ἔναιρον

537 1842 898 1924 δυσμενέας·
949 1844 1057 1906 τοὶ
1101 1841 1160 1905 δ’
1209 1844 1521 1925 ἔρεσσον
1564 1845 1676 1907 ἔσω
1720 1841 1899 1923 ἁλός,
1955 1846 2023 1905 αἳ
2066 1842 2127 1906 δ’
2179 1844 2483 1925 ἐφέροντο,

286 1984 646 2043 magnopere
690 1984 897 2025 vereor
950 1986 1026 2025 ne
1071 1966 1489 2027 Rhodomenni
1544 1968 1879 2026 emendatio
1940 1988 2056 2043 qua
2110 1966 2220 2026 τοὶ
2276 1962 2336 2026 δ’
2396 1964 2615 2026 ἔσκον

286 2046 398 2108 ἔσω
442 2044 586 2121 ἁλός
632 2052 923 2127 scripsere
980 2071 1122 2111 vera
1166 2070 1286 2111 non
1331 2054 1428 2111 sit.
1501 2052 1655 2110 Nam
1713 2053 1889 2111 nimis
1935 2053 2222 2127 abruptus
2269 2056 2360 2112 est
2401 2054 2615 2113 transi-

283 2140 381 2195 tus
426 2155 462 2194 a
503 2136 852 2212 proceribus
897 2155 1049 2212 equo
1094 2136 1295 2196 effusis
1353 2137 1426 2195 ad
1481 2156 1582 2195 eos
1640 2138 1743 2213 qui
1799 2137 2055 2196 navibus
2113 2139 2613 2213 appropinquant.

287 2220 433 2280 Illos
478 2220 824 2280 custodibus
869 2221 1196 2281 interfectis
1228 2226 1432 2296 portas
1462 2223 1776 2281 reclusisse
1807 2223 2223 2296 exponendum
2269 2224 2401 2280 fuit.
2468 2222 2614 2281 Inde
2648 2244 2715 2291 26

289 2309 431 2379 post
472 2302 802 2382 δυσμενέας
847 2325 1030 2364 unum
1087 2307 1367 2381 pluresve
1424 2326 1631 2365 versus
1687 2307 1973 2365 excidisse
2028 2309 2157 2364 tum
2219 2325 2356 2365 vero
2413 2304 2499 2364 τοὶ
2554 2298 2610 2361 δ’

285 2385 320 2446 ἕ
332 2383 376 2445 τ’
426 2386 670 2465 ἔρεσσον
714 2391 1091 2449 scribendum
1135 2410 1265 2450 esse
1309 2393 1498 2465 putet.

455 2475 528 2534 In
572 2475 782 2534 eodem
824 2476 979 2534 libro
1024 2496 1082 2534 v.
1132 2477 1209 2533 72
1256 2494 1328 2533 ex
1367 2475 1590 2534 Aldina
1632 2475 2071 2535 restituendum
2114 2494 2243 2535 esse

537 2593 596 2652 οἳ
642 2587 704 2650 δ’
752 2581 841 2664 ὦς
885 2587 1212 2674 ἀργαλέῳ
1266 2596 1413 2676 λιμῷ
1455 2587 2026 2674 περιπαιφοὶσσοντες

621 2700 656 2739 *
826 2700 856 2737 ιοι
1028 2701 1061 2737 *
1233 2700 1263 2737 ιοι
1432 2700 1468 2738 *
1638 2701 1673 2740 ιιι
1842 2701 1878 2739 *
2043 2700 2079 2738 *

539 2764 793 2844 σταθμῷ
838 2758 1214 2844 ἐπιβρίθουσι
1260 2755 1394 2822 κατ’
1443 2762 1625 2843 οὔρεα
1667 2760 1863 2844 μακρὰ
1908 2762 2008 2823 καὶ
2051 2761 2208 2841 ὕλην

285 2889 349 2944 et
391 2886 452 2943 in
497 2904 672 2943 versu
720 2885 820 2960 qui
869 2884 1049 2959 periit
1092 2888 1196 2942 aut
1240 2884 1460 2961 lupos
1505 2887 1614 2944 aut
1655 2885 1873 2944 thoes
1917 2888 2281 2945 memoratos
2327 2886 2509 2945 fuisse
2556 2886 2615 2943 id

286 2972 404 3028 iam
449 2969 606 3044 apud
651 2969 1062 3028 Hermannum
1108 2969 1248 3028 1.ο.
1306 2991 1364 3046 p.
1415 2971 1535 3029 259
1584 2990 1618 3028 a
1675 2990 1768 3028 me
1825 2971 2119 3028 monitum
2179 2975 2292 3030 est.
2368 2971 2446 3028 Et
2503 2971 2620 3028 fuit

286 3054 429 3113 haec
475 3056 591 3112 iam
635 3053 1050 3113 Rhodomanni
1095 3057 1159 3112 et
1201 3053 1428 3115 Pauwii
1475 3056 1787 3117 sententia.

456 3138 782 3214 Postquam
836 3138 973 3198 inde
1029 3157 1064 3194 a
1124 3157 1180 3196 v.
1231 3142 1350 3200 103
1411 3139 1482 3198 de
1537 3140 1810 3199 Troianis
1868 3139 2215 3198 mulieribus
2282 3139 2617 3216 expositum

288 3224 404 3282 fuit
448 3224 712 3283 tumultu
768 3225 828 3282 et
882 3222 1058 3283 caede
1111 3224 1317 3283 excitis
1361 3243 1611 3300 quarum
1656 3245 1792 3300 pars
1837 3225 1930 3283 vel
1987 3243 2252 3301 pugnam
2310 3224 2466 3282 haud
2521 3226 2617 3285 de—

285 3313 544 3368 trectant
571 3302 982 3382 ὀλλυμένοισιν
1022 3301 1377 3385 αρηγέμεναι
1406 3313 1689 3382 μεμαυῖαι
1728 3307 1737 3385 Ι
1776 3300 2153 3386 ἇνδρασινιιῆ
2197 3303 2494 3366 τεκέεσσιν
2529 3309 2614 3386 (v.

293 3396 414 3453 120
443 3389 592 3473 sq.,)
638 3395 898 3453 infantes
945 3394 1185 3468 quidem
1227 3397 1390 3455 recte
1419 3395 1835 3455 describuntur
1876 3414 1931 3453 v.
1972 3395 2086 3451 122
2119 3412 2240 3468 sq„
2288 3394 2392 3453 sed
2440 3414 2618 3470 quam

288 3479 538 3554 abrupte
583 3482 644 3536 et
688 3479 936 3538 obscure
982 3482 1110 3536 tum
1155 3498 1213 3537 v.
1267 3480 1384 3537 124
1430 3479 1716 3538 adicitur·

540 3593 706 3654 αλλοι
751 3583 808 3652 δ’
856 3589 1011 3672 αμφ’
1058 3593 1324 3656 αλλοισιν
1365 3591 1700 3656 ἆπὲπνεον·
1747 3594 1808 3654 οἳ
1851 3588 1914 3653 δ’
1962 3589 2238 3673 ἐκέχυντο

539 3678 764 3758 πότμον
807 3675 968 3759 ὁμῶς
1013 3671 1295 3760 ὁρόωντες
1338 3676 1655 3759 ὀνείρασιν.

286 3801 439 3860 Nam
469 3804 769 3877 postrema
796 3802 1036 3879 quidem
1068 3803 1141 3861 de
1172 3803 1402 3862 maritis
1429 3802 1818 3861 Troianamm
1820 3801 2250 3900 intellegenda
2279 3818 2406 3859 esse
2435 3800 2619 3860 verba

295 3887 427 3962 ipsu.
483 3886 698 3945 docent
753 3888 967 3946 collata
1022 3907 1156 3947 cum
1213 3908 1272 3947 v.
1322 3888 1441 3945 122
1498 3876 1720 3965 οἰμωγὴ
1773 3876 1835 3943 δ’
1892 3874 2311 3961 ἆταλάφρονας
2367 3880 2618 3962 ἔκβαλεν

284 3963 484 4030 ὕπνου
523 3972 532 4046 Ι
574 3989 933 4047 νηπιαχους,
990 3973 1064 4030 ad
1108 3973 1214 4031 hos
1269 3973 1431 4047 ipsos
1488 3977 1687 4031 autem
1743 3968 1914 4029 ἄλλοι
1958 4003 2039 4014 -—-
2084 3964 2382 4028 ἆπέπνεον
2434 3971 2620 4046 perti·

289 4076 428 4116 nere
475 4057 618 4115 item
664 4059 959 4116 sententia
1002 4057 1252 4116 evincit:
1310 4057 1511 4115 mariti
1572 4055 1730 4115 enim
1774 4056 1995 4133 singuli
2042 4057 2105 4114 in
2164 4055 2445 4114 thalamis
2495 4057 2618 4115 suis

289 4161 406 4201 non
453 4145 706 4216 possunt
770 4143 871 4200 alii
937 4143 1090 4201 circa
1155 4142 1301 4201 alios
1346 4138 1650 4201 tiucidari.
1737 4142 1900 4212 Quae
1944 4160 2077 4200 cum
2124 4141 2207 4198 ita
2269 4140 2391 4198 sint
2455 4143 2623 4215 patet

288 4228 349 4285 11.
386 4227 425 4285 1.
456 4231 519 4284 et
548 4229 688 4285 ante
718 4246 775 4286 v.
813 4229 930 4285 124
964 4226 1249 4304 quaedum
1277 4226 1474 4285 deleta
1528 4245 1683 4300 esse,
1743 4226 1961 4302 quibus
2008 4223 2368 4284 Graecorum
2413 4225 2617 4284 crude·

288 4312 427 4370 litas
472 4311 566 4370 vel
612 4331 645 4369 a
688 4312 951 4386 parvulis
1001 4312 1222 4370 ferrum
1275 4330 1396 4371 non
1451 4311 1882 4370 abstinentium
1930 4310 2390 4388 depingebatur,
2454 4314 2517 4370 et
2558 4312 2620 4369 in

287 4417 344 4454 v.
399 4397 513 4453 124
562 4399 824 4457 extremo
857 4401 994 4456 ante
1039 4394 1103 4454 οἳ
1146 4390 1199 4452 δ’
1250 4391 1556 4473 ἐκέχυντο,
1602 4396 1817 4472 quibus
1862 4397 2106 4455 maritos
2151 4397 2214 4454 in
2259 4395 2402 4471 ipsis
2447 4397 2620 4456 lectis

288 4499 606 4557 oppressos
650 4484 712 4540 et
755 4483 1085 4544 trucidatos
1131 4502 1259 4542 esse
1303 4483 1667 4541 dormientes
1711 4481 2095 4541 referebatur.

2212 4577 2320 4631 24*
