3132 5129
1322 387 1740 452 ...59-

364 548 813 618 Lachmannus,
872 543 1225 623 quamquam
1287 549 1348 605 et
1402 547 1530 622 ipse
1585 550 1830 623 propter
1874 549 2184 623 utriusque
2228 548 2419 607 simile
2465 548 2698 606 initium

366 633 486 691 348
544 622 739 705 αὐτὰρ
790 624 1083 707 Ἀχιλλεύς
1149 634 1212 691 et
1267 633 1395 693 430
1456 626 1647 708 αὐτὰρ
1707 625 2025 702 Ὀδυσσεύς
2089 633 2145 691 ei
2210 652 2274 691 se
2336 633 2701 692 coniecturae

368 717 565 775 favere
610 737 669 791 p.
706 719 741 775 7
774 716 939 788 dicit,
988 736 1108 792 qua
1151 719 1214 775 et
1257 717 1362 775 illa
1406 737 1440 775 a
1483 717 1761 777 carminis
1805 719 1982 793 primi
2029 721 2267 776 auctore
2310 717 2700 776 abiudicetur.

533 800 925 860 verissimam
982 821 1113 861 esse
1168 802 1317 860 hanc
1373 803 1775 862 coniecturam
1836 803 2110 878 pluribus
2166 802 2286 861 iam
2330 803 2488 860 Hau
2503 802 2702 878 ptius

364 886 799 946 demonstravit
852 886 915 945 in
969 886 1392 945 additamentis
1444 908 1501 963 p.
1536 890 1616 947 98
1649 907 1766 963 sq.‚
1824 888 1926 962 qui
1986 890 2046 945 et
2097 887 2404 947 verissime
2472 887 2706 945 monuit

368 971 674 1048 Apollinis
718 971 1134 1047 expiationem,
1179 971 1241 1030 in
1286 991 1405 1047 qua
1450 972 1644 1031 omnis
1687 973 1772 1030 rei
1820 972 2000 1031 cardo
2031 974 2325 1044 versetur,
2371 989 2491 1029 uno
2522 971 2704 1031 verbo

366 1056 468 1115 τοῦ
511 1047 572 1113 δ’
621 1052 791 1114 ἔκλυε
835 1054 1060 1129 Φοῖβος
1104 1052 1409 1113 Ἀπόλλων
1453 1058 1576 1114 457
1621 1058 1879 1132 repetito
1938 1056 2041 1115 illo
2099 1076 2169 1115 ex
2214 1058 2295 1115 43
2342 1056 2703 1115 ieiunissime

365 1143 615 1214 absolvi,
662 1160 792 1200 cum
841 1160 1005 1200 saera
1048 1144 1225 1216 atque
1270 1142 1478 1216 epulae
1523 1128 1669 1201 satis
1713 1142 1944 1216 prolixe
1989 1145 2369 1212 enarrentur,
2418 1143 2477 1198 et
2524 1160 2704 1216 paene
2773 1192 2780 1195 .

365 1228 679 1286 dimidiam
723 1226 936 1285 horum
966 1245 1244 1285 versuum
1279 1229 1510 1301 partem
1543 1226 1676 1286 aliis
1708 1246 1778 1285 ex
1808 1227 1953 1285 locis
1984 1226 2351 1301 desumptam
2386 1226 2700 1285 indicavit:

364 1314 485 1370 432
517 1339 603 1361 =
634 1331 680 1369 π
712 1313 857 1369 324.
909 1343 983 1353 -
1035 1312 1368 1370 435-437
1401 1336 1484 1359 =
1515 1330 1547 1369 ο
1591 1312 1936 1371 497-499
1985 1310 2135 1386 (437
2167 1310 2343 1368 etiam
2393 1310 2454 1368 in
2499 1310 2704 1385 hymn.

366 1399 568 1473 Apoll.
598 1396 775 1473 Pyth.
804 1397 923 1455 327
941 1395 1211 1472 legitur).
1240 1430 1306 1439 ·-
1341 1396 2232 1455 453—455=11236-238.
2261 1428 2341 1437 -—
2368 1396 2696 1454 458-461

364 1509 445 1531 =
480 1483 531 1539 B
560 1482 922 1540 421-424.
966 1513 1047 1523 --·
1093 1482 1442 1540 461-465
1473 1507 1555 1529 =
1587 1503 1624 1558 y
1654 1481 2011 1540 458-462.
2054 1510 2140 1524 —-
2184 1481 2519 1538 464-469
2550 1506 2633 1528 =
2656 1481 2704 1535 B

365 1568 737 1626 427-432.
796 1597 877 1608 —-
941 1568 1068 1625 470
1107 1587 1194 1641 sq.
1240 1592 1322 1614 =
1370 1565 1407 1623 I
1451 1568 1568 1625 175
1613 1586 1700 1641 sq.
1759 1561 1824 1643 (γ
1866 1567 1986 1625 339
2032 1584 2116 1640 sq.
2169 1585 2215 1637 φ
2259 1567 2381 1623 271
2425 1563 2560 1639 sq.).
2627 1597 2701 1606 -

361 1653 704 1711 475-477
735 1677 817 1699 =
848 1671 870 1707 ι
901 1652 1239 1710 558-560
1269 1650 1333 1727 (κ
1367 1649 1749 1728 185-187).
1787 1684 1855 1695 ·--
1896 1650 2120 1709 Verum
2153 1669 2227 1709 ne
2258 1649 2437 1707 ceteri
2461 1649 2705 1724 quidem

369 1756 583 1798 versus
627 1736 894 1795 melioris
938 1739 1080 1794 sunt
1125 1737 1366 1807 farinae,
1414 1738 1483 1794 ut
1525 1735 1669 1795 haec
1714 1737 1940 1811 optime
1985 1735 2419 1794 demonstrabit
2464 1733 2703 1792 tabella.

539 1823 686 1880 431.
747 1820 836 1880 Cf.
884 1840 1066 1896 supra
1111 1823 1190 1879 99
1223 1842 1312 1897 sq.
1358 1815 1532 1898 ἄγειν
1574 1812 1645 1877 θ’
1693 1812 1862 1897 ἱερὴν
1906 1815 2243 1896 ἑκατόμβην
2281 1820 2291 1890 Ι
2331 1814 2392 1888 ἐς
2438 1813 2704 1894 Χρύσην.

363 1909 474 1967 Hic
521 1906 765 1983 quidem
808 1905 1010 1981 inepte
1055 1905 1276 1966 dicitur
1319 1901 1379 1976 ἐς
1422 1898 1676 1981 Χρύσην
1720 1902 2018 1979 ἵκανεν,
2065 1924 2197 1963 curn
2244 1905 2367 1962 432
2399 1923 2528 1978 sqq.
2575 1923 2705 1962 cen-

362 1994 608 2054 tonibus
641 1991 882 2051 aliunde
910 1991 1277 2067 depromptis
1323 2010 1424 2050 eos
1467 1991 1542 2048 ad
1590 1992 1734 2050 litus
1779 1991 2017 2049 demum
2063 1989 2361 2064 appulisse
2406 1992 2701 2051 narretur.

530 2080 679 2136 433.
727 2076 822 2135 Cf.
847 2098 884 2153 y
920 2080 999 2135 10
1017 2095 1103 2151 sq.
1138 2072 1296 2134 [στία
1320 2107 1401 2118 —-
1441 2072 1451 2148 Ι
1491 2078 1754 2150 στεῖλαν,
1799 2094 1845 2132 π
1876 2078 1996 2133 353
2029 2069 2261 2149 λιμένος
2295 2068 2703 2147 πολυβενθέος

361 2160 554 2235 ἐντός,
601 2156 612 2238 Ι
664 2159 821 2218 ἱστία
868 2181 926 2219 τε
970 2156 1334 2232 στέλλοντας.
1410 2159 1692 2219 Clausula
1722 2162 1791 2218 ut
1835 2159 1979 2218 alibi
2009 2158 2369 2234 saepissime,
2409 2158 2495 2217 ita
2525 2158 2704 2217 etiam

361 2268 543 2324 supra
586 2248 732 2306 300.
777 2246 900 2305 329
945 2246 1182 2323 legitur.
1460 2261 1469 2266 ·

533 2332 660 2390 434
690 2356 775 2380 =
801 2330 1010 2406 hymn.
1041 2330 1241 2406 Apoll.
1276 2330 1453 2407 Pyth.
1486 2331 1629 2389 326.

535 2417 661 2475 438
686 2435 776 2491 sq.
823 2414 913 2473 Cf.
947 2434 1125 2490 supra
1158 2416 1276 2473 142
1297 2435 1428 2490 sqq.
1475 2410 1536 2485 ἐς
1584 2407 1645 2469 δ’
1693 2406 2123 2515 ἑκατόμβην
2159 2408 2169 2490 1
2209 2408 2476 2484 θείομεν,
2517 2404 2600 2468 ἂν
2644 2403 2702 2466 δ’

363 2494 554 2579 αὐτὴν
584 2497 899 2577 Χρυσηίδα
931 2532 1011 2541 -
1049 2495 1056 2577 Ι
1095 2496 1453 2578 βήσομεν,
1502 2500 1577 2556 14
1611 2492 1901 2575 ἑκηβόλου
1933 2490 2292 2568 Λπόλλωνος
2324 2500 2385 2555 et
2407 2496 2603 2555 Ψ872
2617 2516 2703 2572 sq.

365 2581 694 2666 ἑκηβόλῳ
731 2579 1140 2642 Ἀπόλλωνι
1178 2581 1190 2664 Ι
1231 2617 1307 2627 —-
1337 2579 1527 2663 ῥέξειν
1553 2576 1791 2660 κλειτὴν
1823 2579 2273 2661 ἑκατόμβην,
2303 2601 2336 2639 ο
2362 2582 2485 2641 284
2529 2575 2611 2640 ἂν
2641 2577 2704 2640 δὲ

364 2669 463 2730 καὶ
509 2664 689 2740 αὐτὸς
736 2665 908 2745 νηὸς
954 2664 1262 2746 ἐβήσετο
1304 2665 1828 2747 ποντοπόροιο.
1904 2669 2020 2728 Sed
2064 2668 2426 2744 imperitiam
2470 2669 2704 2727 concin-

364 2759 591 2817 natoris
638 2755 840 2831 prodit
881 2774 1015 2814 cum
1061 2755 1247 2814 totius
1294 2774 1502 2816 versus
1547 2755 1805 2814 elumbis
1835 2754 2164 2814 modulatio
2195 2786 2278 2795 —
2306 2773 2426 2829 qua
2456 2754 2706 2814 sortasse

366 2841 709 2918 chryseidis
740 2842 1052 2900 molestam
1083 2860 1115 2899 e
1144 2841 1283 2900 navi
1315 2841 1718 2900 escensionem
1764 2839 2008 2917 depingi
2052 2840 2184 2915 quis
2230 2838 2564 2914 putaverit!
2604 2871 2701 2911 —-,

364 2933 493 2987 tum
549 2924 630 3002 βῆ
686 2925 748 2985 in
804 2925 958 2986 thesi
1012 2926 1304 3001 positum,
1362 2925 1520 3002 quod
1564 2944 1683 2983 uno
1729 2928 2032 3001 praeterea
2073 2925 2234 2997 1000,
2292 2922 2394 2999 qui
2450 2927 2511 2983 et
2570 2923 2696 2998 ipse

364 3016 675 3088 suspectus
720 3014 831 3084 est,
882 3011 945 3068 11
987 3012 1107 3070 702
1154 3012 1378 3071 factum
1421 3010 1752 3070 observavi.

538 3099 684 3155 440.
730 3095 821 3154 Cf.
850 3115 1048 3171 supra,
1095 3098 1163 3154 ut
1192 3095 1265 3155 de
1297 3096 1430 3154 aliis
1461 3095 1606 3153 locis
1643 3099 1888 3168 taceam,
1935 3096 2053 3153 311
2091 3114 2179 3170 sq.
2229 3089 2542 3170 Χρυσηίδα
2573 3124 2654 3134 -
2689 3089 2697 3171 Ι

365 3175 528 3241 εἷσεν
568 3172 789 3258 ἄγων·
846 3177 913 3238 ἐν
966 3171 1030 3238 δ’
1076 3171 1252 3257 ἆρχός
1309 3176 1417 3258 ἔβη
1472 3175 1885 3255 πολύμητις
1935 3170 2355 3247 Ὀδυσσεύς.
2396 3174 2406 3256 Ι
2444 3175 2513 3234 οἳ
2569 3171 2708 3251 μὲν

368 3258 602 3327 ἔπειτ’
648 3259 999 3343 ἀναβάντες.

535 3353 655 3409 441
693 3377 775 3398 =
804 3345 1023 3426 πατρὶ
1066 3346 1362 3430 φίλῳ-98
1394 3347 1472 3426 -1-
1507 3351 1631 3408 585
1660 3342 1835 3425 μητρὶ
1866 3345 2012 3428 φίλῃ
2057 3343 2134 3406 ἐν
2177 3341 2389 3426 χερσὶ
2421 3346 2533 3423 (sic
2564 3347 2706 3406 olim

367 3437 683 3516 legebatur
726 3455 835 3511 pro
879 3430 1056 3514 χειρί)
1102 3432 1335 3510 τίθει,
1381 3431 1509 3491 καί
1544 3453 1672 3510 μιν
1713 3429 2193 3511 προσέειπεν,
2242 3433 2341 3491 ubi
2385 3431 2547 3490 uta
2584 3434 2703 3489 101

371 3523 575 3582 eadem
627 3520 861 3596 phrasis
905 3522 1063 3580 recte
1107 3519 1179 3579 de
1224 3519 1438 3596 poculo
1484 3519 1730 3593 dicitur,
1788 3538 1964 3593 quam
2019 3519 2217 3593 inepte
2259 3517 2588 3594 plagiarius
2632 3516 2705 3574 ad

371 3608 667 3685 virginem
715 3604 1052 3665 transtulit!

536 3691 680 3748 442.
726 3688 817 3751 cf.
862 3690 985 3749 208
1030 3680 1166 3765 πρό
1211 3683 1275 3746 δὲ
1318 3681 1387 3765 μ’
1433 3671 1558 3765 ἧκε
1604 3691 1666 3747 et
1710 3688 1829 3746 iam
1880 3688 1997 3746 172
2041 3677 2192 3759 ἅναξ
2247 3677 2490 3763 ἀνδρῶν
2526 3677 2703 3762 Ἀγα·

367 3773 628 3853 μέμνων,
672 3774 831 3850 quod
876 3777 999 3834 tam
1043 3793 1217 3849 saepe
1263 3775 1533 3833 recurrit.

538 3861 663 3918 443
696 3878 788 3934 sq.
833 3858 925 3919 Cf.
972 3859 1055 3919 20
1095 3855 1330 3916 παῖδα
1384 3849 1444 3914 δ’
1488 3852 1655 3960 ἐμοὶ
1709 3858 1886 3915 λῦσαι
1929 3861 1991 3916 et
2034 3858 2113 3915 99
2158 3848 2326 3933 ἄγειν
2369 3847 2440 3912 θ’
2490 3846 2705 3930 ἱερὴν

371 3942 827 4022 ἓκατόμβην;
871 3947 1000 4003 tum
1029 3965 1067 4021 y
1100 3944 1219 4001 144
1266 3939 1429 4021 ῥέξαι
1472 3946 1521 4000 θ
1592 3935 1754 4019 ἱερὰς
1800 3937 2160 4020 ἑκατόμβας,
2208 3960 2388 4016 supra
2438 3943 2557 4000 100
2599 3960 2705 4015 μιν

370 4026 867 4102 ἱλασσάμενοι
915 4031 977 4088 et
1036 4029 1151 4088 147
1201 4023 1537 4086 ἱλάσσεαι
1592 4018 1751 4127 ἵερᾶ
1807 4022 2002 4105 ῥέξας.
2092 4025 2438 4086 Aristarcho
2505 4029 2710 4085 tamen

368 4116 660 4193 posterior
689 4133 898 4174 versus
928 4113 1164 4189 spurius
1193 4114 1386 4173 visus:
1431 4103 1521 4170 ’ὅτι
1550 4105 1615 4170 τὸ
1657 4107 1941 4189 αγέμεν
1982 4107 2213 4186 κοινόν,
2258 4100 2405 4169 ὥστε
2435 4108 2710 4189 γίνεσθαι

372 4193 474 4259 τὸν
537 4195 674 4276 ἑξῆς
739 4194 1053 4274 περισσόν·
1136 4190 1240 4274 διὸζ
1292 4192 1612 4258 ἆθετεῖται.
1714 4196 1806 4256 Cf.
1868 4196 2071 4256 LehrS.
2131 4196 2204 4254 de
2259 4196 2447 4257 Arist.
2506 4195 2707 4255 studd.

370 4287 607 4346 Homm.
701 4331 714 4343 .
762 4285 906 4343 359.

537 4305 693 4429 4451.)
733 4367 826 4428 Of.
862 4365 916 4424 Ο
946 4369 1065 4427 451
1113 4365 1572 4438 πολύστονος
1617 4363 1872 4444 ἔμπεσεν
1914 4362 2023 4436 ἰός,
2073 4367 2122 4423 Β
2158 4367 2235 4424 15
2268 4360 2408 4444 (69)
2444 4362 2710 4443 Τροίεσσι

382 4451 443 4516 δὲ
486 4445 691 4532 κήδε’
740 4448 1026 4530 ἐφῆπται,
1070 4452 1128 4510 Φ
1173 4453 1296 4512 524
1339 4454 1607 4513 πολλοῖσι
1650 4447 1715 4512 δὲ
1757 4444 1956 4528 κήδε’
2005 4445 2306 4531 ἐφῆκεν.

2748 3950 2809 3997 15
