3132 5129
1357 357 1646 419 —246
1739 395 1811 404 —

590 517 951 577 Discendi
996 514 1293 576 iuvenis
1337 514 1641 590 cupiens
1683 514 1854 574 adit
1894 513 2443 573 Archimedem:

715 600 1017 678 „Imbue
1064 600 1318 659 divina
1359 598 1576 674 nos“,
1621 601 1758 674 ait,
1806 603 2041 674 „arte,
2087 600 2378 675 precor!

589 688 788 759 Quae
834 688 1084 745 tantos
1130 685 1414 760 patriae
1460 684 1759 744 fructus
1802 685 1991 745 tulit
2033 686 2109 742 et
2151 684 2343 759 vigil
2388 683 2605 743 urbis

716 771 1010 830 Pellere
1053 770 1469 829 sambucam
1516 769 1904 828 moenibus
1950 789 2092 831 una
2135 768 2431 828 valet!“

589 854 726 915 Cui
771 856 1084 932 sophus:
1134 855 1555 931 „Appellas
1598 857 1832 929 recte,
1879 854 2133 917 divina
2177 854 2302 913 sed
2346 856 2555 927 ante,

719 942 944 1012 Quam
987 940 1261 1017 populo
1306 941 1577 1015 servit,
1623 939 1767 998 iam
1813 940 1965 1000 fuit
2008 939 2173 1013 illa,
2218 958 2432 1014 puer:

592 1026 911 1085 Fructus
957 1025 1081 1100 qui
1124 1024 1451 1100 quaerit,
1497 1024 1861 1083 mortalia
1902 1028 2252 1085 conserat
2294 1042 2501 1099 arva3

718 1111 820 1169 Ne
863 1112 1077 1186 petat
1119 1124 1445 1183 uxorem,
1492 1109 1612 1168 cui
1656 1109 1805 1168 Dea
1847 1110 2071 1188 virgo
2116 1108 2454 1183 placet!“

593 1196 764 1254 Hanc
806 1198 1168 1272 postremam
1213 1194 1400 1272 igitur
1442 1195 1736 1253 rationem
1781 1195 1882 1270 qui
1913 1196 2204 1272 sequitur,
2251 1194 2325 1252 ab
2355 1194 2542 1269 ipsius
2573 1194 2758 1253 scien—

423 1282 542 1340 tiae
588 1280 1023 1358 perfectissima
1066 1280 1279 1355 specie,
1327 1278 1402 1337 ad
1443 1299 1621 1354 quam
1651 1279 2065 1339 ardentissimo
2098 1280 2292 1337 fertur
2322 1297 2539 1353 amore,
2586 1279 2764 1355 profi-

425 1367 697 1440 ciscitur,
757 1366 845 1424 ita
888 1366 957 1423 ut
1005 1364 1278 1423 omnibus
1322 1364 1812 1424 meditationibus
1856 1364 2280 1438 laboribusque
2322 1363 2400 1422 ad
2444 1383 2573 1422 eam
2617 1363 2763 1422 ima-

429 1452 630 1529 ginem
675 1450 872 1509 animo
918 1452 1267 1526 conceptam
1312 1450 1518 1508 relatis
1563 1449 1628 1507 in
1671 1449 1800 1508 sola
1842 1450 2099 1509 veritate
2142 1452 2384 1507 strenue
2427 1448 2765 1524 quaerenda

425 1555 724 1595 summum
784 1534 1009 1593 bonum
1065 1537 1129 1593 et
1180 1540 1369 1609 ponat
1424 1535 1486 1593 et
1537 1534 1807 1594 inveniat
1861 1535 1934 1593 de
1991 1535 2108 1593 alia
2161 1533 2429 1592 mercede
2472 1536 2763 1609 quantum

424 1623 626 1698 potest
681 1618 939 1679 securus.
1028 1619 1296 1678 Alteram
1350 1637 1492 1679 vero
1549 1618 1712 1678 viam
1767 1619 1871 1694 qui
1926 1619 2296 1696 ingreditur,
2343 1619 2541 1677 omnia
2581 1638 2613 1676 e
2658 1637 2766 1677 sua

426 1725 490 1764 re
554 1706 737 1780 atque
805 1703 1112 1763 hominum
1174 1721 1307 1762 cum
1373 1704 1616 1779 publica
1678 1706 1807 1761 tum
1873 1704 2113 1779 privata
2170 1702 2432 1762 utilitate
2497 1703 2766 1762 iudicans

425 1790 733 1849 scientiam
792 1790 910 1847 iam
954 1806 1024 1847 eo
1069 1788 1318 1848 consilio
1364 1788 1613 1848 electam
1660 1788 1744 1847 ita
1787 1791 2035 1862 tractat,
2093 1790 2164 1847 ut
2217 1807 2395 1862 quam
2438 1788 2765 1864 plurimum

427 1894 559 1934 cum
606 1874 737 1933 aliis
782 1877 911 1932 tum
955 1873 1208 1932 maxime
1254 1872 1366 1932 sibi
1410 1873 1620 1949 prosit.
1694 1873 1776 1932 Et
1818 1874 1969 1932 hanc
2014 1873 2254 1949 quidem
2285 1873 2576 1932 rationem
2605 1891 2766 1932 nunc

425 1978 602 2035 quam
644 1959 895 2017 maxime
941 1958 1161 2034 vigere,
1207 1976 1367 2016 nunc
1409 1958 1667 2033 publicis
1712 1957 2028 2017 civitatum
2071 1957 2306 2035 legibus
2350 1958 2766 2034 institutisque

426 2043 733 2120 provocari
778 2047 840 2101 et
881 2042 1183 2117 adiuvari,
1229 2061 1387 2102 nunc
1430 2043 1807 2117 privatorum
1850 2043 2158 2102 hominum
2201 2042 2415 2118 plausu
2460 2043 2767 2119 praemiis-

426 2147 542 2204 que
572 2129 841 2187 exornari
885 2127 1018 2203 quis
1061 2130 1158 2186 est
1199 2128 1304 2204 qui
1348 2127 1619 2187 nesciat?
1694 2127 1852 2186 Hinc
1894 2129 2175 2187 inventae
2218 2130 2284 2186 et
2326 2128 2769 2187 accuratissime

428 2213 739 2273 institutae
784 2215 846 2271 et
890 2212 1294 2288 copiosissime
1339 2215 1653 2271 exornatae
1709 2231 1811 2271 eae
1869 2212 2155 2288 scholiae,
2216 2230 2363 2288 quae
2423 2218 2530 2272 aut
2573 2232 2608 2271 a
2648 2213 2768 2271 sin-

353 2304 385 2354 5
426 2298 584 2374 gulis
642 2297 1002 2372 quibusdam
1054 2301 1159 2356 aut
1211 2316 1245 2354 a
1301 2296 1504 2356 multis
1549 2296 1695 2355 adeo
1740 2315 1958 2357 nomen
2011 2297 2235 2356 habent
2294 2297 2559 2372 artibus,
2616 2316 2768 2372 quae

429 2384 490 2441 in
544 2383 619 2442 iis
676 2400 798 2441 non
852 2386 975 2440 tam
1032 2381 1348 2454 docentur,
1415 2400 1595 2457 quam
1650 2382 1937 2441 tradendo
1991 2383 2315 2442 exercendo
2372 2382 2768 2442 examinando

428 2468 600 2544 quasi
642 2466 1035 2527 inculcantur.

598 2551 681 2611 Et
742 2550 872 2610 fieri
936 2551 1079 2612 haec
1141 2551 1343 2610 omnia
1397 2549 1761 2625 necessario,
1828 2549 1962 2610 fieri
2017 2551 2376 2629 rectissime,
2445 2550 2575 2612 fieri
2631 2570 2769 2610 cum

429 2656 661 2699 summa
712 2636 977 2695 omnium
1035 2636 1298 2696 utilitate
1351 2634 1765 2712 communique
1819 2636 2012 2696 salute
2069 2644 2177 2698 nos'
2235 2641 2305 2696 ut
2346 2637 2768 2697 addubitemus

428 2724 535 2782 aut
578 2721 725 2781 adeo
769 2739 1056 2797 negemus
1099 2723 1339 2780 tantum
1381 2721 1554 2781 abest
1606 2724 1676 2778 ut
1719 2740 2106 2798 agnoscamus
2150 2722 2545 2783 libentissime
2588 2723 2768 2782 laete-

429 2826 563 2866 mur
607 2806 1031 2881 sincerissime,
1090 2805 1408 2865 dummodo
1468 2809 1530 2864 et
1575 2806 1750 2864 alteri
1795 2807 2018 2866 rationi
2062 2807 2399 2867 sublimiori
2445 2812 2507 2866 et
2551 2807 2769 2868 libera-

429 2891 566 2951 liori
620 2909 726 2950 sua
779 2893 1061 2950 maneant
1112 2890 1415 2951 domicilia
1468 2891 1690 2951 intacta
1744 2893 1808 2948 et
1862 2892 2245 2966 intemerata,
2317 2892 2636 2952 dummodo
2694 2910 2772 2949 ne

431 2976 853 3035 universitates
910 2975 1112 3036 eadem
1179 2977 1533 3053 contagione
1588 2976 1903 3034 trahantur
1956 2996 2104 3037 neve
2160 2977 2426 3037 scientiis
2481 2977 2557 3035 ad
2614 2994 2771 3037 mer·

432 3061 634 3120 oedem
689 3062 1120 3137 quaestumque
1193 3060 1464 3120 abductis
1531 3060 1802 3119 alumnos
1867 3080 1973 3135 per
2034 3063 2157 3121 vim
2222 3065 2286 3122 et
2352 3063 2772 3123 coercitionem

431 3147 725 3205 instruere
769 3147 877 3205 hae
921 3164 1159 3222 quoque
1205 3144 1499 3205 studeant.
1589 3144 1744 3203 Nam
1787 3146 1920 3203 tum
1965 3147 2199 3206 tantum
2216 3193 2231 3222 ,
2291 3166 2426 3208 cum
2468 3147 2771 3224 propriam

434 3232 680 3290 tuentur
734 3230 1103 3306 provinciam
1158 3249 1440 3306 suamque
1497 3232 1742 3289 servant
1795 3230 2153 3304 peculiarem
2216 3233 2507 3308 indolem,
2566 3230 2773 3291 utili-

434 3318 657 3375 tatem
717 3317 778 3374 et
833 3316 997 3391 ipsae
1051 3333 1182 3374 cum
1241 3315 1327 3374 rei
1383 3313 1656 3390 publicae
1711 3317 1840 3373 tum
1895 3316 2150 3392 singulis
2194 3317 2428 3377 civibus
2470 3320 2773 3393 praestare

434 3401 637 3459 valent
680 3418 829 3475 eam,
875 3418 1051 3476 quam
1098 3399 1644 3459 coniunctissimam
1686 3417 1812 3458 esse
1857 3400 2038 3459 etiam
2082 3420 2218 3461 cum
2263 3401 2455 3462 altero
2498 3401 2606 3461 illo
2650 3405 2772 3460 stu·

436 3484 669 3544 diorum
712 3484 1132 3562 agitandorum
1175 3502 1393 3561 genere
1435 3485 1704 3543 homines
1749 3487 1982 3544 tantum
2015 3490 2120 3545 aut
2151 3487 2389 3546 barbari
2421 3486 2773 3564 intellegere

437 3572 736 3644 nequeant
776 3571 884 3628 aut
926 3569 1206 3629 malevoli
1248 3567 1581 3644 praefracte
1624 3587 1842 3645 negare
1887 3571 2238 3632 sustineant.
2418 3585 2423 3591 ’

610 3653 867 3731 Egregie
911 3652 1178 3730 profecto
1221 3657 1396 3730 poeta
1439 3655 1642 3713 noster
1672 3654 2028 3714 Archimede
2070 3658 2450 3731 potissimum
2494 3673 2636 3714 usus
2681 3659 2777 3715 est

437 3738 886 3798 mathematices
927 3738 1323 3815 physicesque
1369 3741 1659 3797 sectatore
1695 3771 1767 3781 —-
1801 3757 1949 3815 quas
1979 3741 2255 3801 scientias
2298 3741 2474 3801 hodie
2520 3741 2625 3817 qui
2667 3743 2776 3799 aut

437 3823 793 3899 profitentur
844 3826 952 3882 aut
1001 3823 1483 3899 patrocinantur,
1557 3832 1763 3883 eorum
1817 3825 2038 3884 multos
2092 3825 2199 3886 illa
2255 3845 2399 3886 usus
2452 3824 2774 3902 quaerendi

437 3907 812 3984 iactandique
855 3908 954 3968 via
996 3908 1255 3985 grassari
1301 3908 1570 3967 videmus
1617 3938 1714 3985 -,
1760 3907 2145 3986 Archimede,
2191 3912 2452 3987 inquam,
2496 3929 2639 3969 usus
2683 3914 2778 3969 est

439 4010 670 4052 summo
715 3992 1134 4052 mathematico
1178 3994 1247 4050 ut
1289 3993 1721 4069 perfectissimo
1768 3995 2064 4070 exemplo,
2124 4015 2302 4071 quam
2359 3996 2625 4056 liberalis
2669 3995 2778 4055 illa

441 4078 723 4137 scientiae
767 4077 1075 4153 tractatiO,
1122 4078 1224 4136 ubi
1268 4096 1418 4154 opus
1464 4080 1706 4154 quidem
1749 4078 1959 4155 fuerit,
2020 4083 2081 4139 et
2122 4082 2314 4155 possit
2355 4084 2421 4140 et
2462 4081 2675 4141 debeat
2715 4083 2778 4140 et

439 4179 581 4222 vero
637 4161 783 4221 velit
836 4180 968 4221 cum
1021 4163 1247 4238 patriae
1305 4167 1369 4221 et
1419 4163 1651 4224 civibus
1716 4167 1846 4222 tum
1908 4165 2185 4224 universo
2248 4167 2453 4243 generi
2516 4166 2778 4224 humano

437 4245 817 4321 prodesse.
891 4246 1002 4305 Ille
1033 4248 1253 4307 etenim
1280 4247 1522 4307 humilis
1566 4248 1794 4310 scilicet
1834 4248 2247 4326 homunculus,
2293 4250 2398 4326 qui
2441 4251 2546 4310 uni
2591 4252 2776 4310 scien-

441 4331 561 4389 tiae
614 4331 767 4390 vixit
820 4330 897 4389 ab
955 4333 1117 4391 omni
1172 4332 1498 4393 ambitione
1565 4335 1808 4411 vitaque
1863 4334 2107 4409 publica
2160 4338 2423 4395 remotus
2475 4334 2780 4413 agitandis

444 4414 937 4491 exquirendisque
983 4417 1318 4476 rationibus
1348 4421 1678 4495 contentus,
1725 4418 1826 4477 ille
1855 4417 2065 4479 unicus
2096 4421 2245 4480 caeli
2276 4421 2779 4498 sphaerarumque

795 4787 1030 5024 N
