3132 5129
384 1567 450 1613 25

1419 386 1877 448 -466—

482 546 692 622 gendis
748 547 1049 603 accuratae
1094 542 1449 618 cognitionis
1496 544 1939 617 constantisque
1985 541 2389 616 inquisitionis
2435 544 2512 601 sit
2558 542 2709 600 ratio
2760 545 2824 599 et

483 629 892 705 probabilitas,
939 630 1064 704 ipse
1108 630 1383 702 expertus
1429 628 1525 685 sit.
1596 627 1806 702 Itaque
1850 627 2007 702 quod
2055 627 2292 685 criticae
2336 646 2525 703 genus
2572 627 2710 685 aliis
2758 627 2822 684 in

484 714 872 790 scriptoribus
914 713 1029 771 alia
1072 732 1312 788 prorsus
1356 731 1541 786 eaque
1590 713 1828 771 meliore
1875 710 2217 770 condicione
2264 712 2503 771 traditis
2549 715 2654 769 aut
2695 712 2818 786 pia-

484 800 686 857 culum
742 801 897 856 esset
950 802 1055 854 aut
1110 797 1437 871 dementia,
1499 797 1655 854 idem
1712 798 1773 854 in
1832 796 1952 855 illis
2009 795 2424 871 similibusque
2469 797 2820 873 fragmentis

483 885 653 942 unice
698 901 904 940 sanum
950 888 1010 940 et
1054 901 1260 939 verum
1306 885 1415 956 est,
1462 885 1531 939 ut
1575 881 1671 938 hic
1715 899 1950 955 quoque
1993 881 2377 938 notissimum
2421 880 2570 938 illud
2603 881 2821 938 leviter

484 969 786 1027 detortum
829 967 1050 1026 valeat:
1098 966 1257 1041 „duo
1304 966 1353 1024 si
1399 966 1819 1040 patiuntur
1863 966 2050 1038 idem,
2099 983 2218 1023 non
2264 969 2356 1023 est
2399 963 2645 1022 idem!“

652 1052 1050 1110 Inveniuntur
1092 1055 1290 1108 tamen
1337 1052 1517 1109 etiam
1562 1049 1693 1108 aliis
1739 1050 1798 1107 in
1833 1048 2223 1124 scriptoribus
2254 1049 2388 1122 loci,
2434 1050 2533 1123 qui
2568 1049 2823 1124 diligen—

486 1138 714 1196 tissime
782 1137 1097 1211 pensitatis
1170 1135 1442 1193 omnibus
1498 1135 1677 1192 simili
1736 1134 1962 1192 ratione
2022 1134 2314 1193 tractandi
2371 1134 2508 1195 sint.
2597 1134 2824 1192 Eorum

487 1242 668 1279 unum
727 1221 906 1295 idque
964 1221 1230 1279 omnium
1276 1220 1694 1294 gravissimum
1742 1218 2302 1293 apertissimumque
2346 1219 2680 1294 exemplum
2727 1218 2828 1275 hic

486 1307 762 1365 attulisse
807 1307 974 1364 iuvat
1017 1304 1467 1362 celeberrimum
1514 1323 1584 1361 ex
1614 1302 2141 1377 Aristophane
2185 1302 2407 1378 locum,
2452 1321 2571 1377 quo
2615 1303 2715 1360 ille
2761 1302 2827 1359 in

484 1392 652 1450 Rau.
698 1411 754 1452 v.
792 1390 1235 1448 1420—1466
1283 1388 1646 1464 Aeschylum
1692 1392 1866 1461 atque
1912 1386 2263 1461 Euripidem
2308 1388 2380 1445 de
2424 1389 2506 1444 rei
2554 1387 2828 1462 publicae

487 1475 828 1534 condicione
872 1474 1202 1531 iudicantes
1251 1473 1410 1530 fecit.
1487 1470 1604 1541 Qui
1648 1471 1810 1530 locus
1855 1473 1972 1529 iam
2017 1471 2093 1528 ab
2138 1471 2559 1530 Alexandrinis
2604 1472 2829 1530 criticis

497 1561 846 1618 attrectatus
893 1561 1144 1633 quantas
1190 1557 1583 1615 recentiorum
1628 1556 2029 1614 dubitationes
2074 1556 2560 1631 coniecturasque
2605 1556 2822 1615 excita-

498 1646 676 1718 verit,
734 1644 979 1718 longum
1029 1646 1118 1700 est
1160 1643 1467 1717 persequi3
1529 1640 1675 1699 mihi
1720 1640 1960 1715 quidem
2005 1644 2096 1699 tot
2140 1642 2511 1717 egregiorum
2560 1641 2827 1700 virorum

489 1728 793 1786 laboribus
839 1727 901 1785 in
945 1747 1120 1785 usum
1170 1726 1394 1785 vocatis
1442 1726 1558 1783 iam
1601 1744 1695 1784 res
1741 1745 1809 1783 eo
1857 1725 2110 1783 deducta
2153 1725 2407 1800 videtur,
2456 1727 2525 1784 ut
2567 1744 2636 1783 ea
2679 1744 2823 1800 pro-

491 1812 819 1884 babilitate,
869 1812 943 1868 ad
988 1830 1162 1885 quam
1210 1811 1271 1868 in
1318 1811 1605 1868 eiusmodi
1653 1807 2100 1884 quaestionibus
2133 1811 2372 1868 omnino
2404 1810 2573 1868 evadi
2606 1814 2829 1884 potest,

491 1915 694 1958 omnes
740 1894 1124 1953 difficultates
1171 1893 1338 1953 disici
1383 1895 1633 1970 possint.
1721 1895 2020 1951 Ranarum
2068 1894 2328 1952 fabulam
2375 1913 2619 1953 scaenae
2663 1913 2828 1953 com·

493 1982 730 2040 missam
776 1998 905 2038 esse
951 1979 1196 2038 scimus:
1253 1997 1381 2036 cum
1429 1979 1690 2052 primum
1736 1978 1984 2038 Lenaeis
2031 1976 2124 2036 Ol.
2171 1978 2399 2055 XCIII,
2447 1981 2484 2038 3
2530 1979 2829 2054 ederetur,

502 2066 637 2124 inde
681 2085 716 2123 a
758 2085 815 2123 v.
857 2064 1014 2121 1417
1061 2064 1204 2122 halec
1247 2062 1815 2138 pronuntiabantur:

545 2233 777 2293 AION.
826 2221 1255 2328 εὐδαιμονοίης.
1315 2228 1490 2309 φέρε,
1536 2228 1817 2289 πύθεσθέ
1858 2251 1969 2306 μου
2013 2229 2172 2289 ταδί·

824 2308 936 2416 ἐγω
982 2316 1287 2393 κατῆλθον
1331 2312 1426 2373 ἐπὶ
1473 2313 1749 2393 ποιητήν.
1824 2316 2101 2412 ΕΥΡΙΠ.
2150 2315 2254 2374 τοῦ
2295 2311 2500 2394 χάρινς

546 2404 782 2464 ΔΙΟΝ.
829 2391 918 2460 ἵν’
969 2396 1006 2478 ἡ
1051 2398 1218 2470 πόλις
1261 2403 1526 2460 σωθεῖσα
1572 2397 1708 2468 τοὺς
1751 2420 1961 2477 χορους
1993 2393 2146 2502 ἄγῃ

823 2482 1102 2566 ὁπότερος
1148 2477 1262 2544 ουν
1304 2508 1382 2544 αν
1428 2493 1499 2567 τῇ
1542 2479 1708 2544 πόλει
1750 2481 2138 2562 παραινέσειν
2689 2495 2822 2542 1420

702 2637 716 2650 ‚
822 2568 1001 2653 μέλλῃ
1045 2593 1100 2630 τι
1145 2563 1425 2676 χρηστόν,
1471 2571 1681 2629 τοῦτον
1723 2567 1889 2644 αξειν
1932 2591 2030 2646 μοι
2078 2568 2248 2628 δοκῶ.

824 2657 1061 2733 πρῶτον
1103 2651 1215 2733 μὲν
1257 2647 1371 2715 ουν
1413 2654 1545 2734 περὶ
1585 2651 1968 2752 Ἀλκιβιάδου
2013 2651 2127 2714 τίν’
2177 2653 2373 2730 ἔχετον

824 2761 1066 2819 γνωμην
1111 2734 1415 2815 §Minoo-3:
1459 2735 1497 2815 ἡ
1543 2738 1719 2810 πόλις
1764 2732 1876 2836 γὰρ
1918 2739 2213 2800 δυστοκεῖ.

498 2829 782 2885 ΕΤΡΙΠ.
829 2823 944 2900 ἔχει
991 2820 1054 2882 δὲ
1098 2822 1229 2903 περὶ
1272 2820 1456 2883 αὐτοῦ
1502 2824 1636 2882 τίνα
1677 2817 1944 2918 γνώμην;
2003 2825 2237 2883 ΔΙΟΝ.
2285 2824 2451 2890 τίνα;

825 2913 1017 2967 ποθεῖ
1048 2905 1187 2985 μέν,
1234 2904 1500 2984 ἐχθαίρει
1544 2904 1642 2984 δέ,
1685 2902 1960 2984 βούλεται
2003 2904 2060 2967 δ’
2110 2907 2279 2986 ἔχειν.
2693 2918 2828 2965 1425

825 2987 959 3052 αλλ’
1005 3015 1037 3052 ο
1085 3014 1141 3049 τι
1188 2998 1448 3070 νοεῖτον,
1493 2990 1741 3051 εἴπατον
1783 2986 1997 3052 τούτου
2039 2991 2192 3070 πέρι.

496 3082 783 3138 ΕΤΡΙΠ.
828 3078 980 3157 μισῶ
1023 3077 1303 3153 πολίτην,
1346 3072 1503 3147 ’ὅστις
1547 3071 1804 3152 ὠφελεῖν
1847 3099 2079 3156 πατραν

828 3153 1056 3239 βραδὺς
1101 3160 1358 3238 πέφυκε,
1402 3158 1623 3241 μεγάλα
1667 3158 1734 3221 δὲ
1776 3160 2060 3241 βλαπτειν
2103 3162 2315 3239 ταχύς,

827 3246 925 3305 καὶ
970 3244 1271 3352 πόριμον
1268 3242 1476 3330 αὖτω,
1523 3247 1593 3328 τῇ
1639 3240 1804 3306 πόλει
1847 3243 1908 3307 δ’
1958 3243 2280 3325 ἀμήχανον

557 3334 784 3392 ΔΙΟΝ.
831 3354 897 3391 ευ
944 3355 980 3411 γ
1018 3375 1036 3406 ,
1082 3355 1129 3390 ω
1179 3308 1487 3395 Πόσειδον
1555 3327 1633 3390 σύ
1678 3328 1743 3390 δὲ
1788 3330 1919 3390 τίνα
1963 3352 2204 3411 γνωμην
2249 3329 2422 3409 ἔχειςς
2699 3340 2827 3387 1430

554 3422 655 3477 ΑΙ
661 3421 787 3477 ΣΧ
835 3411 905 3475 οὖ
951 3414 1060 3520 χρὴ
1104 3414 1334 3489 λέοντος
1381 3409 1649 3492 σκύμνον
1694 3414 1761 3475 ἐν
1804 3410 1972 3475 πόλει
2000 3413 2283 3518 τρέφειν

826 3495 908 3577 ἦν
951 3497 1007 3558 δ’
1058 3499 1324 3584 ἐκτραφῇ
1368 3524 1486 3577 τις,
1533 3505 1655 3572 τοῖς
1702 3490 1937 3578 τρόποις
1983 3496 2316 3579 ὑπηρετεῖν.
2697 3509 2826 3556 1432

555 3588 786 3646 ΔΙΟΝ.
834 3584 906 3663 νὴ
957 3583 1063 3646 τὸν
1115 3585 1230 3644 Δία
1275 3564 1378 3646 τὸν
1422 3589 1716 3664 Σωτῆρα,
1762 3584 2090 3664 δυσκρίτως
2131 3581 2191 3663 γ’
2241 3582 2370 3662 ἔχω,

829 3665 861 3729 ὃ
905 3666 1014 3748 μὲν
1059 3671 1261 3746 σοφῶς
1306 3693 1420 3749 γαρ
1465 3663 1656 3744 εἶπεν,
1706 3665 1737 3728 ὁ
1783 3665 1839 3726 δ’
1890 3668 2079 3748 ετερος
2124 3670 2349 3746 σαφῶς.

827 3750 961 3814 ἀλλ’
1013 3754 1098 3813 ἔτι
1142 3756 1286 3830 μίαν
1328 3753 1573 3832 γνώμην
1619 3748 1890 3834 ἕκατερος
1937 3754 2180 3813 εἴπατον
2699 3763 2828 3809 1435

829 3838 963 3917 περὶ
1006 3848 1110 3918 τῆς
1154 3838 1379 3911 πόλεως
1424 3835 1624 3917 ἥντιν’
1673 3838 1870 3916 ἔχετον
1913 3838 2225 3918 σωτηρίαν.

506 3928 786 3984 ΕΤΡΙΠ.
832 3923 943 4003 ἐγὼ
988 3923 1101 4001 μὲν
1143 3917 1276 3983 οἶδα
1323 3945 1422 3981 και
1469 3921 1632 3982 θέλω
1677 3920 1940 4024 φράζειν,
2010 3923 2246 3982 ΔΙΟΝ.
2292 3921 2436 4002 λέγε.
2703 3933 2830 3981 1442

501 4011 783 4069 ΕΤΡΙΠ.
832 4007 941 4085 τὴν
982 4011 1095 4088 γῆν
1138 4031 1288 4069 οταν
1331 4008 1614 4085 νομίσωσι
1657 4002 1768 4085 τὴν
1808 4010 1931 4069 τῶν
1972 4007 2266 4084 πολεμίων
2702 4018 2830 4065 1463

832 4087 984 4154 εἶναι
1030 4091 1354 4192 σφετέραν,
1401 4087 1509 4171 τὴν
1552 4090 1616 4152 δὲ
1662 4091 1953 4172 σφετέραν
1995 4096 2112 4152 τῶι
2155 4092 2482 4170 πολεμίων,

833 4173 1025 4284 πόρον
1070 4175 1137 4239 δὲ
1181 4203 1284 4251 τας
1330 4187 1513 4256 ναυς,
1558 4175 1843 4276 ἀπορίαν
1859 4178 1927 4238 δὲ
1971 4175 2074 4237 τὸι
2117 4175 2320 4259 πόρον.

558 4264 792 4323 ΔΙΟΝ.
841 4286 943 4339 ευ,
988 4259 1147 4359 πλήν
1188 4253 1246 4345 γ’
1296 4257 1328 4325 ὅ
1373 4253 1656 4364 δικαστὴς
1698 4285 1849 4323 αυτα
1894 4263 2206 4324 καταπίνει
2249 4260 2447 4341 μόνος.
2702 4271 2830 4318 1466

833 4348 964 4408 τίνα
1012 4335 1085 4425 δὴ
1130 4345 1313 4427 λέγεις
1356 4365 1430 4408 συ
1474 4349 1557 4430 τῇ
1603 4345 1790 4408 πόλει
1832 4348 2232 4424 σωτηρίανς
2701 4355 2830 4403 1454

552 4434 781 4490 ΑΙΣΧ.
828 4455 972 4493 οταν
1015 4429 1084 4492 τὰ
1132 4456 1247 4493 νυν
1288 4429 1509 4493 α’πιστα
1555 4428 1732 4490 πίσθ’
1787 4427 2103 4511 ἦγωμεθα,
2702 4440 2830 4488 1443
