3132 5129
1310 404 1394 414 ·—
1487 368 1604 431 177
1698 404 1773 413 —

374 524 608 582 nullum
655 524 1093 582 antecessorem
1137 523 1348 598 habui,
1395 544 1464 583 eo
1511 526 1700 601 magis
1746 527 1992 599 mirum,
2049 526 2206 600 quod
2252 525 2433 602 vulgo
2476 526 2712 585 Alcinoi

379 609 485 666 illa
527 609 843 666 decantata
887 597 1264 686 πολύκαρπος
1308 603 1470 684 ἀλωή
1516 610 1549 678 ζ
1580 611 1908 667 112—131
1955 629 2077 669 non
2109 612 2278 669 extra
2308 611 2517 669 urbem
2546 612 2714 669 iuxta

371 693 676 751 Minervae
720 692 917 750 lucum
965 693 1071 751 sed
1115 698 1251 751 ante
1296 694 1492 752 aulam
1538 695 1724 769 ipsius
1769 696 1979 770 palatii
2025 696 2085 753 in
2133 695 2276 754 urbe
2305 695 2408 754 siti
2437 695 2711 754 extende·

371 778 566 835 batur.
645 776 766 835 Sed
797 796 904 853 ego
952 777 1193 852 quidem
1239 797 1370 836 cum
1417 778 1781 839 Kirchhoffio
1823 781 1988 838 illam
2022 780 2482 855 descriptionem
2513 800 2712 855 quam-

371 882 546 937 quam
606 862 1051 920 celeberrimam
1105 868 1168 921 et
1223 863 1554 922 mehercule
1612 864 2155 938 splendidissimam
2203 885 2237 922 a
2280 869 2483 923 nostro
2541 868 2717 940 poeta

368 965 487 1006 non
519 947 849 1020 profectam
893 929 1183 1022 arbitror,
1229 950 1505 1022 quoniam
1547 968 1657 1007 nec
1687 950 2005 1026 ingruente
2034 954 2206 1008 nocte
2238 969 2307 1007 ea
2336 949 2714 1025 pulcherrimi

368 1031 528 1089 horti
573 1032 859 1089 miracula
902 1032 977 1089 ab
1009 1030 1182 1090 Ulixe
1229 1035 1479 1107 spectari
1528 1037 1807 1108 poterant
1837 1037 1898 1092 et
1928 1035 2033 1092 illa
2063 1034 2422 1109 interposita
2453 1034 2715 1109 descrip-

373 1118 535 1175 tione
581 1118 843 1191 ipsarum
893 1117 1227 1192 multiplice
1272 1118 1496 1177 lumine
1545 1118 2027 1177 collustratarum
2073 1118 2309 1177 aedium
2354 1121 2549 1194 imago
2594 1123 2717 1177 tur-

377 1202 573 1274 batur,
620 1200 695 1258 ad
740 1221 918 1276 quam
963 1202 1150 1260 solam
1194 1204 1611 1262 antecedentia
1640 1204 1997 1278 pertinuisse
2029 1224 2081 1263 v.
2124 1205 2242 1262 132
2276 1207 2480 1279 aperte
2510 1203 2712 1262 docet:

677 1295 790 1360 τοῖ’
838 1296 941 1379 ἄρ’
992 1298 1071 1360 ἐν
1107 1297 1430 1361 Ἀλκινόοιο
1474 1308 1674 1362 θεῶν
1717 1299 1863 1362 ἔσαν
1905 1299 2094 1384 ἀγλαὰ
2140 1302 2355 1382 δῶρα.

375 1405 596 1462 Tamen
642 1408 704 1462 et
743 1423 852 1480 per
895 1424 957 1464 se
1000 1405 1392 1481 improbabile
1448 1410 1540 1465 est
1595 1425 1730 1465 cum
1776 1407 2077 1465 Minervae
2132 1407 2264 1466 luco
2327 1408 2504 1466 etiam
2558 1408 2717 1465 infra

374 1490 550 1559 §321
599 1491 773 1549 unice
818 1493 1275 1549 commemorato
1321 1492 1476 1567 regis
1522 1491 1881 1567 peculiarem
1924 1511 2137 1567 agrum
2182 1493 2541 1567 hortumque
2580 1509 2713 1551 con-

378 1575 647 1634 iunctum
678 1575 863 1632 fuisse
894 1578 958 1632 et
988 1575 1341 1633 obscuratur
1370 1576 1532 1634 nuda
1575 1575 1685 1634 hac
1728 1578 2026 1635 mentione
2073 1577 2216 1651 loci,
2263 1577 2366 1635 ubi
2410 1596 2716 1636 remanere

376 1660 616 1718 iubetur
660 1657 894 1732 Ulixes,
942 1659 1246 1717 luculenta
1289 1660 1623 1736 designatio
1667 1680 1773 1736 per
1815 1661 2164 1737 populatum
2208 1663 2436 1720 fontem
2481 1665 2543 1721 et
2586 1681 2718 1736 pra-

380 1751 506 1801 tum
553 1744 726 1803 facta.

542 1830 632 1886 De
687 1828 1087 1897 3328-331
1148 1829 1292 1888 satis
1349 1833 1442 1888 est
1492 1829 1743 1889 Ameisii
1802 1831 1917 1891 viri
1971 1832 2314 1890 amicissimi
2369 1833 2718 1907 repetivisse

374 1914 773 1973 notationem:
823 1913 978 1981 „Dic
1006 1915 1208 1972 lemen
1251 1917 1374 1973 υἱον
1404 1913 1591 1983 Versa,
1635 1935 1750 1974 von
1793 1917 1979 1975 denen
2006 1917 2098 1975 die
2125 1920 2265 1976 zwei
2294 1919 2580 1976 mittlercn
2608 1934 2720 1976 aus

375 2019 401 2056 ε
429 2001 575 2058 410.
631 1998 689 2054 Φ
718 2000 858 2057 468.
907 1999 1050 2056 469.
1112 1999 1145 2053 Ι
1177 2000 1318 2057 516.
1373 2021 1411 2055 α
1444 2001 1526 2058 20
1570 2003 1882 2074 compilicrt
1923 2003 2090 2070 sind,
2124 2004 2242 2061 331
2279 2027 2361 2050 =
2393 2023 2431 2057 α
2464 2003 2573 2075 21,
2619 2003 2718 2060 hat

375 2086 637 2158 offenbar
666 2087 760 2142 ein
788 2083 1096 2155 Rlaeapsode
1125 2085 1214 2142 als
1235 2085 1468 2143 Schmss
1491 2087 1825 2158 yebra-ucht,
1856 2103 2027 2145 wemz
2055 2104 2117 2144 cr
2144 2087 2269 2145 hier
2289 2087 2438 2145 Halt
2464 2087 2718 2156 machte‚·

377 2188 546 2228 wemz
600 2189 663 2228 er
716 2170 857 2228 aber
911 2170 1111 2226 seinen
1181 2168 1424 2244 Vortray
1474 2171 1656 2243 yleich
1699 2171 2009 2241 fortsetzen
2065 2172 2269 2242 wolltc,
2326 2177 2585 2230 mussten
2637 2173 2720 2230 sic

379 2254 740 2329 weyfallen.“

408 2345 416 2352 ’
543 2339 640 2397 Ad
683 2361 723 2415 η
761 2340 835 2395 13
880 2336 1101 2396 sufficit
1147 2339 1530 2415 adscripsisse
1576 2340 1929 2400 scholiastae
1957 2342 2171 2400 verba:
2218 2334 2433 2398 ἀθετεῖ
2460 2335 2716 2416 Ζηνόδο-

381 2444 490 2493 τος.
576 2417 692 2499 ἤδη
749 2418 861 2499 γὰρ
918 2412 1043 2479 εἷπε
1100 2422 1277 2499 „dass
1332 2420 1401 2480 δέ
1456 2421 1519 2481 οἶ
1555 2423 1743 2502 πῦρῑί.
1832 2421 1936 2482 καὶ
1979 2413 2075 2481 1510}
2121 2416 2229 2501 τὴν
2275 2417 2571 2503 διαφορὰν
2615 2432 2719 2483 τοῦ

378 2506 520 2571 εἴσω
565 2505 715 2586 πρὸς
761 2499 828 2566 τὸ
872 2503 1068 2566 ἔνδον.

545 2595 702 2653 Tum
757 2614 810 2653 v.
846 2594 923 2651 94
979 2595 1288 2670 perinepte
1345 2615 1414 2653 ex
1469 2613 1495 2650 ε
1531 2596 1678 2669 136,
1739 2595 1839 2653 ubi
1887 2594 2144 2671 Calypso
2201 2595 2347 2653 dicit
2388 2614 2451 2653 se
2498 2596 2713 2669 promi-

379 2681 525 2739 sisse
570 2678 810 2738 Ulixem
2494 2694 2503 2703 '

678 2771 895 2855 θήσειν
936 2769 1255 2838 ἀθάνατον
1299 2776 1400 2837 καὶ
1446 2767 1713 2857 ἀγήραον
1759 2771 1955 2856 ἤματα
1999 2775 2226 2857 πάντα,

2754 2554 2820 2602 33

380 2901 452 2958 ad
511 2919 720 2957 aureos
776 2903 1206 2985 argenteosque
1264 2918 1436 2958 canes
1480 2919 1514 2957 a
1557 2898 1821 2959 Volcano
1877 2900 2095 2958 affabre
2151 2900 2337 2958 factos
2381 2899 2720 2959 traductum

380 3004 507 3051 esse
552 2985 808 3060 primae,
867 2986 917 3043 si
963 2988 1117 3044 recte
1177 2985 1449 3058 memini,
1506 2984 1814 3044 Bekkerus
1870 2985 2087 3060 sensit,
2145 2985 2247 3059 qui
2304 3004 2437 3042 eum
2481 3004 2718 3045 versum

380 3070 437 3127 in
482 3088 709 3144 nupera
750 3069 1009 3128 editione
1054 3071 1126 3127 ad
1171 3071 1357 3128 imum
1401 3070 1731 3145 marginem
1773 3070 2085 3147 relegavit.

545 3154 734 3213 Porro
780 3154 957 3212 etiam
1004 3174 1041 3227 η
1077 3156 1404 3214 103--111
1465 3155 1744 3230 primitus
1803 3174 1837 3213 a
1879 3158 2087 3214 nostro
2145 3154 2404 3213 carmine
2459 3153 2720 3212 abfuisse

379 3257 495 3297 non
538 3240 732 3298 solum
778 3238 1116 3313 praesentia
1154 3239 1370 3298 docent
1402 3229 1805 3315 (ἀλετρεύουσι
1837 3271 1917 3281 -
1948 3228 2185 3312 ὑφόωσι
2232 3271 2313 3280 --
2370 3246 2721 3316 στρωφῶσιν

378 3358 448 3367 -
489 3312 908 3397 ἀπολείβεται),
954 3324 1055 3382 sed
1099 3342 1194 3382 res
1238 3324 1367 3399 ipsa
1409 3325 1578 3399 quasi
1625 3324 1869 3383 clamat:
1920 3325 2021 3383 ubi
2067 3324 2305 3383 tandem
2350 3324 2723 3400 conspexerit

381 3408 583 3468 Ulixes
642 3412 780 3466 ante
849 3408 1025 3466 aedes
1089 3409 1403 3466 etiamtum
1467 3409 1798 3468 consistens
1853 3408 2097 3468 ancillas
2153 3409 2288 3468 illas
2345 3396 2494 3465 κατὰ
2551 3404 2719 3481 δῶμα

378 3493 631 3553 diversis
661 3493 922 3568 negotiis
954 3510 1192 3568 operam
1223 3492 1479 3552 dantes?
1548 3494 1628 3552 Et
1670 3513 1846 3569 quam
1892 3496 2236 3570 importune
2281 3493 2519 3552 eaedem
2564 3494 2720 3551 inter

379 3597 587 3637 aureos
634 3596 847 3652 pueros
891 3576 965 3634 ad
1010 3578 1321 3636 introitum
1370 3596 1504 3636 cum
1559 3577 1785 3638 facibus
1842 3579 1966 3638 suis
2009 3579 2237 3654 positos
2281 3582 2458 3653 atque
2502 3579 2717 3635 mirum

379 3663 548 3721 illum
598 3663 834 3721 hortum
879 3665 1045 3720 extra
1091 3663 1286 3720 aulam
1331 3662 1513 3720 situm
1559 3663 1956 3721 inferciuntur
1997 3682 2176 3722 versu
2226 3664 2341 3721 103

685 3773 1052 3853 πεντήκοντα
1099 3775 1160 3836 δέ
1205 3777 1281 3836 οἰ
1318 3776 1506 3854 δμωαὶ
1554 3776 1703 3838 κατὰ
1749 3778 1915 3857 δῶμα
1958 3785 2270 3858 γυναῖκες,

380 3882 478 3941 ubi
526 3881 675 3957 quid
721 3882 836 3940 sibi
865 3883 1013 3941 velit
1052 3885 1157 3940 aut
1199 3882 1272 3939 ad
1317 3901 1633 3957 quamnam
1679 3902 1993 3957 personam
2039 3884 2414 3942 referendum
2457 3884 2538 3942 sit
2580 3901 2716 3958 pro-

380 3986 596 4025 nomen
642 3962 709 4021 οἵ
741 3985 916 4025 nemo
960 3966 1352 4042 divinaverit,
1408 3968 1525 4026 nisi
1569 3987 1602 4042 χ
1632 3969 1751 4025 421
1800 3969 1865 4027 in
1910 3968 2255 4028 memoriam
2311 3968 2423 4025 sibi
2479 3986 2717 4027 revoca-

383 4053 563 4125 verit,
612 4051 714 4109 ubi
760 4051 1058 4126 Euryclea
1098 4053 1337 4127 roganti
1385 4052 1546 4110 Ulixi
1593 4052 1740 4111 dicit

684 4145 1053 4228 πεντήκοντα
1095 4149 1192 4209 τοί
1229 4149 1378 4211 εἰσιν
1421 4147 1509 4210 ἕνὶ
1554 4147 1866 4231 μεγάροισι
1907 4156 2206 4233 γυναῖκες.

389 4256 756 4331 Quamquam
811 4258 1017 4313 nostro
1071 4255 1133 4312 in
1177 4254 1514 4332 fragmento
1570 4276 1897 4332 pronomen
1942 4253 2009 4312 οἱ
2044 4258 2243 4332 potius
2288 4257 2362 4315 ad
2420 4256 2720 4315 dominam

387 4342 609 4398 Areten
657 4357 837 4415 quam
882 4339 956 4397 ad
1003 4338 1308 4398 dominum
1342 4340 1658 4399 Alcinoum
1700 4342 2071 4401 referendum
2119 4361 2248 4401 esse
2293 4341 2502 4401 suadet
2544 4341 2717 4411 {305

386 4444 547 4500 sqq„
595 4424 699 4482 ubi
741 4424 1030 4482 Nausicaa
1074 4424 1147 4482 de
1192 4428 1378 4483 matre
1424 4425 1611 4483 refert

482 4529 731 4580 Kochly,
760 4528 1007 4571 Schriften.
1050 4530 1090 4571 1.
2256 4531 2315 4575 12
