3132 5129
1363 336 1818 401 ...558-

427 502 774 577 Hartungus
828 499 1030 556 autem
1075 496 1147 553 ad
1192 492 1407 570 λίμναν
1450 491 1830 552 εἱλίσσουσαν
1872 486 2039 593 ὕδωρ
2083 482 2327 549 κύκλιον
2368 511 2427 552 v.
2482 492 2641 550 1103
2665 508 2752 565 sq.

427 584 788 662 provocavit.
878 581 996 640 Sed
1054 599 1160 639 nec
1205 579 1384 639 fluvio
1428 596 1537 638 nec
1580 579 1712 637 lacu
1755 579 1940 637 verba
1984 568 2299 634 άστάκτων
2340 563 2578 634 ὑδάτων
2621 594 2757 635 οοιι-

427 672 704 740 veniunt,
765 672 826 727 et
876 686 950 726 ne
1006 667 1068 724 in
1121 666 1231 723 hac
1286 664 1524 740 quidem
1580 665 2022 723 constructione
2075 662 2491 737 genetivorum
2534 662 2757 720 incerte

427 755 748 833 putideque
804 752 1168 810 adnexorum
1213 748 1550 809 satisfacere
1596 750 1795 824 potest
1837 768 1943 824 pos
1920 748 2129 806 situra.
2217 748 2429 822 Itaque
2471 746 2547 806 ad
2593 746 2759 806 Sei'd-

429 840 536 902 leri
594 837 1145 914 interpretationem
1200 833 1513 911 regionum
1570 836 1784 892 natura
1836 833 2010 894 unice
2071 832 2544 892 commendatam
2587 831 2757 891 rede-

428 924 654 984 undum
698 923 829 997 fuit,
877 923 964 980 ita
994 923 1209 995 tamen,
1256 922 1326 978 ut
1354 919 1719 995 transposito
1750 938 1872 978 uno
1905 916 2193 978 vocabule
2223 917 2564 994 additaque,
2609 938 2760 994 quae

429 1028 604 1087 aegre
651 1007 1022 1068 desideratur
1066 1004 1460 1079 facillimeque
1507 1007 1647 1063 ante
1692 997 2025 1061 ἀστάκτων
2070 1003 2269 1061 omitti
2312 1004 2548 1078 potuit,
2595 1023 2762 1078 prae-

430 1095 724 1193 positione
770 1093 962 1152 iustus
1005 1089 1323 1151 verborum
1368 1089 1783 1148 restitueretur
1826 1090 1993 1149 ordo.
2076 1086 2300 1162 Scripsi
2345 1088 2529 1163 igitur
2568 1084 2758 1165 μάτηρ

429 1179 533 1252 εἰς
585 1172 976 1237 άστάκτων
1032 1169 1269 1233 ὑδάτων
1325 1168 1433 1230 τάν
1477 1171 1897 1272 βακχεύουσαν
1944 1166 2218 1251 Διονύσῳ
2266 1170 2619 1250 Παρνάσιον
2661 1193 2757 1232 κο·-

430 1262 648 1339 ρυφάν.
739 1263 857 1321 Sed
900 1280 975 1320 ne
1020 1263 1469 1335 antecessorem,
1516 1259 1682 1318 cuius
1728 1260 1791 1317 in
1834 1261 2029 1320 locum
2075 1259 2199 1333 ipse
2245 1260 2513 1334 successi,
2562 1260 2763 1318 dehita

431 1350 604 1410 laude
652 1347 937 1423 fraudem,
983 1346 1141 1405 viam
1188 1345 1304 1402 iam
1348 1345 1601 1419 praeivit
1647 1344 1970 1404 Schoenius
2013 1343 2326 1404 scribendo
2371 1339 2610 1403 λιποῦσ’
2659 1343 2762 1415 εἰς

430 1433 805 1494 άστακτον
865 1428 1057 1508 μάτηρ
1123 1423 1365 1487 ὑδάτων
1428 1424 1540 1487 τὰν
1593 1425 2009 1506 βακχεύουσαν
2071 1424 2352 1507 Διονύσῳ
2411 1423 2767 1507 Παρνάσιον

435 1515 728 1598 κορυφάν.
794 1516 911 1575 Sed
953 1516 1049 1574 hic
1094 1534 1331 1591 quoque
1373 1513 1781 1574 nominativus
1824 1508 2014 1593 μάτηρ
2057 1513 2425 1573 intolerabili
2469 1516 2645 1575 modo
2678 1534 2765 1575 ce-

437 1607 579 1666 teris
622 1602 822 1665 verbis
865 1604 993 1661 arte
1041 1598 1487 1660 cohaerentibus
1530 1600 1882 1660 interiectus
1927 1603 2038 1660 est.

606 1689 678 1746 V.
716 1688 875 1746 1246
922 1686 1280 1745 adiectivum
1324 1676 1821 1761 κατάχαλκος,
1868 1686 2026 1761 quod
2072 1688 2254 1745 ceteri
2299 1687 2490 1747 critici
2523 1686 2765 1745 damna-

437 1778 670 1849 verunt,
719 1772 1011 1847 explicare
1057 1772 1217 1830 solus
1262 1771 1549 1847 sustinuit
1595 1770 1918 1845 Seidlerus‚
1966 1770 2133 1829 cuius
2177 1776 2386 1831 notam
2431 1774 2493 1831 in
2540 1772 2775 1831 brevius

439 1860 801 1920 contractam
846 1857 1089 1932 repetiit
1119 1855 1420 1914 Klotzius:
1469 1856 1694 1931 „Poeta
1737 1854 1976 1916 finxisse
2021 1855 2138 1915 sibi
2182 1858 2425 1917 videtur
2464 1859 2775 1916 draconem

442 1946 620 2004 istum
665 1943 860 2001 aeneis
906 1941 1168 2017 squamis
1214 1940 1536 2000 obductum
1580 1940 1675 2000 vel
1722 1944 1880 2003 certe
1926 1942 2077 1999 aeris
2123 1945 2384 2015 speciem
2432 1961 2572 2019 prae
2599 1962 2661 2001 se
2691 1944 2771 2003 fe-

437 2029 723 2089 rentibus.
793 2027 951 2086 Voce
995 2022 1360 2102 κατάχαλκος
1405 2044 1475 2085 eo
1521 2025 1878 2102 significatu,
1925 2028 1994 2084 ut
2022 2024 2101 2084 sit
2142 2046 2316 2086 aere
2369 2029 2772 2104 obductus,

439 2116 630 2173 utitur
671 2113 890 2172 Noster
934 2113 997 2169 in
1040 2112 1342 2170 Phoeniss.
1389 2131 1448 2170 v.
1501 2108 1681 2170 llO.“
1769 2110 1945 2169 Hunc
1988 2110 2183 2170 locum
2230 2113 2385 2172 nihil
2431 2115 2647 2188 facere,
2706 2118 2779 2173 ut

439 2203 549 2259 hoc
593 2198 897 2275 epitheton
941 2198 1100 2256 recte
1143 2196 1541 2255 transferatur
1571 2196 1645 2254 ad
1677 2195 1991 2254 draconem
2023 2199 2359 2271 squamis
2390 2198 2557 2275 quasi
2587 2202 2778 2258 aereis

441 2285 722 2357 obsitum,
770 2301 943 2341 nemo
988 2301 1109 2340 non
1153 2281 1351 2341 videt·
1395 2300 1640 2357 prorsus
1686 2281 1844 2339 enim
1877 2281 2043 2339 deest
2070 2283 2357 2354 primaria
2389 2303 2776 2361 squamarum

442 2369 626 2428 noti0.
714 2367 838 2425 Nec
884 2369 931 2425 si
980 2366 1220 2441 quidem
1265 2365 1556 2425 eiusmodi
1601 2365 1695 2423 hic
1739 2365 2040 2442 legeretur
2082 2366 2437 2429 adiectivum
2487 2370 2559 2429 de
2606 2388 2776 2445 squa-

443 2473 606 2513 mosa
651 2452 918 2511 draconis
965 2455 1099 2510 cute
1144 2451 1386 2526 dictum,
1434 2451 1615 2526 probe
1662 2450 1723 2509 id
1770 2450 2056 2525 quadrare
2099 2469 2233 2510 cum
2274 2453 2512 2531 dativis,
2562 2455 2777 2530 quibus

444 2539 738 2599 inclusum
783 2539 891 2613 est,
941 2543 1144 2618 σκιερᾷ
1199 2570 1263 2579 -
1317 2529 1593 2615 εὐφύλλω
1640 2530 1865 2615 δάφνα,
1914 2536 2015 2611 qui
2058 2536 2413 2598 coniecturis
2459 2539 2657 2601 locum
2689 2559 2778 2599 sa-

445 2644 585 2683 nare
631 2623 994 2681 studuerunt
1035 2624 1195 2682 recte
1240 2623 1668 2682 intellexerunt
1712 2640 1934 2696 omneS,
1982 2620 2096 2679 ut
2082 2641 2198 2679 iam
2230 2624 2628 2702 MusgraviuS‚
2678 2626 2780 2703 qui

445 2701 878 2784 κατάμαλλος
911 2740 991 2749 --
1024 2707 1240 2766 foliis
1272 2707 1497 2782 lauri,
1544 2709 1913 2782 tamquam
1947 2706 2263 2785 vellere,
2313 2708 2668 2772 obtectus
2700 2744 2779 2753 -

443 2794 761 2871 legendum
809 2794 1063 2869 putavit.
1152 2793 1279 2851 Nec
1322 2792 1430 2852 hoc
1472 2791 1862 2867 probaturum
1913 2810 2271 2867 quemquam
2319 2795 2612 2872 arbitror,
2674 2816 2783 2857 nec

446 2881 604 2956 quod
653 2879 1029 2937 Hermannus
1075 2879 1315 2952 scripsit
1358 2873 1688 2952 καταχλαι
1709 2895 1832 2945 νος
1879 2877 2101 2935 scilicet
2153 2878 2529 2951 „addendum
2576 2883 2779 2942 lexicis

446 2963 859 3039 vocabulum“,
907 2966 1012 3022 aut
1041 2962 1391 3038 Hartungus
1424 2955 1872 3038 κατάφαρκτο
1894 2983 1959 3036 ς,
2003 2961 2166 3037 quod
2200 2967 2326 3022 tum
2358 2968 2783 3027 tantummodo

376 3065 403 3080 ’·
453 3053 609 3107 recte
655 3049 965 3122 diceretur,
1014 3048 1063 3107 si
1110 3048 1286 3105 draco
1331 3047 1433 3104 ille
1479 3065 1675 3105 sacrae
1721 3047 1958 3104 laureae
2006 3047 2166 3106 foliis
2211 3048 2650 3129 frondibusque
2681 3052 2783 3112 ab·

451 3134 608 3190 unde
656 3133 876 3190 fartum
919 3133 1315 3191 ventriculum
1360 3132 1734 3207 gestavisset.
1796 3129 2103 3206 Optimum
2151 3151 2287 3193 sane
2332 3141 2509 3211 esset,
2560 3140 2609 3197 si
2655 3138 2786 3213 qui-

449 3219 584 3275 dem
642 3220 831 3274 metro
889 3217 1158 3292 adaptari
1214 3221 1443 3291 posset,
1504 3215 1743 3275 Heathii
1802 3218 2408 3292 κατακαλυφθείς.
2497 3222 2595 3282 Ita
2642 3242 2786 3283 sane

451 3300 774 3360 Schoenius
820 3301 892 3358 de
938 3301 1254 3375 eiusmodi,
1313 3302 1472 3376 quod
1531 3300 2037 3359 accommodatum
2093 3307 2280 3378 esset,
2337 3306 2629 3368 adiectivo
2686 3309 2786 3367 de·

452 3404 720 3461 sperasse
766 3385 1021 3461 videtur,
1069 3406 1204 3445 cum
1249 3387 1400 3444 hanc
1429 3390 1634 3444 notam
1665 3385 2097 3445 conscriberet:
2142 3391 2274 3457 „dic
2297 3391 2645 3470 Bedeutmey
2675 3413 2791 3453 von

454 3463 957 3545 κατάχαλκος,
1005 3473 1428 3544 bepanzert,
1474 3472 1531 3530 d.
1577 3471 1637 3529 Ιι.
1680 3472 1786 3530 mit
1828 3471 2244 3546 Schuppcn,
2289 3478 2646 3538 widerstrebc
2690 3481 2794 3539 der

469 3556 843 3630 Verbinduny
886 3558 991 3613 mit
1036 3561 1241 3636 σκιερα
1282 3551 1519 3637 δάφνα,
1564 3556 1745 3615 daher
1772 3557 1937 3614 kann
1965 3558 2148 3616 dieser
2175 3558 2357 3619 Dativ
2385 3564 2542 3622 nicht
2569 3565 2793 3637 fuylich

457 3643 671 3701 anders
726 3641 816 3698 als
874 3642 1023 3698 lokal
1073 3641 1291 3715 yefasst
1345 3616 1574 3700 werden
1628 3643 1693 3699 in
1747 3642 1875 3700 dem
1926 3641 2111 3700 Sirene
2164 3661 2278 3702 von
2338 3639 2679 3722 καθήμενος
2726 3644 2794 3706 ἐν

456 3724 685 3804 δάφνα.
692 3725 728 3753 “
783 3724 851 3781 Ιιι
886 3743 1004 3799 qua
1035 3726 1426 3800 explicatione
1458 3745 1635 3802 quam
1665 3726 1821 3784 male
1851 3726 2067 3785 habeat
2097 3727 2438 3789 dativorum
2470 3752 2579 3807 per
2608 3735 2794 3795 inter·

461 3812 706 3870 missum
753 3809 1110 3868 adiectivum
1156 3811 1504 3886 diremptio,
1566 3829 1742 3870 nemo
1787 3829 1907 3869 non
1952 3811 2133 3871 videt.
2222 3813 2430 3890 Itaque
2478 3819 2790 3895 eiusmodi,

455 3896 615 3973 quod
659 3895 874 3954 dativis
920 3899 1241 3971 congruat,
1300 3896 1606 3971 epitheton
1650 3896 1821 3955 nobis
1866 3899 1958 3955 est
1999 3897 2455 3990 inveniendum,
2505 3923 2686 3980 „51ve
2731 3905 2792 3963 id

455 4002 577 4042 non
622 3983 763 4056 pote
808 3981 932 4038 sive
975 3979 1187 4055 pote!“
1249 3981 1669 4057 cogitaveram
1714 3981 1857 4039 olim
1900 3981 1971 4041 de
2002 3972 2452 4062 κατάκοιτος,
2502 3990 2663 4065 quod
2694 3989 2796 4048 ad-

459 4067 736 4126 iectivum
781 4066 1071 4124 translato
1118 4084 1257 4123 sane
1304 4066 1658 4140 diversoque
1704 4085 1879 4125 sensu
1922 4067 1986 4124 in
2015 4066 2181 4144 Ibyci
2236 4069 2450 4146 fragm.
2489 4076 2518 4131 1
2559 4105 2635 4116 —
2669 4071 2798 4150 ἐμοὶ

458 4146 695 4227 δ’ἔρος
741 4143 1028 4225 οὐδεμίαν
1072 4143 1516 4219 κατάκοιτος
1550 4170 1819 4227 ωραν-
1844 4150 2091 4227 legitur,
2140 4153 2243 4212 sed
2274 4162 2574 4228 praestare
2603 4160 2798 4220 visum

461 4237 550 4295 est
605 4230 1065 4312 καθὲλικτος,
1127 4235 1287 4311 quod
1343 4239 1403 4294 et
1458 4235 1648 4311 magis
1703 4236 1940 4311 proprie
1995 4237 2068 4294 de
2129 4238 2382 4300 dracone
2427 4244 2647 4303 dieitur
2689 4263 2799 4303 nec

465 4322 702 4395 longius
747 4340 780 4377 a
825 4320 1047 4379 tradita
1092 4322 1382 4396 scriptura
1426 4320 1611 4379 abest.
1669 4319 1741 4378 Id
1786 4320 1990 4396 igitur,
2036 4322 2222 4381 donec
2251 4327 2619 4399 probabilius
2661 4330 2800 4388 affe-

468 4409 649 4479 ratur,
695 4404 1099 4480 recipiendum
1148 4406 1315 4480 duco,
1361 4424 1468 4464 nec
1497 4424 1566 4465 eo
1597 4404 1967 4480 probabilius
1996 4411 2153 4466 certe
2183 4407 2468 4471 Badhami
2499 4433 2791 4474 commen-

725 4653 872 4756 Ἅι,
