3132 5129
1224 392 1687 456 „463-

289 553 412 610 335
456 547 737 625 κρηπῖδα.
830 552 955 610 336
1003 546 1099 608 ὅτε
1143 540 1203 607 δ’
1254 546 1483 627 ἔδρακε.
1574 550 1696 608 338
1741 539 2134 625 ἆπηλιβοὶτου.
2224 552 2345 609 339
2392 546 2505 607 καδ
2554 583 2626 594 -

288 632 548 711 τέθνηκε
592 629 739 711 σύν,
786 635 944 711 quod
992 635 1152 693 haud
1200 635 1322 693 seio
1365 654 1444 694 an
1474 634 1929 711 praeferendum
1959 636 2038 694 sit
2064 634 2311 711 vulgato
2340 631 2631 710 τέθνηκεν

283 714 383 778 ἐπ’
436 712 737 800 ὀλλυμὲνῳ
781 721 1151 801 παρακοίτῃ,
1195 720 1354 794 quod
1403 739 1542 779 sane
1589 720 1885 779 similibus
1914 719 2062 780 locis
2093 719 2453 780 defenditur.
2513 721 2627 780 Sed

286 806 349 864 h.
394 806 434 865 l.
481 824 604 865 non
648 808 770 863 tam
817 805 889 863 de
921 805 1120 864 Herus
1164 805 1438 880 positura
1469 824 1650 880 super
1680 804 1962 864 amatoris
1993 823 2241 879 corpore
2273 806 2629 882 exspirantis

286 909 466 965 quam
514 890 587 949 de
631 908 752 948 uno
798 890 1123 965 eodemque
1167 890 1457 965 temporis
1505 892 1828 964 momente,
1876 908 1992 965 quo
2037 889 2213 949 ambo
2256 894 2521 950 amantes
2551 892 2628 949 si-

286 976 412 1033 mul
455 976 771 1050 perierint,
818 994 1011 1034 sermo
1056 992 1187 1034 esse
1230 974 1489 1033 videtur.

458 1059 619 1120 Satis
667 1060 917 1136 longum
961 1059 1128 1120 vides
1177 1078 1212 1117 a
1255 1059 1447 1118 scriba
1490 1062 1698 1118 nostro
1742 1063 2116 1134 peccatorum
2150 1059 2400 1119 indicem
2430 1062 2626 1136 negle-

285 1144 527 1222 gentiae
573 1163 714 1204 sane
767 1147 828 1204 et
871 1144 1245 1221 ignorantiae
1291 1147 1525 1221 testem,
1575 1144 1677 1204 sed
1708 1144 1888 1202 etiam
1920 1143 2056 1202 fidei
2087 1145 2260 1204 bonis
2292 1146 2418 1204 eius
2449 1146 2628 1220 scrip·

286 1230 440 1289 turis
484 1229 791 1289 habendae
836 1230 1065 1289 vadem.
2391 1290 2402 1300 ‚

462 1314 580 1373 Sed
623 1314 768 1375 haec
814 1315 961 1374 satis
1005 1316 1202 1373 sunto.
1260 1313 1388 1373 Iam
1430 1315 1494 1372 in
1537 1313 1941 1389 proponendis
1986 1314 2627 1373 variis'lectioni-

286 1400 419 1458 bus
476 1418 682 1475 pergo.
771 1398 861 1458 Ac
915 1399 1175 1474 primum
1229 1398 1467 1474 quidem
1530 1399 1593 1457 in
1651 1400 1780 1475 ipso
1843 1399 2138 1458 Musaeo
2198 1417 2254 1461 v.
2292 1401 2409 1458 125
2470 1399 2628 1474 quod

288 1484 470 1560 vulgo
526 1484 751 1559 legitur
792 1480 984 1558 ἄλλην
1025 1482 1214 1556 δεῦρο
1261 1478 1555 1542 κέλευθον
1600 1503 1774 1543 sensu
1821 1501 2016 1543 carere
2060 1502 2233 1543 nemo
2277 1502 2398 1543 non
2442 1484 2627 1543 videt.

290 1569 464 1628 Alius
520 1569 774 1628 fortasse
819 1570 892 1627 de
937 1569 1151 1628 lacuna
1194 1568 1289 1627 hic
1334 1586 1570 1643 quoque
1616 1568 1998 1644 cogitaverit3
2078 1568 2222 1627 mihi
2269 1588 2407 1628 vero
2452 1572 2630 1644 poeta

288 1671 359 1711 ex
405 1654 585 1712 Hom.
635 1652 700 1709 N
746 1655 867 1712 784
920 1657 981 1712 et
1022 1650 1059 1710 δ
1105 1654 1228 1711 274
1273 1653 1583 1728 scripsisse
1640 1653 1876 1713 videtur
1919 1648 2114 1726 ἄλλην
2160 1649 2338 1728 δεῦρο
2378 1650 2624 1711 κέλευ-

286 1752 449 1813 σον,
494 1738 651 1815 quod
705 1739 947 1816 egregie
994 1738 1192 1798 verbis
1237 1739 1444 1797 statim
1487 1739 1874 1814 sequentibus
1921 1738 2399 1798 commendatur:

999 1845 1169 1951 ἕμον
1183 1846 1240 1912 δ’
1290 1849 1574 1914 ἆπόλειπε
1617 1862 1758 1932 χιτω
1761 1876 1836 1913 να
1849 1898 1868 1934 ,

595 1948 784 2018 μῆνιν
829 1935 985 2018 ἐμῶν
1027 1933 1066 1997 ἆ
1078 1960 1124 1998 π
1135 1960 1169 1999 ο
1153 1932 1213 1998 ’λ
1228 1959 1254 1997 ε
1270 1962 1291 1998 ι
1307 1960 1351 1998 π
1362 1960 1388 1999 ε
1432 1939 1852 2000 πολυκτεάνων
1896 1935 2230 2019 γενετήρων
2242 1984 2262 2017 ,

291 2061 394 2119 ubi
451 2061 639 2120 altero
697 2079 872 2121 versu
914 2079 1023 2135 pro
1076 2061 1322 2135 vulgato
1366 2053 1615 2118 ἆπόειπε
1659 2060 2044 2136 repetendum
2102 2079 2232 2119 esse
2274 2048 2629 2119 ἆπόλειπε

290 2147 408 2204 iam
466 2146 609 2205 olim
668 2146 731 2204 in
787 2146 1043 2204 coniee
1065 2144 1312 2204 taneis
1356 2163 1409 2203 a.
1455 2143 2034 2205 MDCCCXXXVIII
2088 2145 2160 2203 ad
2219 2145 2626 2203 Hermannum

295 2231 496 2289 missis
540 2250 598 2306 p.
631 2232 711 2289 52
764 2227 969 2305 [supra
997 2250 1055 2305 p.
1089 2222 1236 2331 336]
1285 2229 1501 2289 collato
1547 2230 1854 2290 simillimo
1900 2230 2160 2306 Oppiani
2205 2231 2334 2289 loco
2366 2229 2626 2288 Halieut.

289 2315 401 2389 ΙΙΙ,
447 2316 569 2373 514
613 2322 850 2388 ψαῦσαι
892 2309 1005 2390 μὲν
1047 2332 1279 2388 τρομεει
1321 2309 1544 2391 μητρὸς
1588 2307 1764 2389 χόλον
1807 2314 1996 2374 docui.

465 2399 619 2458 Tum
662 2421 720 2460 v.
753 2401 871 2458 159
917 2394 1337 2477 παραπλάγξας
1380 2394 1491 2457 ἐνὶ
1533 2393 1755 2474 μύθοις
1800 2418 1835 2456 a
1878 2403 2188 2473 poetarum
2219 2400 2625 2459 Nonnicorum

293 2504 405 2543 usu
451 2485 761 2559 abhorret,
808 2502 879 2543 ex
924 2502 1041 2559 quo
1088 2478 1160 2540 ἕο
1203 2481 1426 2560 μύθοις
1470 2485 1750 2543 Musaeus
1792 2503 2029 2559 quoque
2071 2486 2373 2559 posuerat.

469 2570 725 2630 Multum
772 2571 1013 2630 vexavit
1055 2571 1414 2644 interpretes
1457 2590 1514 2630 v.
1549 2570 1672 2628 225

594 2686 967 2764 παννυχίδας
1012 2679 1076 2744 δ’
1125 2680 1547 2758 ἀνύσαντες
1592 2681 1934 2763 ἆκοιμήτων
1975 2681 2284 2764 ὑμεναίων

599 2764 873 2850 ἀλλήλων
913 2767 1185 2842 ἀέκοντες
1229 2769 1677 2847 ἔνοσφίσθησαν
1719 2767 1989 2853 ἀνάγκῃ,

296 2894 397 2966 qui
457 2891 507 2951 si
570 2911 747 2951 sanus
790 2895 975 2966 esset,
1036 2892 1327 2950 indicaret
1369 2891 1657 2966 breviter,
1709 2891 1868 2968 quod
1914 2911 2048 2951 cum
2094 2893 2223 2951 toto
2269 2889 2629 2951 narrationis

296 2980 504 3036 tenore
547 2979 805 3052 pugnat,
866 2977 981 3034 iam
1027 2979 1156 3035 tum
1200 2978 1463 3053 primum
1505 2978 1569 3036 in
1615 2979 1839 3054 templo
1882 2977 2334 3054 congredientes
2381 2976 2629 3035 Veneris

300 3061 537 3138 gaudiis
583 3064 851 3120 amantes
897 3080 1023 3120 sese
1070 3061 1319 3121 dedisse.
1406 3062 1760 3138 Falleretur,
1806 3063 1856 3121 si
1903 3064 2038 3137 quis
2084 3063 2271 3121 futuri
2315 3062 2628 3138 participio

296 3142 716 3217 ἆνύσοντες
748 3145 1023 3221 ponendo
1053 3149 1262 3221 poetae
1293 3166 1532 3205 manum
1563 3147 1899 3207 restituisse
1924 3147 2038 3205 sibi
2067 3147 2391 3207 videretur.
2441 3147 2627 3218 Quale

297 3232 554 3308 verbum
602 3233 965 3306 requiratur,
1011 3250 1081 3290 ex
1127 3251 1182 3291 v.
1215 3233 1333 3289 221
1383 3231 1615 3306 prodit:

599 3341 678 3419 ὣς
722 3348 781 3406 οἳ
822 3344 932 3423 μὲν
974 3347 1282 3426 κρυφίοισι
1325 3345 1539 3426 γάμοις
1585 3346 1996 3408 συνέθεντο
2039 3348 2304 3426 μιγῆναι.

301 3465 372 3524 Id
418 3467 598 3526 fuisse
642 3467 881 3527 videtur
923 3461 1276 3537 ἀνέσαντες
1321 3487 1391 3526 ex
1433 3468 1665 3527 duobus
1701 3467 1945 3526 Homeri
1991 3468 2134 3527 locis
2179 3469 2627 3542 depromptum:
2663 3481 2728 3529 22

300 3551 366 3607 N
413 3552 555 3626 657,
603 3553 705 3610 ubi
753 3552 996 3628 proprio
1041 3571 1219 3611 sensu
1265 3553 1460 3628 ipsum
1502 3554 1885 3628 participium
1931 3553 2158 3628 legitur
2202 3549 2260 3622 ἐς
2305 3550 2527 3629 δίφρον
2569 3544 2623 3608 δ’

293 3627 702 3706 ἀνέσαντες
745 3656 898 3713 αγον
940 3632 1111 3714 προτι
1144 3633 1370 3708 Ἴλιον,
1425 3640 1486 3695 et
1529 3635 1588 3700 Ξ
1624 3638 1776 3711 209,
1830 3637 1933 3694 ubi
1990 3636 2276 3696 translate
2319 3639 2381 3695 in
2425 3638 2629 3696 eadem

295 3739 357 3778 re
402 3740 470 3780 eo
517 3721 698 3781 verbo
743 3723 961 3780 utitur:
1020 3717 1074 3779 εί
1115 3720 1292 3780 κείνω
1340 3755 1414 3764 -
1467 3721 1479 3796 Ι
1543 3720 1627 3791 εἰς
1671 3714 1860 3795 εὐνὴν
1912 3712 2268 3797 α’νέσαιμι
2315 3713 2631 3797 ὁμωθῆναι

294 3802 583 3880 φιλότητι.

463 3890 539 3948 V.
572 3891 696 3949 235
720 3909 811 3967 sq.
855 3891 967 3950 hoc
1010 3890 1187 3949 modo
1232 3891 1486 3965 scriptos
1530 3909 1565 3948 a
1609 3890 1853 3950 Musaeo
1896 3890 2184 3949 arbitror:

595 3984 880 4070 ἀγγελίην
920 3982 1205 4068 ἀνέμιμνε
1249 3986 1841 4067 πολυπλαγκτων
1886 3980 2210 4085 ὑμεναίων,

596 4075 928 4155 μαρτυρίην
971 4074 1212 4153 λύχνοιο
1255 4072 1799 4154 φαεινομένοιο
1843 4066 2126 4138 δοκεύων

296 4193 497 4270 Vulgo
541 4195 739 4270 priore
781 4215 957 4257 versu
1004 4192 1416 4272 φαεινομένων
1459 4196 1685 4273 legitur
1727 4215 1762 4254 a
1791 4194 2119 4254 Passovio
2103 4213 2166 4253 m
2197 4189 2631 4272 φαεινομένην

295 4283 625 4356 mutatum,
692 4282 883 4341 altero
939 4278 1434 4357 πολυκλαύστοιο,
1510 4281 1672 4356 quod
1731 4280 1828 4338 hic
1882 4279 2122 4355 quidem
2183 4299 2305 4339 non
2359 4281 2631 4356 quadrat.

299 4363 587 4423 Nostrum
634 4369 695 4425 et
740 4387 796 4426 v.
829 4369 969 4440 291,
1016 4367 1172 4425 unde
1217 4367 1434 4441 prioris
1480 4385 1687 4426 versus
1710 4365 2033 4425 clausulam
2067 4365 2526 4441 desumpsimus,
2573 4370 2633 4427 et

292 4468 352 4509 v.
386 4450 503 4507 211
552 4445 772 4527 λύχνον
803 4482 880 4492 -
911 4443 1217 4525 ἆνοὶφαινε
1264 4456 1445 4528 atque
1478 4452 1600 4510 239
1633 4447 1852 4527 λύχνον
1885 4446 2134 4524 ἔφαινεν
2165 4452 2630 4512 commendatur.
