3132 5129
351 3491 410 3537 15

1393 383 1684 446 —538
1777 420 1849 430 —-·

941 533 1204 612 οὐρανοῦ
1249 532 1826 615 προσαρμόσασα

939 621 1288 699 μονόπωλον
1331 620 1390 694 ἐς
1435 618 1558 697 ἀῶ,

771 719 897 764 1005
1029 705 1370 803 ἑπταπόρου
1416 728 1474 765 τε
1520 705 1795 808 δράμημα
1844 682 2164 778 Πελειάδος

939 791 1044 864 εἷς
1087 785 1272 853 ὁδὸν
1316 791 1551 852 ἄλλαν
1596 787 1746 863 Ζεὺς
1788 789 2273 871 μεταβάλλει,

940 875 1129 937 τῶνδέ
1173 874 1225 935 τ’
1276 871 1504 956 ἀμείβει
1548 872 1850 948 θανατους
1896 873 2180 937 θανάτων

939 958 1008 1022 τά
1052 956 1108 1021 τ’
1155 960 1438 1038 ἐπώνυμα
1483 962 1698 1023 δεῖπνα
1749 959 2016 1022 Θυέστου

937 1045 1144 1126 λέκτρα
1191 1068 1250 1107 τε
1295 1044 1577 1126 Κρήσσας
1620 1043 1908 1125 Ἀερόπας
1953 1046 2105 1106 δολί-

770 1143 900 1190 1010
942 1156 1014 1204 ας
1062 1130 1302 1191 δολίοισι
1345 1152 1586 1211 γαμοις,
1634 1132 1703 1192 τα
1750 1130 2096 1193 πανύστατα
2144 1126 2196 1187 δ’

939 1218 1045 1287 εἰς
1089 1214 1208 1295 ἐμὲ
1252 1216 1351 1276 καὶ
1394 1214 1701 1295 γενέταν
1738 1210 1915 1313 ἐμὸν
1956 1214 2199 1291 ἤλυθε

1024 1300 1225 1379 δόμων
1267 1300 1650 1372 πολυστόνοις
1691 1324 2003 1381 αναγκαις.

448 1396 503 1465 Α
549 1408 840 1465 Mercurio
899 1406 1112 1483 initur,
1171 1406 1336 1465 cuius
1391 1405 1547 1463 filius
1606 1405 1887 1481 Myrtilus
1943 1426 1976 1463 a
2031 1406 2251 1480 Pelope
2309 1406 2451 1463 olim
2506 1407 2570 1463 in
2626 1427 2786 1466 mare

452 1493 874 1567 praecipitatus
922 1496 1105 1567 esset,
1153 1508 1364 1550 aureus
1409 1491 1510 1549 illc
1554 1510 1743 1567 agnus
1787 1492 1959 1549 Atrei
2006 1491 2287 1566 gregibus
2332 1491 2633 1549 immissus
2677 1497 2785 1567 est„

450 1578 523 1634 de
581 1597 697 1652 quo
755 1580 822 1634 ut
876 1576 948 1633 do
1004 1578 1173 1653 regni
1228 1576 1396 1635 fatali
1454 1576 1625 1652 signo
1682 1594 1815 1634 cum
1872 1579 2169 1634 certamen
2227 1595 2359 1634 cum
2404 1576 2561 1635 inter
2604 1580 2786 1651 atque

451 1663 694 1719 fmtrem
753 1660 1072 1737 Thyestem
1139 1664 1334 1720 ortum
1400 1663 1555 1718 esset
1618 1660 1889 1719 nefandis
1955 1660 2276 1719 sceleribus
2346 1663 2414 1718 ut
2479 1661 2784 1720 adulterae

450 1747 720 1820 Aeropae
778 1745 1027 1820 perfidia
1081 1749 1260 1821 atque
1304 1745 1734 1821 Thyesteorum
1791 1764 2108 1820 puerorum
2152 1746 2507 1804 mactatione
2553 1749 2783 1821 conspi-

449 1849 644 1903 cuum,
692 1830 849 1889 Iovis
892 1831 1132 1889 numine
1180 1830 1321 1889 solis
1365 1849 1566 1888 currus
1612 1834 1772 1888 retro
1819 1831 1995 1889 cessit
2037 1830 2110 1888 ab
2145 1830 2451 1888 occidente
2482 1831 2555 1889 ad
2588 1832 2785 1889 orien-

449 1917 570 1972 tem
616 1933 932 1974 conversus
962 1935 1069 1974 nee
1098 1915 1366 1974 Pleiades
1410 1933 1582 1973 suum
1627 1933 1861 1972 cursum
1905 1918 2244 1989 tenuerunt,
2292 1914 2365 1972 ad
2410 1915 2787 1973 indicandam

451 1999 676 2058 scilicet
718 2003 1066 2076 perpetuam
1111 2001 1400 2071 malorum
1431 2001 1643 2059 seriem
1674 2002 1817 2058 tunc
1847 2003 2144 2075 postremo
2175 2001 2237 2058 in
2269 2000 2456 2075 ipsam
2487 2000 2787 2059 Electram

450 2083 695 2160 eiusque
740 2088 973 2161 patrem
1018 2087 1442 2162 ingruentium.

619 2171 969 2229 Accuratius
1026 2171 1205 2230 etiam
1262 2172 1403 2229 haec
1448 2170 1705 2230 carmine
1763 2171 2173 2245 exponuntur,
2237 2169 2399 2244 quod
2445 2167 2675 2227 Chorus
2721 2171 2787 2229 in

449 2255 751 2313 Electra
795 2276 850 2315 v.
890 2258 1008 2314 699
1035 2274 1161 2331 sqq.
1206 2257 1384 2314 canit.
1474 2255 1565 2313 Ibi
1612 2259 1929 2331 postquam
1973 2255 2137 2314 aurei
2180 2255 2320 2329 agni
2364 2254 2704 2329 prodigium
2749 2276 2786 2312 a

451 2340 612 2397 Pane
644 2340 917 2399 Mercurii
949 2336 1073 2399 filio
1104 2341 1387 2417 gregibus
1416 2343 1749 2399 immissum
1792 2341 2099 2415 praeconis
2144 2339 2340 2415 elogio
2386 2342 2565 2413 atque
2599 2340 2787 2397 totius

450 2424 656 2499 populi
704 2425 929 2485 choreis
960 2426 1376 2502 sacrificiisque
1407 2430 1713 2501 exceptum
1746 2425 2030 2500 narravit,
2078 2426 2162 2483 ita
2193 2426 2395 2501 pergit
2425 2424 2497 2482 de
2527 2423 2787 2499 Thyeste

450 2511 587 2586 agni
634 2513 876 2587 raptore
920 2532 977 2571 v.
1013 2512 1135 2570 7⁶20
1159 2531 1318 2588 sqq:

794 2621 893 2669 720
936 2611 1219 2688 κρυφίαις
1260 2609 1375 2690 γὰρ
1420 2606 1628 2684 εὐναῖς

941 2696 1151 2768 πείσας
1195 2691 1406 2773 ἄλοχον
1451 2697 1637 2769 φίλαν

934 2777 1176 2859 Ἀτρέως
1224 2779 1390 2876 τέρας
1436 2778 1723 2857 ἐκκομίζει
1768 2778 1931 2872 πρὸς

935 2864 1206 2940 δώματα·
1254 2858 1528 2941 νεόμενος
1577 2860 1636 2922 δ
1687 2865 1768 2935 εἰς
1812 2856 2076 2943 α’γόρους
2121 2860 2290 2924 αύτει

938 2973 1045 3009 ταν
1088 2946 1411 3047 κερόεσσαν
1454 2947 1510 3008 ἕ-

793 3044 891 3092 725
936 3056 1061 3112 χειν
1082 3028 1502 3131 χρυσόμαλλον
1547 3031 1693 3091 κατὰ
1739 3033 1906 3130 δῶμα
1952 3035 2228 3110 ποίμναν.

1021 3112 1179 3179 τότε
1225 3111 1311 3193 δὴ
1359 3116 1513 3178 τότε
1559 3140 1828 3216 φαεννας

934 3202 1173 3279 α’στρων
1214 3197 1558 3282 μετέβασ’
1606 3194 1781 3280 ξιδούς

939 3287 1091 3360 Ζεὺς
1136 3287 1234 3348 καὶ
1280 3286 1552 3367 φέγγος
1598 3283 1854 3348 ἀελίου

937 3368 1151 3434 λευκόν
1197 3396 1252 3433 τε
1296 3372 1625 3453 πρόσωπον
1667 3366 1851 3448 doeg,

449 3495 596 3550 quae
653 3476 793 3535 solis
852 3477 1232 3553 siderumque
1291 3479 1596 3536 conversio
1656 3496 1971 3552 quemnam
2028 3477 2300 3535 effectum
2357 3478 2419 3534 in
2464 3478 2776 3552 plagarum

447 3564 849 3634 temperatura
904 3563 1204 3637 habuerit,
1275 3563 1550 3636 pluribus
1615 3565 1958 3638 persecutus
2026 3563 2324 3636 postremo
2392 3582 2448 3619 v.
2500 3564 2618 3620 737
2652 3581 2777 3637 sqq.

446 3645 587 3703 haec
629 3646 823 3704 addit:

1145 3728 1387 3809 λέγεται,
1434 3727 1544 3790 τὰν
1589 3727 1655 3789 δὲ
1697 3729 1899 3788 πίστιν

1146 3811 1400 3918 σμικραν
1440 3809 1586 3894 παρ’
1635 3807 1820 3892 ἔμοιγ’
1867 3811 2011 3890 ἔχει,

1153 3898 1468 3978 στρέψαι
1514 3897 1750 3977 θερμὰν
1792 3893 2038 3957 ἀέλιον

1018 3995 1116 4041 740
1149 3982 1464 4064 χρυσωπὸν
1510 3982 1734 4057 εδραν
1778 3978 2139 4054 αλλάξαν-

1150 4093 1230 4128 τα
1275 4070 1557 4151 δυστυχία
1604 4068 1843 4148 βροτείῳ

1147 4154 1369 4226 θείας
1416 4154 1591 4233 (sicl)
1641 4174 1841 4213 ενεκεν
1886 4150 2080 4223 δίκας.

449 4273 623 4332 Patet
668 4276 852 4349 igitur
897 4276 1075 4333 etiam
1121 4295 1188 4334 ex
1234 4274 1292 4334 h.
1326 4277 1368 4334 1.
1402 4276 1569 4333 illam
1617 4274 1759 4333 solis
1803 4276 2248 4333 convelsionem
2293 4279 2354 4332 et
2396 4275 2598 4332 statim
2643 4280 2780 4351 post

449 4359 612 4415 aurei
667 4360 810 4434 agni
855 4360 1282 4419 immissionem
1330 4365 1746 4434 certamenque
1792 4359 1917 4417 eius
1962 4360 2157 4434 gratia
2201 4361 2474 4417 exortum
2519 4363 2580 4418 et
2621 4360 2771 4419 <livi-

452 4462 559 4501 nae
606 4443 902 4502 vindictae
948 4445 1011 4502 in
1057 4446 1335 4503 mortales
1381 4445 1737 4504 exercendae
1782 4463 1957 4503 causa
1998 4445 2216 4502 factam
2258 4462 2404 4504 esse.
