3132 5129
1401 371 1816 434 -32-

444 527 605 586 illius
650 527 984 603 exemplum
1028 527 1359 586 confectum
1414 547 1542 587 esse
1600 527 1674 586 ab
1730 529 2187 625 interpolatore,
2257 530 2359 605 qui
2417 530 2618 604 potius
2673 531 2779 587 im·

443 616 744 671 mutatum
789 613 957 670 illum
1004 612 1355 673 infersisset.
1443 613 1707 692 Neque„
1731 615 1780 673 si
1825 615 2039 721 eicitur
2069 615 2222 687 320,
2268 615 2412 673 satis
2457 614 2777 673 cohaerent

445 698 567 756 319
614 701 677 756 et
720 698 864 756 321.

612 782 739 840 Nec
792 783 1013 841 maiore
1069 782 1311 858 negotio
1368 783 1548 842 etiam
1606 803 1675 841 ex
1734 783 2200 858 Agamemnonis
2257 783 2334 841 ad
2388 783 2776 859 Talthybium

443 867 693 941 imperio
738 886 895 926 nunc
939 867 1179 942 quidem
1228 869 1557 926 193—197
1618 868 1958 943 quinque
2012 868 2285 928 versibus
2342 873 2625 944 concepto
2684 868 2777 925 vel

443 950 563 1009 duo
611 948 759 1027 (196
792 949 914 1030 sq.)
961 953 1096 1010 tolli
1138 955 1387 1026 possent
1444 952 1536 1012 vel
1592 971 1745 1011 unus
1791 949 1999 1030 (194),
2059 957 2129 1011 ut
2170 953 2288 1012 iam
2333 954 2483 1011 hanc
2540 972 2778 1028 quoque

442 1037 771 1095 orationem
818 1037 1166 1095 haberemus
1226 1037 1320 1095 vel
1375 1055 1447 1094 ex
1504 1037 1755 1096 tribus
1813 1037 1908 1097 vel
1961 1057 2031 1095 ex
2088 1041 2452 1114 quattuor
2505 1037 2777 1098 versibus

442 1124 835 1181 constantem.
925 1120 1146 1180 Verum
1191 1122 1286 1180 hic
1330 1122 1572 1220 quidem
1614 1141 1856 1198 prorsus
1901 1122 2052 1181 facio
2098 1142 2233 1182 cum
2262 1123 2628 1196 Aristarcho,
2677 1123 2778 1198 qui

443 1210 562 1265 tres
604 1205 961 1281 posteriores
1012 1207 1342 1264 195—197
1392 1208 1611 1283 quippe
1657 1227 1726 1266 ex
1774 1208 2106 1272 205—207
2153 1208 2307 1266 male
2351 1208 2447 1266 hic
2489 1209 2777 1283 repetitos

440 1295 503 1349 et
545 1292 827 1349 asterisco
872 1294 933 1349 et
975 1291 1146 1350 obelo
1192 1293 1455 1351 notavit:
1516 1287 1651 1368 „vu
1697 1298 1814 1349 νῦν
1842 1287 2147 1371 παρέλκει·
2194 1285 2307 1373 ὁρᾷ
2349 1289 2461 1371 γὰρ
2505 1285 2538 1349 ὁ
2583 1287 2777 1368 κῆρυξ

1360 1376 1401 1409 (6

443 1371 556 1450 τὴν
600 1373 807 1519 χὸιεέέἔ
839 1372 1408 1536 :figmffleffisstoze
1440 1480 1572 1521 esse
1616 1482 1651 1521 a
1694 1480 1865 1522 caeca
1907 1463 2058 1539 legis
2090 1463 2396 1522 cuiusdam
2441 1461 2776 1536 strophicae

440 1545 897 1621 superstitione,
954 1548 1017 1603 et
1061 1564 1190 1604 eam
1235 1547 1723 1621 compositionem
1766 1550 1837 1606 ut
1890 1548 2171 1607 violentis
2225 1546 2502 1606 remediis
2549 1546 2776 1620 ubique

442 1630 809 1690 inferendam
855 1629 1187 1689 existimem
1246 1633 1484 1689 tantum
1527 1632 1736 1693 abesse
1792 1636 1860 1691 ut
1903 1633 1977 1691 a'd
2021 1633 2210 1707 ipsius
2267 1632 2468 1707 spicae
2525 1649 2776 1705 poeseos

440 1714 703 1773 indolem
758 1718 938 1790 atque
982 1719 1400 1791 argumentum
1456 1717 1892 1794 accommodate
1949 1736 2018 1776 ex
2082 1719 2249 1793 parte
2301 1720 2542 1775 tantum
2597 1719 2776 1791 atque

440 1819 657 1877 magna
701 1817 833 1857 cum
879 1799 1157 1861 libertate
1217 1801 1535 1860 admissam
1582 1821 1708 1876 esse
1751 1802 2267 1878 persuasissimum
2310 1801 2458 1859 mihi
2503 1800 2772 1859 habeam.

442 1882 665 1943 Contra
707 1885 857 1943 hanc
901 1885 1240 1960 opinionem
1300 1886 1441 1961 quid
1498 1886 1740 1946 allaturi
1786 1888 1909 1947 sint
1951 1886 2259 1946 semidocti
2314 1885 2605 1945 eiusmodi
2666 1886 2774 1943 cri·

440 1970 569 2041 tici,
621 1970 812 2044 qualis
856 1989 1045 2045 nuper
1085 1971 1318 2029 exstitit
1363 1971 1466 2046 qui
1512 1971 1585 2029 de
1620 1972 1921 2031 Theocriti
1964 1974 2146 2047 atque
2174 1969 2429 2047 Vergilii
2474 1970 2778 2046 strophica

440 2059 569 2112 arte
614 2072 685 2112 ex
728 2053 989 2113 Platenii
1036 2054 1408 2130 Herderique
1439 2055 1801 2115 carminibus
1832 2056 2202 2115 confidenter
2245 2054 2562 2114 iudicando
2610 2074 2773 2131 egre-

438 2139 537 2214 gie
592 2157 802 2213 sapere
859 2139 974 2198 sibi
1032 2139 1193 2200 visus
1239 2144 1356 2212 est,
1415 2159 1511 2198 me
1568 2140 1811 2199 minime
1868 2140 2050 2217 fugit.
2139 2140 2453 2199 Neminem
2509 2140 2775 2198 clamita-

440 2225 591 2282 bunt
634 2224 696 2282 in
740 2223 1061 2299 legendo
1107 2224 1396 2297 Homero,
1442 2225 1560 2284 nisi
1608 2244 1811 2286 versus
1856 2225 2037 2284 simul
2080 2228 2443 2297 numeret,
2496 2224 2774 2299 strophas

442 2308 571 2367 illas
616 2309 867 2366 maiores
918 2308 1298 2385 minoresque
1355 2328 1390 2367 a
1443 2310 1815 2385 longioribus
1871 2312 1976 2368 aut
2031 2309 2346 2369 continuae
2414 2309 2774 2368 narrationis

348 2403 408 2450 18
439 2396 543 2451 aut
609 2394 878 2469 copiosae
954 2392 1369 2469 descriptionis
1447 2397 1552 2452 aut
1627 2394 2069 2454 effervescentis
2142 2394 2426 2453 orationis
2499 2393 2773 2468 partibus

441 2478 773 2537 discernere
815 2496 1015 2553 posse,
1072 2481 1139 2536 ut
1184 2496 1292 2537 nec
1345 2478 1420 2536 ad
1464 2478 1620 2536 hunc
1662 2498 1852 2553 usque
1909 2479 2067 2537 diem
2131 2479 2203 2536 de
2247 2497 2402 2538 nova
2452 2478 2562 2535 hac
2619 2480 2772 2537 stro-

438 2562 609 2634 phica
654 2563 927 2621 doctrina
983 2563 1261 2638 cuiquam
1329 2562 1655 2639 quidquam
1708 2563 2072 2623 suboluerit!
2142 2561 2372 2634 Quibus
2429 2562 2773 2622 hominibus

437 2647 831 2706 libentissime
876 2646 989 2704 hoc
1033 2666 1145 2723 ego
1201 2647 1458 2706 concedo
1519 2668 1591 2706 ea
1634 2649 1898 2722 ratione,
1961 2665 2079 2723 qua
2133 2650 2246 2723 ipsi
2304 2649 2557 2707 fortasse
2613 2651 2772 2706 certe

437 2732 717 2808 permulti
763 2731 865 2789 alii
907 2749 1027 2790 non
1072 2732 1264 2790 solum
1296 2732 1657 2804 Homerum,
1706 2732 1811 2791 sed
1843 2751 2049 2793 omnes
2081 2734 2324 2792 omnino
2355 2735 2560 2808 poetas
2592 2733 2774 2791 etiam

436 2816 784 2875 vernaculos
827 2815 1089 2891 legere
1135 2817 1367 2875 soleant
1411 2817 1536 2876 sive
1580 2836 1775 2876 secum
1808 2818 2196 2878 mussitantes
2241 2818 2364 2877 sive
2408 2835 2608 2876 coram
2639 2817 2772 2875 aliis

436 2900 897 2973 deblaterantes,
942 2919 1051 2959 nec
1094 2901 1453 2977 strophicam
1485 2900 1727 2960 Homeri
1760 2921 1868 2960 nec
1901 2903 2085 2961 ullam
2115 2902 2296 2961 ullius
2341 2905 2547 2977 poetae
2578 2904 2768 2959 artem

437 2985 809 3043 audientium
867 2984 1109 3044 auribus
1162 2986 1388 3061 percipi
1443 3004 1637 3061 posse.
1725 2985 1952 3045 Verum
2009 2988 2168 3045 enim
2223 3005 2364 3047 vero
2420 2987 2599 3062 longe
2656 2987 2773 3044 alia

436 3089 530 3129 res
579 3072 709 3128 erat
752 3088 872 3128 non
917 3069 1111 3130 solum
1154 3071 1218 3128 in
1261 3071 1407 3146 ipsis
1451 3070 1573 3130 illis
1615 3071 1880 3146 antiquis
1911 3073 2132 3147 poetis,
2180 3090 2330 3146 quos
2361 3071 2619 3130 citharae
2649 3090 2772 3129 non

437 3155 719 3214 continuo
765 3156 944 3212 cantu
987 3157 1180 3214 certos
1219 3154 1428 3213 modos
1473 3154 1730 3215 edidisse
1762 3154 1866 3215 sed
1896 3155 2391 3215 intercidentibus
2437 3175 2543 3230 per
2586 3156 2772 3213 inter-

437 3239 596 3300 valla
642 3238 931 3313 quaedam
987 3239 1259 3313 pulsibus
1316 3238 1551 3298 recitati
1607 3240 1883 3298 carminis
1928 3244 2131 3316 partes
2189 3240 2627 3316 particulasque
2684 3239 2768 3297 di-

435 3323 716 3382 stinxisse
761 3324 904 3382 satis
949 3327 1213 3396 constat,
1260 3324 1364 3382 sed
1413 3324 1594 3382 etiam
1641 3326 1703 3383 in
1746 3326 2177 3384 recentioribus
2224 3324 2570 3400 rhapsodis,
2620 3343 2770 3400 quos

434 3409 615 3467 etiam
659 3407 890 3466 abiecta
934 3407 1160 3467 cithara
1217 3428 1287 3466 ex
1333 3408 1554 3466 tradito
1603 3408 1969 3468 declamandi
2027 3429 2189 3469 more
2246 3409 2406 3469 vocis
2468 3409 2768 3467 intermis-

434 3494 629 3553 siones
674 3511 986 3567 morasque
1030 3493 1349 3552 retinuisse
1412 3492 1487 3550 ad
1532 3493 1771 3568 singula
1815 3495 2100 3554 orationis
2146 3494 2413 3553 membra
2458 3493 2767 3553 articulos-

436 3598 550 3653 que
597 3576 1019 3652 distinguenda
1062 3580 1185 3636 tam
1229 3579 1506 3652 apertum
1552 3580 1645 3636 est
1682 3582 1861 3653 atque
1891 3579 2319 3650 necessarium,
2365 3582 2436 3638 ut
2477 3578 2542 3636 id
2572 3596 2764 3650 nem0,

436 3664 537 3738 qui
582 3663 697 3721 rite
743 3661 1071 3720 declamare
1126 3662 1430 3735 didicerit,
1487 3680 1708 3737 negare
1751 3663 1874 3721 ullo
1919 3664 2097 3723 modo
2142 3664 2356 3739 possit.
2430 3663 2524 3721 Ita
2582 3663 2769 3739 igitur

433 3749 485 3807 si
528 3749 646 3806 iam
692 3745 1018 3805 Homerum
1075 3747 1235 3805 clara
1289 3764 1431 3806 voce
1490 3748 1766 3822 certaque
1812 3750 1937 3807 arte
1982 3749 2232 3807 recitare
2287 3748 2556 3822 studeas,
2615 3750 2767 3806 stro·

432 3833 711 3907 pharum,
758 3850 907 3906 quae
940 3831 1178 3907 quidem
1207 3851 1345 3891 vere
1375 3836 1548 3904 sunt,
1595 3833 1884 3891 ambitum
1918 3851 2388 3909 consensumque
2418 3852 2526 3892 sua
2556 3834 2767 3907 sponte

432 3917 506 3974 ad
551 3916 917 3975 audientium
966 3935 1137 3975 aures
1180 3919 1529 3992 mentesque
1575 3936 1875 3991 permeare
1924 3917 2097 3976 facile
2140 3918 2383 3977 senties.

605 4001 720 4060 Sed
765 3999 907 4059 haec
949 4000 1060 4060 hoc
1093 4000 1336 4076 quidem
1367 4004 1633 4077 tempore
1662 4001 1967 4061 sufficiant
1997 4002 2069 4060 de
2111 4003 2218 4061 illa
2264 4001 2558 4074 doctrina,
2591 4020 2765 4077 quam

433 4086 552 4144 alio
597 4085 726 4144 loco
772 4086 1104 4144 accuratius
1161 4085 1644 4161 pertractandam
1690 4090 1924 4145 tantum
1967 4087 2030 4144 in
2076 4087 2169 4146 his
2216 4086 2448 4145 duobus
2492 4086 2767 4145 carmini·

431 4170 543 4230 bus
590 4170 854 4229 breviter
896 4170 1160 4229 indicare
1191 4170 1421 4229 animus
1466 4170 1602 4228 fuit.
1678 4170 1772 4227 Ad
1816 4174 2015 4229 cetera
2058 4170 2461 4247 dignoscenda
2505 4171 2769 4230 carmina

430 4256 547 4314 iam
593 4254 957 4330 progredior.

608 4339 779 4409 Quod
837 4340 954 4397 iam
998 4341 1272 4415 sequitur
1326 4358 1560 4399 carmen
1617 4341 1957 4399 octavum
2013 4359 2145 4399 cum
2198 4340 2316 4398 iam
2373 4340 2447 4398 ab
2503 4340 2767 4415 antiquis

433 4422 963 4482 ΔΙΟΜΗΔΟΥΣ
1009 4425 1429 4482 ΑΡΙΣΤΕΙΑ
1468 4424 1652 4482 fuerit
1680 4425 2077 4498 nominatum,
2123 4425 2346 4500 inipso
2389 4425 2501 4484 hoe
2527 4424 2769 4484 nomine
