3132 5129
1426 1253 1654 1336 XXI.

371 1425 462 1494 Dc
496 1424 860 1511 Evangelii
902 1424 1179 1495 Ioannei
1217 1423 1622 1513 paraphrasi
1660 1444 1700 1494 a
1729 1423 1960 1495 Nonne
1993 1427 2175 1496 facta
2213 1426 2610 1555 dissertatio
2635 1421 2707 1525 ¹).

371 1597 647 1654 Rector
692 1594 1137 1671 magnifice!
1216 1593 1630 1655 Senatores
1674 1598 2137 1672 gravissimi!
2217 1598 2700 1659 Professores
2745 1607 2777 1654 3

371 1700 445 1739 ac
512 1680 870 1757 Magistri
938 1680 1588 1759 Reverenvdissimi
1659 1680 2238 1741 Consultissimi
2301 1683 2705 1759 Experien·

1106 1764 1393 1823 tissimi
1449 1766 1961 1840 Amplissimi!

539 1901 756 1977 „Vitae
800 1920 1030 1959 summa
1075 1898 1325 1959 brevis“
1368 1900 1724 1960 mortalibus
1768 1902 1941 1961 nobis
1984 1921 2261 1962 concessa
2304 1906 2371 1962 ut
2414 1922 2536 1964 11011
2583 1907 2706 1964 tam

366 2006 570 2062 „spem
617 1986 891 2046 incohare
937 1984 1216 2062 longam“
1261 1985 1479 2045 audeat
1520 2005 1699 2061 quam
1745 2006 1807 2046 re
1854 2007 1992 2047 vera
2035 1989 2378 2063 ampliorem
2414 1989 2701 2049 ambitum

366 2073 601 2147 explere
646 2071 872 2146 valeat,
920 2071 1113 2130 tribus
1156 2089 1304 2145 opus
1348 2074 1466 2145 est,
1525 2091 1676 2146 quae
1718 2073 2017 2132 artissimo
2075 2074 2313 2134 vinculo
2356 2075 2701 2150 iungantur,

367 2157 604 2216 vivendi
649 2157 996 2230 momentis,
1055 2159 1124 2214 ut
1177 2173 1298 2213 non
1344 2157 1535 2214 solum
1583 2157 1644 2214 in
1690 2157 2102 2231 praesentibus
2147 2160 2387 2217 strenue
2432 2157 2702 2218 laborare

369 2245 551 2316 atque
597 2241 669 2300 de
715 2241 934 2299 futuris
991 2241 1140 2299 bene
1198 2260 1430 2315 sperare
1477 2241 1820 2300 studeamus
1866 2243 1969 2301 sed
2015 2244 2195 2301 etiam
2238 2245 2560 2317 praeterita
2603 2246 2702 2319 pie

362 2327 700 2385 meminisse
763 2327 1033 2385 sciamus.
1134 2325 1386 2385 Animus
1444 2327 1605 2384 enim
1670 2329 1739 2384 ut
1796 2328 1855 2384 in
1928 2324 2239 2386 cotidianis
2297 2327 2472 2386 rebus
2530 2328 2703 2388 unice

363 2414 685 2486 occupatus
741 2413 802 2469 et
844 2411 1011 2485 quasi
1055 2410 1221 2468 humi
1266 2410 1489 2469 defixus
1539 2410 1712 2469 facile
1756 2411 2004 2469 humilia
2050 2414 2284 2470 lantum
2327 2411 2544 2488 pusilla
2588 2414 2698 2471 mi-

365 2497 510 2554 sella
558 2498 801 2573 cogilat,
848 2498 933 2554 ita
973 2495 1424 2555 imminentibus
1469 2495 1843 2571 potissimum
1890 2496 2029 2556 fatis
2075 2497 2308 2556 inhians
2352 2516 2456 2573 per
2500 2499 2699 2557 omnia

363 2582 809 2658 imaginationis
867 2601 1006 2641 suae
1053 2581 1214 2641 caela
1258 2600 1441 2641 vanas
1484 2582 1676 2642 nubes
1721 2581 2084 2657 nebulasque
2130 2583 2333 2642 venari
2380 2582 2561 2642 solet:
2622 2585 2699 2642 ad

361 2671 669 2741 utramque
715 2685 853 2725 vero
900 2684 1103 2725 curam
1149 2670 1306 2726 recte
1352 2668 1729 2726 coniunctam
1776 2667 2086 2742 sobrieque
2144 2670 2531 2743 temperatam
2594 2669 2698 2727 ubi

357 2752 671 2811 accesserit
719 2770 951 2822 eorum,
1008 2771 1160 2826 quae
1215 2751 1354 2810 olim
1413 2753 1488 2810 ab
1514 2751 1519 2758 ’
1548 2752 1796 2826 optimis
1852 2753 1996 2811 viris
2042 2753 2280 2830 egregie
2325 2755 2495 2828 gesta
2540 2757 2695 2828 sunt,

361 2838 499 2896 viva
552 2840 734 2912 atque
778 2839 1068 2912 perpetua
1112 2835 1474 2911 recordatio,
1524 2841 1652 2895 tum
1700 2837 1936 2895 demum
1982 2838 2160 2896 etiam
2206 2838 2459 2914 singulis
2504 2837 2692 2897 homi-

364 2922 542 2980 nibus
584 2941 653 2980 ea
698 2917 995 2996 contingit
1040 2921 1324 2994 felicitas,
1386 2926 1453 2979 ut
1506 2940 1627 2980 non
1685 2921 1874 2980 solum
1935 2942 2100 2982 suam
2149 2927 2320 2982 unius
2364 2923 2535 2998 quasi
2580 2923 2696 2982 diei

361 3005 462 3064 sed
522 3006 779 3066 universi
833 3005 1068 3081 generis
1124 3006 1365 3065 humani
1425 3007 1808 3083 omniumque
1854 3009 2220 3066 saeculorum
2269 3009 2453 3066 vitam
2498 3008 2697 3066 vivere

358 3090 693 3160 videantur.
767 3091 926 3149 Bene
970 3091 1157 3166 igitur
1200 3092 1615 3166 sapienterque
1660 3091 1817 3166 apud
1864 3111 2066 3151 omnes
2108 3095 2338 3168 gentes,
2388 3112 2537 3168 quae
2568 3094 2694 3167 qui·

363 3176 496 3233 dem
541 3175 930 3233 humanitatis
975 3176 1294 3251 participes
1326 3176 1588 3250 fuerunt,
1637 3177 1981 3235 institutum
2016 3177 2299 3251 videmus,
2348 3181 2432 3252 ut,
2481 3178 2696 3252 quibus

364 3260 570 3319 diebus
613 3261 718 3319 aut
762 3279 856 3324 res
899 3262 1234 3335 praeclarae
1279 3261 1436 3319 domi
1484 3261 1848 3335 militiaeque
1891 3264 2096 3338 gestae
2138 3265 2340 3320 essent
2368 3263 2472 3319 aut
2501 3262 2688 3321 claro·

361 3365 493 3403 rum
552 3345 814 3404 virorum
870 3364 1086 3421 magna
1139 3346 1381 3421 ingenia.
1448 3348 1645 3403 ortum
1705 3346 2205 3405 incrementumve
2262 3348 2581 3421 cepissent,
2653 3347 2693 3405 ii

360 3429 485 3488 dies
541 3430 682 3489 festi
738 3431 1097 3489 haberentur
1151 3434 1212 3488 et
1268 3430 1638 3489 orationibus
1695 3431 1928 3505 pompis
1984 3430 2220 3506 publica
2261 3431 2492 3489 laetitia
2536 3431 2682 3489 cele·

361 3515 693 3573 brarentur.
785 3513 943 3584 Quas
984 3515 1144 3573 inter
1186 3519 1396 3591 gentes
1441 3516 1701 3590 primum
1746 3515 1918 3573 facile
1961 3516 2155 3584 locum
2203 3519 2442 3574 nostrae
2487 3519 2694 3574 tenent

354 3599 655 3673 civitates,
713 3599 929 3675 quibus
975 3618 1116 3658 sane
1161 3619 1282 3658 non
1332 3619 1540 3675 regum
1597 3600 1872 3658 natalitia
1914 3604 2021 3658 aut
2063 3600 2399 3676 principum
2446 3601 2691 3675 nuptiae

356 3687 423 3742 ut
471 3685 667 3743 feriati
713 3684 839 3743 dies
881 3684 1264 3760 imperantur,
1312 3703 1517 3743 verum
1563 3703 1669 3759 per
1711 3688 1906 3743 totum
1951 3685 2072 3743 fere
2116 3704 2336 3744 annum
2380 3684 2694 3760 popularia

356 3770 511 3828 festa
554 3769 875 3844 agitantur,
921 3788 1072 3844 quac
1116 3770 1315 3828 omnia
1357 3769 1482 3829 sive
1527 3769 1817 3843 ampliora
1859 3771 1984 3829 sive
2029 3770 2273 3828 exiliora
2302 3771 2361 3827 in
2396 3771 2686 3829 maiorum

350 3855 634 3912 memoria
675 3853 771 3929 pie
815 3854 1123 3912 recolenda
1167 3856 1391 3915 versari
1434 3855 1651 3914 solent.

526 3937 701 3997 Hunc
744 3939 936 4014 igitur
980 3958 1199 3998 morem
1248 3959 1381 3998 cum
1429 3938 1751 3996 humanum
1797 3941 1926 3996 tum
1956 3938 2303 4013 popularem
2337 3939 2523 3997 secuti
2555 3957 2688 3998 611111

352 4021 495 4098 Vos,
543 4023 707 4081 Viri
751 4024 1219 4099 gravissimi,
1266 4024 1341 4082 ad
1373 4021 1794 4082 Universitatis
1826 4023 2184 4082 Basileensis
2229 4025 2365 4082 ante
2409 4023 2516 4083 hos
2547 4043 2684 4098 qua-

353 4107 700 4185 dringentos
755 4127 941 4168 annos
998 4109 1273 4168 conditae
1329 4108 1644 4167 sollemnia
1696 4108 2021 4167 saecularia
2078 4108 2362 4166 hodierno
2420 4108 2514 4167 die
2573 4109 2686 4167 rite

488 4324 538 4389 1)
569 4323 951 4392 [Universitati
980 4323 1287 4377 Basileensi
1309 4324 1439 4376 ante
1464 4322 1565 4374 hos
1591 4320 1784 4376 CCCC.
1812 4336 1985 4374 annos
2022 4320 2280 4376 conditae
2317 4322 2631 4375 sollemni
2652 4340 2687 4377 6

351 4391 743 4445 saecularia
787 4410 838 4449 a.
888 4394 940 4443 11.
983 4391 1129 4449 VIII.
1177 4390 1307 4446 idus
1354 4390 1425 4444 Se
1470 4394 1512 4446 t.
1561 4405 1613 4444 a.
1652 4387 2008 4444 MDCCCLX.
2045 4389 2358 4443 celebranti
2403 4390 2510 4444 rite
2556 4408 2682 4460 gra·

355 4457 606 4513 talantur
643 4459 1032 4516 universitatis
1068 4458 1385 4513 Turicensis
1506 4461 1629 4513 ctor
1666 4458 1724 4512 et
1758 4455 2036 4526 Senatus]
