3132 5129
1269 380 1563 444 —589
1655 418 1729 427 —

333 537 505 608 Quod
564 539 760 595 autem
808 536 1161 595 Plutarchus
1206 556 1273 595 ea
1318 537 1390 595 de
1452 555 1515 596 re
1575 537 1836 610 dubitat,
1893 541 1956 596 et
1997 538 2340 597 Heraclides
2384 538 2667 597 Ponticus

331 622 509 697 paulo
552 623 834 681 incertius
867 621 1044 680 dicit:
1091 616 1314 699 λέγεται
1357 618 1423 679 δὲ
1464 616 1563 678 καὶ
1611 610 1721 697 τὴν
1764 620 2060 699 κρυπτίαν
2102 619 2558 699 εἰσηγήσασθαι,
2605 623 2667 680 id

333 727 462 765 eam
510 707 587 765 ob
633 725 867 765 causam
911 707 1139 765 factum
1185 712 1306 781 est,
1370 707 1525 782 quod
1584 707 1673 765 illi
1719 726 1901 782 prava
1946 708 2018 766 de
2063 710 2330 783 cryptiae
2373 709 2492 767 fine
2537 708 2666 782 opi-

331 793 509 851 nione
565 792 797 867 decepti
855 795 1040 849 crant.
1145 792 1423 851 Nostram
1482 793 1841 851 sententiam
1897 792 2204 852 confirmat
2256 797 2433 853 etiam
2494 793 2666 851 Plato

331 878 489 953 legg.
537 876 564 934 I
610 897 665 951 p.
700 895 775 951 c.,
833 877 967 951 ubi,
1027 896 1160 936 cum
1217 878 1408 952 primo
1468 896 1659 935 sermo
1714 877 1794 936 sit
1837 877 1911 935 de
1955 878 2025 936 iis
2070 878 2397 954 institutis,
2447 880 2666 953 quibus

331 962 643 1037 Lycurgus
688 961 1283 1020 Lacedaemoniorum
1338 962 1568 1020 animos
1626 983 1661 1019 a
1713 963 1970 1037 pueritia.
2024 962 2101 1020 ad
2160 963 2431 1022 bellicam
2477 964 2662 1021 virtu-

331 1050 454 1105 tem
497 1048 795 1105 instruere
839 1046 1172 1121 studuerit,
1230 1050 1727 1106 commemoratur
1770 1049 1948 1105 etiam
1995 1049 2228 1123 cryptia
2269 1048 2345 1105 ab
2390 1048 2493 1106 illo
2538 1048 2666 1122 ipso

337 1132 718 1206 praescripta.

501 1217 727 1289 Restat,
775 1218 845 1274 ut
874 1216 1140 1276 breviter
1171 1216 1492 1293 exponam,
1538 1217 1757 1291 quibus
1787 1217 1977 1275 causis
2023 1217 2244 1276 factum
2288 1216 2397 1290 sit,
2444 1218 2662 1275 uttam

329 1320 605 1376 perversa
634 1302 705 1359 de
737 1303 972 1377 cryptia
1017 1302 1217 1377 opinio
1261 1306 1631 1375 nasceretur3
1678 1321 1825 1376 quas
1869 1302 2146 1376 equidem
2178 1301 2514 1376 putaverim
2545 1302 2664 1359 tres

334 1387 714 1461 potissimum
760 1387 960 1445 fuisse.
1052 1388 1141 1444 Ac
1185 1378 1442 1461 primum
1490 1387 1727 1461 quidem
1774 1388 1918 1444 satis
1963 1386 2272 1461 probabile
2317 1389 2434 1461 est,
2482 1387 2664 1444 inter-

331 1470 477 1529 dum
534 1472 607 1529 ab
663 1472 784 1547 ulis
843 1472 1155 1531 iuvenibus
1213 1471 1462 1530 Helotas
1505 1477 1566 1530 et
1612 1473 1958 1530 vulneratos
2020 1476 2083 1530 et
2125 1472 2468 1530 interfectos
2513 1490 2660 1531 esse.

336 1555 488 1614 Nam
530 1575 663 1615 cum
705 1557 795 1614 illi
826 1558 1049 1615 victum
1090 1558 1402 1615 venatione
1448 1560 1509 1615 et
1553 1558 1778 1630 rapinis
1824 1561 2203 1631 quaererent,
2251 1557 2663 1631 irrumpebant

336 1641 492 1699 haud
537 1641 717 1699 dubie
763 1641 911 1699 clam
957 1643 1018 1699 in
1059 1641 1407 1700 Helotarum
1453 1660 1629 1717 agros
1677 1645 1739 1699 et
1783 1642 2009 1701 domos.
2081 1642 2494 1716 Deprehensos
2527 1660 2665 1699 vero

332 1746 366 1784 a
410 1726 852 1801 possessoribus
896 1727 1037 1801 quid
1085 1727 1273 1803 magis
1322 1731 1447 1783 erat
1492 1730 1736 1785 naturae
1793 1728 1875 1785 rei
1936 1731 2430 1800 consentaneum,
2489 1746 2664 1801 quam

330 1811 689 1887 pugionibus
736 1831 770 1869 a
815 1812 1056 1870 civitate
1101 1811 1255 1869 datis
1303 1831 1439 1870 usos
1496 1812 1568 1869 ad
1628 1810 2009 1885 depellendos
2066 1830 2369 1870 servorum
2428 1812 2664 1869 illorum

330 1898 613 1970 impetus,
672 1914 805 1954 cum
861 1897 1009 1970 ipsis
1066 1897 1256 1971 captis
1313 1916 1502 1971 poena
1557 1896 1938 1955 immineret?
2026 1896 2096 1955 In
2158 1897 2422 1973 singulas
2466 1899 2664 1954 autem

330 1999 634 2039 servorum
680 1982 1086 2055 procaciorum
1131 1981 1336 2040 caedes
1381 1981 1707 2056 inquirere,
1755 2000 1874 2040 non
1920 1984 2048 2040 erat
2080 1982 2508 2057 Spartanorum
2540 1999 2661 2038 ma-

328 2066 719 2141 gistratuum,
779 2084 911 2124 cum
968 2066 1106 2124 illae
1161 2067 1374 2123 fierent
1434 2067 1495 2123 in
1541 2066 1825 2139 silentiis,
1884 2086 2077 2141 neque
2133 2067 2373 2125 omnino
2418 2066 2661 2124 Helota-

328 2170 458 2208 rum
505 2151 665 2209 salus
713 2169 1071 2227 magnopere
1116 2151 1209 2209 his
1254 2150 1415 2208 cordi
1461 2154 1639 2208 esset.
1714 2151 1842 2209 Hoc
1885 2156 2085 2209 tamen
2131 2152 2477 2224 notandum,
2524 2151 2659 2208 illas

329 2235 532 2293 caedes
562 2237 655 2294 vel
690 2241 1005 2311 propterea
1033 2253 1156 2293 non
1186 2235 1452 2309 potuisse
1483 2236 1663 2293 nimis
1709 2235 2056 2310 frequenter
2099 2237 2448 2311 perpetrari,
2495 2233 2655 2309 quod

326 2325 388 2379 et
431 2322 674 2380 iuvenes
721 2320 1314 2396 circumvagabantur
1369 2321 1618 2394 singuli,
1678 2338 1871 2394 neque
1915 2320 2168 2378 Helotae
2222 2314 2457 2377 illarum
2502 2320 2641 2378 insi·
2687 2323 2752 2370 21

327 2406 556 2464 diarum
627 2407 818 2481 ignari
891 2410 1081 2462 erant.
1185 2404 1516 2463 Serioribus
1587 2405 1827 2479 quidem
1896 2405 2264 2479 temporibus
2333 2405 2662 2478 Spartanos

327 2492 503 2548 ctiam
550 2492 831 2549 maiorem
876 2489 1173 2548 interdum
1220 2488 1571 2547 Helotarum
1616 2493 1878 2567 stragem
1924 2490 2146 2564 fecisse,
2193 2492 2261 2546 ut
2304 2508 2338 2546 a
2367 2489 2663 2547 verisimi-

330 2576 583 2635 litudine
627 2595 746 2634 non
793 2575 1088 2648 abhorret,
1136 2576 1221 2632 ita
1264 2579 1423 2633 certo
1469 2576 1844 2649 pronuntiari
1887 2577 2127 2650 nequit;
2177 2575 2286 2632 hoc
2330 2578 2533 2634 tamen
2562 2595 2660 2634 au-

330 2662 530 2720 dacter
575 2679 684 2736 ego
731 2661 1166 2732 contenderim,
1214 2659 1366 2717 male
1411 2661 1484 2717 ab
1529 2659 1846 2718 Heraclide
1893 2666 1954 2718 et
2000 2659 2316 2718 Plutarcho
2363 2660 2453 2735 id,
2501 2660 2660 2735 quod

327 2745 621 2805 interdum
652 2745 840 2804 inscia
868 2746 1112 2804 civitate
1141 2746 1347 2819 fiebat,
1380 2746 1568 2804 veluti
1598 2744 1774 2803 finem
1806 2746 2068 2821 cryptiae
2101 2745 2333 2821 legibus
2365 2747 2658 2804 sancitum

326 2831 594 2889 iudicari.
664 2830 734 2887 Id
765 2848 833 2888 eo
868 2829 1096 2889 facilius
1128 2830 1253 2889 fieri
1300 2831 1529 2905 potuit,
1579 2849 1712 2889 cum
1759 2832 1937 2889 etiam
1971 2830 2269 2888 interdum
2301 2830 2375 2888 ab
2406 2830 2662 2906 Ephoris

329 2917 790 2974 emitterentur
776 2934 1017 2974 iuvenes
1048 2915 1120 2973 ad
1158 2915 1737 2990 comprehendendos
1771 2915 2036 2988 Helotas,
2084 2916 2185 2990 qui
2231 2914 2458 2989 aliquid
2506 2933 2660 2974 com-

327 3001 559 3059 misisse
607 3001 970 3059 viderentur.
1063 3000 1195 3058 Huc
1252 3002 1512 3087 pertinet
1566 3000 1732 3059 locus
1776 3000 2189 3074 Xenophontis
2233 3001 2295 3057 in
2343 2999 2501 3057 Hell.
2550 2999 2658 3074 ΙΙΙ,

328 3090 383 3159 3,
419 3089 475 3160 8,
508 3103 625 3160 quo
657 3104 774 3143 non
807 3089 962 3143 recte
994 3104 1137 3144 usus
1169 3088 1258 3144 est
1289 3085 1554 3143 Mueller.
1592 3086 1630 3143 1.
1666 3104 1713 3143 0.
1746 3105 1803 3159 Ρ.
1834 3087 1950 3142 125
1987 3082 2071 3162 [Ρ.
2105 3086 2215 3141 121
2255 3084 2344 3142 ed.
2370 3081 2524 3163 alt.,]
2558 3045 2660 3143 ubi

324 3175 603 3228 narratur
633 3167 1015 3244 Cinadonem,
1064 3189 1196 3227 cum
1242 3171 1368 3245 ipse
1413 3189 1533 3228 non
1581 3189 1649 3226 ex
1694 3171 1767 3228 iis
1811 3175 1983 3244 esset,
2034 3171 2136 3244 qui
2166 3164 2361 3242 ὅμοιοι
2393 3170 2659 3245 appella-

326 3256 560 3328 bantur,
595 3255 878 3313 adversus
904 3255 1009 3312 hos
1043 3256 1400 3313 coniurasse.
1462 3254 1578 3312 Sed
1610 3258 1795 3313 totam
1825 3273 1948 3312 rem
1979 3255 2051 3312 ad
2082 3255 2353 3330 Ephoros
2385 3254 2657 3312 delatam.

259 3385 270 3398 .
329 3339 477 3397 Tum
512 3339 716 3432 pergit
749 3329 1517 3407 Χεῃ.1.0.·Ακούσαντες
1563 3358 1746 3396 ταυτα
1792 3338 1854 3396 οἵ
1891 3335 2093 3413 ἔφοροι
2128 3372 2200 3380 —-—
2236 3333 2659 3436 ἕξεπλαγησαν,

324 3422 424 3481 καὶ
469 3416 609 3480 οὐδὲ
653 3413 763 3496 τὴν
804 3444 1027 3498 μικραν
1058 3420 1436 3500 καλουμένην
1480 3419 1798 3497 ἐκκλησίαν
1842 3422 2248 3497 ξυλλέξαντες,
2292 3416 2440 3480 αλλὰ
2472 3424 2658 3493 ξυλλε-

324 3528 509 3583 γομει
510 3528 562 3563 οι
587 3515 716 3565 τῶν
742 3503 1037 3600 γερόντιον
1078 3504 1252 3578 α’λλος
1295 3502 1550 3582 α’λλοθι,
1600 3501 2029 3583 έβουλευσαντο
2071 3504 2305 3584 πέμψαι
2339 3504 2438 3564 τὸν
2472 3500 2658 3564 Κινά-

323 3592 484 3650 δωνα
516 3589 596 3660 εἰς
630 3586 890 3650 Αὐλῶνα
921 3584 1035 3650 συν
1077 3587 1275 3662 ἄλλοις
1321 3593 1436 3650 τῶν
1482 3589 1787 3667 νεωτέρων
1815 3591 1914 3651 καὶ
1945 3595 2211 3650 κελεῦσαι
2244 3589 2411 3670 ἥκειν
2439 3583 2660 3670 α’γοντα

323 3684 446 3734 τῶν
502 3671 870 3736 Αὐλωνιτων
936 3675 993 3736 τέ
1051 3699 1214 3747 τινας
1280 3674 1379 3735 καὶ
1450 3699 1571 3735 των
1637 3672 1894 3736 εἰλώτων
1950 3674 2089 3748 τούς
2144 3672 2211 3734 έν
2266 3685 2335 3756 τῇ
2397 3671 2659 3758 σκυτάλῃ

319 3758 768 3840 γεγραμμένους.
853 3758 1127 3840 Ἀγαγεῖν
1180 3758 1246 3821 δὲ
1299 3758 1573 3821 ἐκέλευον
1626 3760 1725 3819 καὶ
1782 3760 1894 3838 τὴν
1945 3766 2234 3840 γυναῖκα,
2291 3758 2328 3839 ἢ
2383 3761 2659 3837 καλλίστη

321 3843 431 3922 μὲν
476 3844 699 3922 ἐλέγετο
742 3842 962 3905 αὐτόθι
1007 3838 1191 3922 εἶναι,
1237 3846 1634 3922 λυμαίνεσθαι
1680 3840 1740 3904 δ’
1788 3844 1957 3925 ἐῴκει
1999 3845 2138 3916 τοὺς
2177 3842 2659 3923 ἀφικνουμένους

325 3931 820 4006 Λακεδαιμονίων
864 3929 962 3991 καὶ
1011 3930 1443 4010 πρεσβυτέρους
1488 3954 1589 3991 και
1633 3929 1967 4012 νεωτέρους.
2052 3924 2540 4011 Ὺπηρετήκει
2585 3932 2620 3988 δ
2633 3929 2658 3989 ὲ

325 4016 449 4076 καὶ
503 4011 658 4075 αλλ’
714 4014 858 4114 ἤδη
903 4038 935 4075 0
979 4014 1329 4075 Κινάδων
1387 4021 1542 4087 τοῖς
1588 4013 1894 4117 ἐφόροις
1941 4026 2277 4078 τοιαῦτα.
2368 4014 2488 4074 Και
2534 4015 2659 4076 τότε

325 4091 401 4178 δὴ
461 4099 678 4160 ἔδοσαν
733 4094 843 4179 τὴν
899 4095 1203 4178 σκυταλην
1267 4091 1460 4182 αυτῷ,
1527 4097 1594 4160 έν
1649 4087 1689 4184 ᾗ
1737 4101 2122 4181 γεγραμμένοι
2175 4092 2335 4180 ἦσαν
2386 4097 2492 4171 οὓς
2545 4099 2660 4161 ἔδει

324 4187 760 4262 ξυλληφθῆναι.
825 4183 1145 4264 Ἐρομένου
1190 4185 1255 4246 δὲ
1301 4185 1464 4257 τίνας
1507 4184 1646 4264 α’γοι
1686 4182 1832 4264 μεθ’
1880 4184 2094 4247 ἑαυτοῦ
2139 4209 2255 4248 των
2303 4182 2474 4262 νέων,
2506 4184 2659 4264 Ἴθι,

326 4260 516 4338 εἶπον,
561 4270 661 4329 καὶ
699 4263 803 4330 τὸν
844 4271 1253 4366 πρεσβύτατον
1298 4278 1418 4329 τῶν
1461 4272 1839 4349 ἱππαγρετων
1881 4274 2054 4350 (Xen.
2098 4295 2221 4350 rep.
2265 4275 2403 4332 Lac.
2439 4273 2541 4346 IV,
2588 4270 2655 4352 3)

326 4350 527 4413 κέλευέ
570 4369 662 4413 σοι
708 4354 1060 4433 ξυμπέμψαι
1098 4356 1165 4427 ’ἐξ
1207 4346 1245 4432 ἠ
1290 4348 1434 4414 ἑπτα
1479 4357 1538 4414 οι
1568 4378 1647 4415 αν
1676 4354 1893 4434 τύχωσι
1922 4356 2226 4437 παρόντες.
2290 4349 2660 4432 Ἐμεμελήκει

322 4436 388 4497 δὲ
419 4435 620 4511 αὐτοῖς
661 4436 826 4511 ὅπως
871 4438 903 4502 ὁ
955 4438 1315 4520 ιππαγρέτης
1359 4439 1539 4518 εἰδείη
1585 4462 1689 4511 ους
1733 4440 1854 4501 δέοι
1898 4440 2167 4522 πέμπειν,
2213 4440 2313 4502 καὶ
2343 4463 2401 4500 οι
2432 4441 2656 4520 πεμπό·
