3132 5129
1333 391 1793 455 -331—

391 538 644 693 duod}-
685 545 888 627 βοτόν,
935 551 996 610 et
1039 551 1234 626 ipsum
1280 547 1710 628 cynegeticum
1753 547 1863 627 111,
1909 548 2033 609 468
2080 548 2152 608 de
2197 546 2468 610 camelis:
2518 548 2726 605 τιθα-

393 648 524 692 σον
566 655 604 711 γ
637 651 758 704 νος.

560 719 637 778 V.
684 719 829 779 414.

685 812 912 893 Ηλθες
956 817 1016 893 ἐς
1059 818 1360 900 αἰθέρα·
1408 817 1751 882 ἔδδεισεν
1796 817 1876 882 δέ
1916 836 1990 881 σε
2033 818 2258 899 μακρὸς
2290 819 2613 899 Ὄλυμπος.

392 940 490 1000 Ita
532 940 689 1001 hunc
733 960 971 1002 versum
1015 941 1401 1002 sclemiae-rus
1444 960 1475 1001 e
1518 942 1706 1001 PariS.
1743 945 1779 1000 2
1820 942 2028 1017 edidit,
2076 943 2138 1002 in
2183 962 2300 1020 quo
2339 963 2408 1003 ea
2438 943 2730 1019 scriptura
2848 922 2853 925 ⁵

394 1026 691 1104 vulgatae,
739 1046 887 1104 quae
933 1028 1111 1086 etiam
1158 1028 1221 1086 in
1265 1027 1476 1087 ceteris
1520 1026 1694 1087 libris
1739 1027 2011 1087 omnibus
2057 1030 2172 1088 est:

695 1140 927 1220 ἤλυθες
971 1143 1056 1216 εἰς
1099 1138 1348 1224 αι’θῆρ’
1398 1135 1611 1203 οἶδεν
1654 1141 1736 1204 δέ
1777 1160 1849 1205 σε
1893 1140 2117 1225 μακρὸς
2148 1136 2448 1222 Ὄλυμπος

393 1265 801 1341 suprascripta
844 1267 992 1324 erat.
1052 1264 1241 1323 Hiatu
1284 1266 1347 1324 et
1388 1265 1879 1340 interpunctione
1922 1267 2123 1325 autem
2166 1285 2422 1341 versum,
2470 1268 2561 1325 uti
2592 1286 2726 1325 eum

392 1348 778 1411 Schneiderus
821 1349 1025 1427 edidit,
1071 1350 1344 1410 laborare
1390 1350 1509 1409 iam
1552 1349 1852 1409 intellexit
1883 1348 2224 1412 &erhardus
2250 1352 2314 1411 in
2343 1352 2506 1412 lectt.
2541 1352 2725 1427 Apol-

393 1434 555 1497 lonn.
603 1456 662 1511 p.
713 1436 855 1513 216,
902 1435 1004 1511 qui
1048 1434 1298 1510 proinde
1342 1434 1625 1494 correxit:

696 1543 883 1632 ἦλθες
928 1548 987 1624 ἐς
1029 1548 1247 1628 αἰθέρα
1289 1550 1484 1629 δῖον,
1529 1548 1773 1612 ἔδεισε
1820 1549 1894 1612 δὲ
1938 1550 2173 1630 μακρὸς
2205 1551 2544 1633 Ὄλυμπος,

391 1673 673 1733 audacter
712 1674 816 1734 ille
862 1672 1120 1749 quidem,
1165 1692 1273 1733 nec
1304 1675 1501 1733 tamen
1531 1672 1675 1732 satis
1706 1673 2116 1749 probabiliter.
2188 1675 2483 1751 Equidem
2514 1676 2727 1752 locum,
2765 1684 2829 1732 45

393 1762 643 1836 utraque
687 1759 983 1834 scriptura
1027 1759 1361 1835 coniuncta,
1407 1757 1495 1817 ita
1536 1756 1682 1816 mihi
1727 1758 2062 1820 restituisse
2104 1759 2341 1820 videor:

694 1866 880 1955 ἦλθες
923 1870 982 1948 ἔς
1022 1867 1250 1954 αἰθέρ’,
1294 1872 1524 1935 ἔδεισε
1572 1869 1628 1933 δ’
1674 1870 1713 1936 δ’
1727 1869 1777 1934 τ’
1825 1868 1943 1935 οἶδ
1957 1874 1985 1937 έ
2026 1892 2104 1937 σε
2147 1866 2371 1956 μακρὸς
2403 1876 2727 1957 Ὄλυμπος.

566 1996 641 2057 v.
686 1998 965 2072 4198qq.
2459 1986 2486 2016 ⁶

698 2100 803 2155 Σῶ·
848 2091 911 2156 δὲ
955 2092 1119 2171 μένει
1163 2092 1264 2154 καὶ
1312 2095 1448 2172 τῆλε
1490 2098 1679 2171 περᾶς
1724 2088 1867 2156 ὅσον
1912 2089 2124 2158 οὔποτε
2172 2092 2400 2158 λεύσσει

695 2156 901 2256 ἠέλιος
944 2178 1228 2257 φαέθων·
1276 2181 1390 2279 σῷ
1408 2174 1467 2239 δ’
1513 2175 1600 2242 αὖ
1641 2178 1785 2260 πυρὶ
1831 2179 1933 2241 καὶ
1978 2176 2131 2259 φάος
2175 2181 2325 2244 εἴκει

697 2266 1044 2345 δειμαινον,
1088 2263 1191 2326 καὶ
1235 2256 1428 2343 Ζηνὸς
1471 2257 1636 2343 ὁμῶς
1679 2266 1903 2326 εἴκουσι
1949 2266 2249 2347 κεραυνοί.

394 2387 778 2449 Schneiderus
819 2388 971 2447 hanc
1011 2386 1281 2447 notulam
1324 2386 1654 2462 adspersit.
1713 2382 1913 2465 ,,φοίος
1959 2384 2297 2465 ὃειμαίνον,
2346 2388 2463 2449 nisi
2507 2389 2725 2449 vitium

394 2474 557 2550 latet,
603 2472 783 2532 nimis
828 2473 1096 2549 ineptum
1138 2472 1391 2535 videtur.
1400 2471 1435 2502 ‘⁴
1503 2473 1684 2533 Recte
1728 2473 1829 2532 ille
1875 2473 2182 2533 iudicavit.
2254 2464 2421 2545 Φάος
2465 2474 2725 2576 quidem,

396 2558 500 2618 ubi
543 2558 779 2619 nullum
823 2557 985 2617 aliud
1029 2557 1299 2636 intellegi
1343 2560 1546 2634 potest
1588 2559 1808 2634 lumen,
1856 2558 1929 2618 de
1973 2558 2114 2620 solis
2157 2559 2384 2619 lumine
2430 2549 2560 2617 κατ’
2608 2551 2727 2633 ἔξο

397 2636 510 2721 χὴν
554 2643 792 2720 dicitur,
839 2643 943 2703 sed
986 2643 1043 2703 h.
1088 2643 1131 2702 l.
1176 2643 1402 2719 aliquid
1445 2643 1601 2703 adici
1648 2605 1928 2720 debebat,
1974 2663 2093 2720 quo
2138 2638 2291 2718 φάος
2334 2645 2407 2706 de
2452 2645 2592 2705 solis
2638 2647 2727 2704 lu-

396 2729 554 2788 mine
613 2689 1086 2805 intellegendum
1129 2731 1265 2804 apte
1310 2728 1469 2789 Iovis
1515 2728 1865 2789 fulminibus
1911 2733 2330 2805 opponeretur.
2417 2730 2728 2790 Eiusmodi

397 2814 542 2890 quid
599 2813 772 2874 facile
825 2813 1102 2887 invehas,
1161 2815 1211 2873 si
1267 2832 1378 2890 pro
1422 2811 1845 2891 δειμαῖνον,
1891 2814 2052 2891 quod
2096 2817 2191 2874 est
2233 2816 2406 2892 plane
2451 2816 2726 2890 otiosum,

400 2899 735 2977 reposueris
779 2901 1235 2975 παμφαῖνον.
1297 2892 1460 2968 Φοὶος
1503 2902 1859 2975 παμφαῖνον
1902 2900 2063 2959 enim
2107 2904 2199 2960 est

696 3009 922 3089 Ἠέλιος
965 3006 1030 3088 ὃς
1073 3004 1252 3076 πάντ’
1304 3013 1494 3099 ἐφορᾷ
1536 3013 1641 3077 καὶ
1684 3010 1862 3078 πάντ’
1913 3012 2210 3078 ἐπακούει.

568 3134 643 3196 V.
689 3137 812 3196 426
838 3156 969 3213 sqq.

701 3228 1019 3338 Θαμβος”
984 3258 1130 3296 οταν
1171 3232 1492 3316 κερόεσσαν
1534 3229 1819 3316 αχαὶνέην
1861 3231 2201 3317 πτερόεντες

698 3316 977 3402 ἆτταγὲες
1021 3314 1298 3382 νώτοισιν
1344 3320 1439 3386 ἐπὶ
1480 3329 1766 3385 στικτοῖσι
1808 3318 2153 3428 θορόντες,

696 3403 742 3485 ἢ
784 3404 1024 3510 δόρκοις
1065 3404 1342 3507 περδικες
1388 3403 1482 3469 ἐπὶ
1522 3399 1707 3488 πτερὰ
1752 3405 1957 3471 πυκνὰ
2001 3401 2284 3487 βαλόντες

703 3493 850 3590 ἱδρῶ
891 3486 1284 3593 ἆποψύχωσι,
1327 3491 1742 3572 παρηγορέωσί
1778 3516 1837 3557 τε
1883 3493 2088 3593 θυμὸν

703 3573 1004 3656 καύματος
1047 3568 1340 3657 ἇζαλέοιο,
1386 3574 1812 3658 λατυσσόμενοι
1856 3573 2264 3658 πτερύγεσσιν.

571 3688 856 3775 Θορόντες
899 3700 1282 3762 Schneider-us
1325 3701 1551 3778 recepit
1595 3720 1664 3761 ex
1708 3701 1970 3765 Turneb.
2015 3703 2079 3761 et
2118 3701 2305 3761 Paris.
2342 3702 2371 3757 1
2422 3719 2530 3775 pro
2576 3701 2726 3758 cete-

396 3802 597 3843 rorum
626 3785 913 3844 librorum
944 3786 1272 3861 scriptura:
1316 3784 1624 3863 θορῶνται
1642 3827 1660 3861 ,
1705 3787 1865 3863 quod
1895 3805 2035 3846 sane
2065 3805 2186 3846 non
2217 3785 2442 3861 poterit
2469 3784 2727 3860 probari.

399 3868 516 3929 Sed
559 3870 873 3946 participio
918 3875 1155 3949 recepto
1201 3871 1326 3930 hiat
1369 3873 1697 3950 sententia3
1744 3891 1936 3948 neque
1981 3872 2156 3945 enim,
2202 3889 2352 3946 quae
2395 3889 2453 3929 v.
2472 3870 2595 3928 429
2641 3887 2726 3928 se·

398 3961 667 4030 quuntur
707 3957 892 4015 verba
934 3956 1130 4032 finita,
1177 3976 1245 4016 ea
1287 3956 1361 4016 ad
1406 3959 1748 4035 attagenes,
1797 3956 1902 4017 sed
1945 3957 2020 4016 ad
2065 3956 2221 4016 solas
2266 3955 2567 4032 pertinent
2594 3972 2727 4029 per-

397 4039 575 4103 dices.
665 4041 878 4118 Itaque
934 4043 1077 4101 mihi
1132 4041 1372 4118 quidem
1430 4046 1566 4118 post
1626 4062 1682 4103 v.
1729 4043 1851 4101 427
1917 4061 2071 4100 unus
2116 4042 2222 4099 aut
2264 4041 2463 4116 plures
2523 4057 2728 4098 versus

400 4125 771 4185 intercidisse
829 4127 1139 4204 videntur,
1201 4126 1303 4186 ubi
1347 4127 1621 4203 pluribus
1668 4127 1741 4186 de
1786 4129 2129 4203 attagenam
2173 4126 2235 4184 in
2279 4142 2484 4186 cervos
2528 4142 2728 4183 amore

397 4211 735 4286 expositum
796 4216 938 4276 erat.
1026 4212 1114 4271 Ea
1159 4213 1460 4273 sententia
1515 4213 1655 4272 inde
1713 4213 1893 4270 etiam
1944 4213 2072 4271 veri
2129 4212 2412 4270 maiorem
2470 4209 2728 4286 speciem

398 4296 634 4372 accipit,
684 4297 844 4372 quod
889 4298 1211 4358 accusativi
1256 4288 1575 4374 κερόεσσαν
1616 4288 1903 4371 ἅχαϊνέην
1945 4295 2102 4356 unde
2146 4295 2274 4372 apti
2304 4296 2444 4371 sint,
2490 4312 2610 4354 non
2639 4293 2726 4352 in-

398 4380 727 4457 tellegitur.
817 4383 1055 4460 Itaque,
1116 4384 1219 4459 qui
1263 4383 1415 4442 nihil
1459 4382 1662 4443 deesse
1706 4381 2166 4458 existimaverit,
2220 4382 2414 4441 locum
2458 4381 2547 4440 ita
2590 4397 2724 4440 con·
2761 4385 2827 4435 46

398 4466 645 4526 stituere
688 4467 892 4526 debet:
