3132 5129
1309 385 1769 448 ..365-

539 539 613 597 V.
661 541 784 599 396
931 582 948 600 .

621 634 798 700 Ἀλλὰ
819 557 942 699 Ἓὶ
987 635 1070 711 ὥς
1113 632 1436 721 πύργοισιν
1479 635 1806 714 ἐφεστῶτες
1849 637 2131 700 πονέοντο

623 724 950 804 νωλεμέως·
999 721 1100 785 ἰοὶ
1144 722 1226 785 δὲ
1269 719 1665 803 πολυτιμήτων
1706 720 1828 785 ἀπὸ
1874 734 2133 804 τειχῶν

624 815 909 892 θρῶσκον
953 803 1111 887 ὅμως
1157 808 1357 871 λάεσσι
1401 809 1504 873 καὶ
1546 807 1853 893 αἰγανέῃσι
1898 812 2099 893 θοῇσι.

378 930 468 990 Ita
510 930 878 1007 Tychsenius
920 931 1077 991 hunc
1121 931 1319 991 locum
1364 932 1570 992 edidit.
1645 933 1718 992 In
1761 931 1983 992 Aldina
2026 931 2183 991 enim
2229 928 2527 1007 νωλεμέως
2544 950 2574 992 ·.
2635 929 2708 988 οἳ

374 1010 433 1070 δ’
480 1012 636 1074 αἰεὶ
677 1018 931 1095 πολυκμ.
975 1009 1095 1073 ἀπὸ
1139 1014 1404 1096 χειρῶν
1447 1016 1774 1095 legebatur.
1833 1018 1914 1077 Et
1956 1017 2106 1076 illud
2149 1018 2388 1093 quidem
2432 1017 2703 1076 emenda·

373 1104 502 1159 tum
545 1104 640 1161 est
681 1121 716 1160 a
758 1101 1208 1177 Rhodomanno,
1255 1108 1529 1178 τειχῶν
1571 1106 1770 1164 autem
1814 1102 2101 1162 Escurial.
2156 1103 2184 1160 1
2234 1101 2527 1178 praebuit.
2617 1101 2706 1160 Ex

371 1186 461 1244 his
504 1187 774 1264 vestigiis
817 1190 1068 1264 apparet
1108 1187 1307 1247 locum
1351 1188 1494 1247 olim
1539 1186 1627 1247 ita
1669 1189 1850 1249 fuisse
1896 1188 2213 1263 scriptum:

631 1300 962 1382 νωλεμέως·
1008 1301 1156 1363 αἰεὶ
1198 1300 1276 1364 δὲ
1318 1301 1765 1382 θεοδμήτων
1804 1298 1950 1365 ἀπὸ
2002 1302 2302 1382 τειχέων

627 1383 949 1469 (βάλλον
989 1386 1256 1468 ἅδην)
1300 1387 1398 1449 ίοὶ
1436 1386 1514 1450 δὲ
1556 1388 2055 1467 πολυκμήτων
2098 1385 2243 1451 ἀπὸ
2288 1388 2558 1469 χειρῶν

625 1474 909 1553 θρῶσκον
953 1468 1120 1551 ὁμῶς
1164 1472 1363 1535 λαέσσι
1406 1480 1519 1537 etc.
2146 1532 2155 1537 .

379 1586 739 1671 Θεοδμήτων
782 1590 879 1653 ἐπὶ
920 1589 1168 1672 πύργων
1211 1595 1507 1655 Homerus
1552 1595 1704 1655 dixit
1753 1594 1805 1653 Θ
1849 1597 1992 1658 519.

541 1681 613 1739 In
656 1698 850 1740 nono
895 1680 1102 1740 libro
1147 1681 1219 1739 ad
1263 1699 1437 1757 quem
1483 1681 1603 1740 iam
1649 1680 1861 1741 accedo
1907 1682 2181 1741 lacunam
2225 1680 2456 1740 obtexit
2486 1680 2705 1757 Heynii

373 1766 712 1826 coniectura
735 1764 1105 1841 Tychsenius
1128 1785 1186 1828 v.
1208 1768 1345 1827 100.
1389 1766 1707 1844 Leguntur
1727 1765 1815 1825 ibi
1838 1767 1900 1825 in
1922 1765 2215 1844 Deiphobi
2240 1767 2511 1826 oratione
2534 1765 2704 1825 haec:

628 1874 864 1941 τούνεκ’
912 1876 1295 1959 ἀπωσάμενοι
1337 1874 1623 1985 στυγερὸν
1665 1879 1794 1957 δέος
1836 1876 1990 1961 ἄμφ’
2042 1879 2142 1959 ἐμὲ
2183 1876 2402 1955 πάντες

623 1961 1000 2045 καρτύνασθ’
1045 1961 1162 2027 ἆνᾶ
1209 1967 1386 2046 δῆριν
1427 1969 1759 2046 αμείλιχον·
1806 1963 1878 2027 οὐ
1922 1967 2034 2048 γὰρ
2075 1961 2374 2047 Ἀχιλλεύς

625 2049 770 2124 ζωὸς
816 2047 916 2110 ἔθ’
965 2044 1110 2132 ἡμῖν
1152 2050 1304 2113 ἄντα
1346 2051 1701 2132 μαχήσεται,
1747 2048 1948 2114 οὕνεκ’
1997 2049 2098 2157 ἄρ’
2146 2048 2339 2114 αὐτὸν

624 2138 744 2215 πῦρ
791 2131 964 2198 ὀλοὸν
1007 2135 1332 2216 κατέδαψε·
1378 2137 1541 2199 πέλει
1587 2136 1654 2198 δέ
1696 2160 1785 2210 τις
1826 2135 2005 2211 ἄλλος
2051 2140 2329 2215 Αχαιοδν,

623 2218 693 2294 ὃς
738 2230 853 2282 νῦν
896 2213 1042 2283 λαὸν
1085 2221 1335 2304 ἔγειρεν·
1383 2220 1582 2284 ἔοικε
1627 2220 1704 2283 δὲ
1745 2212 1909 2302 μήτ’
1953 2218 2249 2303 Ἀχιλῆα

624 2305 770 2386 μήτε
815 2301 933 2367 τιν’
977 2306 1161 2369 ἄλλον
1198 2305 1443 2387 Ἀχαιὸν
1484 2300 1889 2389 ὗποτρομέειν.

377 2428 599 2488 Totum
642 2447 764 2488 non
809 2430 937 2489 sine
981 2448 1159 2489 causa
1203 2430 1490 2506 adscripsi
1534 2430 1751 2492 locum.
1840 2431 1969 2490 Iam
2014 2429 2173 2489 enim
2217 2430 2462 2527 apwet
2505 2427 2705 2503 inepte

372 2513 565 2574 denuo
608 2533 665 2574 v.
704 2515 825 2574 100
856 2514 1108 2576 Achillis
1152 2515 1360 2575 inferri
1404 2516 1772 2577 mentionem
1817 2535 1993 2594 quem
2038 2515 2338 2592 sepultum
2368 2532 2497 2574 esse
2538 2517 2703 2573 ante·
2743 2524 2804 2573 19

373 2599 721 2659 cedentibus
785 2603 916 2660 erat
979 2601 1221 2660 dictum.
1312 2601 1430 2660 Sed
1496 2601 1556 2659 in
1602 2602 1824 2661 Aldina
1876 2601 2099 2677 legitur
2150 2596 2301 2659 ἔοικε
2358 2593 2425 2657 δὲ
2479 2592 2698 2656 πάντ’

367 2679 681 2761 Ἀχιλῆι,
749 2684 910 2761 quod
963 2686 1097 2762 quis
1139 2705 1260 2745 non
1303 2686 1470 2745 videt
1512 2687 1878 2763 iungendum
1924 2705 2050 2745 esse
2107 2704 2241 2745 cum
2304 2684 2705 2745 antecedenti·
2752 2697 2756 2701 *

374 2771 484 2829 bus
539 2769 715 2845 plena
757 2771 951 2845 posita
993 2771 1474 2847 interpunctione
1519 2775 1647 2830 tum
1692 2790 1833 2831 vero
1877 2771 2052 2830 huius
2096 2770 2423 2831 sententiae
2467 2789 2704 2829 versum

413 2873 645 2914 emsse:

371 2874 409 2931 p
627 2932 903 3017 (ἡμέας
945 2933 1037 3015 δ’,
1083 2937 1311 3000 εἶκαὶ
1354 2937 1632 3018 ἔοικεν,
1680 2931 1869 3018 ’ὅμως
1914 2933 2052 3022 χρὴ
2099 2937 2279 3019 μήτε
2310 2961 2376 2998 τι
2405 2937 2703 3019 κεῖνον>

626 3021 771 3101 μήτε
815 3018 928 3083 τιν’
976 3020 1158 3084 ἄλλον
1195 3015 1437 3102 Ἀχαιὸν
1479 3022 1869 3104 ὖποτρομέειν
1911 3025 2069 3086 etc.‘?

541 3141 616 3201 V.
657 3145 773 3201 142
820 3145 882 3203 in
927 3144 1149 3204 Aldina
1192 3145 1443 3223 legitur:

626 3294 708 3304 —
804 3294 870 3304 -
970 3295 1040 3306 —
1132 3259 1267 3339 ἕχον
1309 3258 1371 3322 δ’
1419 3254 1541 3322 ὑπὸ
1587 3263 1871 3343 χείρεσι
1916 3258 2121 3342 θυμὸν

626 3343 859 3405 παίδων
901 3340 1058 3424 ἀμφὶ
1101 3347 1316 3424 φίλων.
1623 3371 1632 3377 ·

372 3465 443 3524 Id
486 3484 619 3526 cum
665 3485 838 3526 sensu
865 3471 1091 3528 careret
1121 3468 1484 3546 Tychsenius
1514 3489 1586 3528 ex
1616 3470 2027 3530 Rhodomanni
2059 3469 2395 3530 coniectura
2425 3464 2702 3546 χείρεσι

375 3551 437 3610 in
479 3545 744 3627 κήδεσι
800 3552 937 3628 <pro
982 3571 1099 3629 quo
1144 3556 1322 3613 etiam
1368 3548 1684 3614 πένθεσι
1728 3557 1789 3614 et
1830 3555 1950 3613 alia
1991 3555 2209 3613 tentari
2255 3550 2533 3632 possunt)
2580 3574 2704 3612 mu·

372 3637 546 3696 tavit.
615 3635 734 3696 Sed
776 3639 934 3713 quod
978 3639 1239 3714 positum
1284 3642 1375 3699 est
1403 3636 1619 3716 χείρεσι
1663 3659 1784 3699 non
1829 3643 2028 3698 tamen
2072 3639 2312 3699 videtur
2352 3640 2476 3698 h.1.
2505 3639 2703 3715 negle-

373 3720 657 3797 gendum.
725 3721 942 3782 Nescio
987 3725 1143 3782 enim
1187 3743 1264 3783 an
1308 3725 1366 3783 h.
1413 3725 1456 3783 l.
1503 3725 1925 3784 sedentium
1972 3743 2180 3784 senum
2226 3725 2439 3784 similis
2483 3742 2703 3783 memo-

373 3808 537 3865 ratus
583 3806 764 3865 fuerit
805 3807 1060 3883 habitus,
1107 3811 1284 3884 atque
1328 3810 1429 3885 qui
1461 3808 1623 3884 XIV,
1656 3811 1778 3870 386
1823 3805 1984 3887 (περὶ
2027 3803 2278 3886 γούνατ’
2314 3806 2448 3886 ἔχον
2477 3804 2699 3887 χέρας),

375 3910 495 3967 quo
540 3891 612 3950 de
658 3892 787 3952 loco
829 3893 951 3952 dixi
996 3894 1059 3952 in
1103 3893 1373 3953 emendd.
1418 3914 1478 3970 p.
1511 3894 1653 3969 288,
1702 3894 2077 3955 describitur.
2139 3895 2335 3954 Facile
2378 3895 2536 3954 enim
2584 3895 2704 3953 tale

373 3977 519 4052 quid
564 3974 824 4046 Quintus
868 3979 1123 4038 scribere
1166 3980 1394 4055 potuit:

626 4111 709 4120 ——
797 4111 880 4122 —
965 4112 1046 4124 —-
1136 4074 1305 4155 ἔχον
1348 4072 1407 4136 δ’
1456 4070 1604 4138 ὖπό
1648 4078 1920 4158 χείρεσι
1964 4077 2241 4158 (γοῦνα

627 4157 1492 4243 ἆμφιπεριπλέξαντες),
1538 4160 1711 4223 ἔδον
1753 4155 1814 4222 δ’
1862 4160 1999 4225 ὑπὸ
2050 4160 2312 4239 κήδεσι
2355 4155 2609 4243 θυμὸν

625 4247 860 4308 παίδων
900 4244 1056 4326 ἀμφὶ
1098 4249 1314 4324 φίλων.

378 4367 630 4428 Videtur
673 4370 828 4428 enim
875 4369 1136 4429 dubitari
1181 4389 1300 4431 non
1343 4389 1519 4447 posse
1563 4372 1710 4447 quin
1756 4365 1923 4429 ἔδον
1966 4370 2146 4430 etiam
2185 4373 2347 4431 recte
2376 4370 2459 4431 sit
2489 4389 2702 4448 propo-

371 4453 552 4514 situm
598 4474 635 4513 a
678 4455 1125 4548 Rhodomanno.
