3132 5129
365 1974 422 2021 18

1383 359 1457 426 ’-
1556 379 1677 443 134
1768 419 1844 426 -

444 549 633 600 πᾶσαι
690 535 749 599 6’
798 535 1093 617 οόίγνυντο
1135 535 1338 614 πύλαι,
1383 534 1450 596 ἐκ
1499 531 1556 594 δ’
1606 534 1816 596 ἔσσυτο
1858 530 1997 607 λαός
2043 540 2243 612 potius
2289 557 2359 594 ex
2404 541 2608 596 nostro
2656 538 2790 595 loco

445 629 587 687 illuc
630 627 798 686 illata
842 629 1000 685 sunt.
1076 625 1200 684 Nec
1242 624 1423 682 nimis
1469 623 1835 697 mirabimur,
1883 624 1933 682 si
1980 623 2278 699 egregiam
2326 622 2790 697 descriptionem

455 712 506 770 Θ
536 714 783 772 60-65
814 711 1110 787 integram
1129 729 1198 767 ex
1220 709 1556 783 antiquiore
1580 712 1756 782 poeta
1789 710 1843 763 A
1864 708 2197 765 446—451
2225 707 2558 781 desumpsit
2587 725 2793 766 secun-

449 798 588 854 dum
611 817 694 872 ea,
724 816 872 871 quae
894 813 1086 870 nuper
1109 794 1309 853 monui
1333 794 1394 850 in
1419 793 1717 852 dissertat.
1738 793 1793 848 V
1810 813 1866 867 p.
1885 794 1921 850 8
1950 789 2159 869 [supra
2180 812 2240 866 p.
2257 790 2387 867 94],
2414 791 2793 866 quemadmo-

449 883 589 939 dum
622 881 779 939 idem
809 899 931 939 non
963 879 1264 938 dubitavit
1289 878 1824 937 luculentissimam
1856 877 1992 951 equi
2020 877 2417 951 superbientis
2448 876 2791 951 imaginem,

449 985 706 1041 quocum
734 965 1030 1023 Homiliae
1057 966 1261 1023 auctor
1280 963 1336 1021 Z
1355 964 1686 1023 506—511
1715 962 1990 1020 Paridem
2013 962 2362 1035 contulerat,
2391 960 2441 1016 Ο
2458 961 2794 1019 263-268

450 1050 524 1109 ad
571 1051 886 1110 Hectorem
941 1049 1265 1108 transferre
1314 1048 1609 1122 Apollinis
1666 1045 1975 1105 beneficio'
2008 1047 2452 1119 resuscitatum,
2511 1046 2617 1103 ubi
2673 1063 2796 1103 non

452 1139 610 1194 recte
654 1138 801 1210 puto
849 1137 1134 1211 quattuor
1175 1133 1448 1193 versibus
1494 1134 1829 1190 265—268
1863 1132 2157 1206 privatam
2191 1149 2317 1189 esse
2350 1131 2425 1188 ab
2450 1130 2796 1188 Aristarcho

452 1220 956 1295 comparationem
983 1265 996 1292 ,
1048 1237 1196 1294 quae
1244 1221 1388 1292 „aut
1432 1218 1527 1291 sit,
1576 1221 1643 1275 ut
1687 1220 1795 1291 est,
1842 1219 1947 1274 aut
1990 1234 2108 1275 non
2154 1215 2293 1274 sit“.
2383 1214 2551 1274 Unus
2595 1219 2799 1273 tamen

452 1325 660 1364 versus
705 1324 886 1380 supra
930 1303 1230 1364 tollendus
1275 1307 1405 1360 erat
1451 1304 1528 1360 59

757 1420 924 1492 πεζοί
962 1415 1041 1479 θ’
1092 1417 1309 1496 ἱππῆές
1356 1437 1445 1479 τε·
1491 1416 1678 1491 πολὺς
1722 1413 1782 1476 δ’
1832 1411 2161 1496 ὀρυμαγδὸς
2209 1408 2446 1496 ὀρώρει,

452 1543 558 1618 qui
600 1542 784 1600 etiam
829 1541 889 1599 in
937 1541 988 1599 Β
1021 1541 1145 1598 810
1186 1542 1249 1598 et
1293 1560 1340 1597 ω
1388 1542 1468 1599 70
1512 1539 1772 1598 transiit.
1866 1537 2097 1613 Quippe
2141 1537 2427 1597 habemus
2471 1537 2565 1595 hic
2611 1558 2661 1595 v.
2717 1539 2798 1595 63

453 1621 642 1695 πολὺς
687 1621 744 1680 δ’
779 1616 1172 1702 ὀρνμαγδός’
1143 1644 1345 1699 ορωρει
1378 1625 1452 1683 de
1482 1623 1698 1683 bellico
1730 1623 2206 1683 concursantium
2240 1623 2498 1682 hostium
2533 1623 2803 1680 tumultu

454 1714 521 1768 ut
578 1714 640 1769 et
685 1711 742 1767 K
779 1711 894 1768 185
942 1742 1021 1750 —
1067 1727 1177 1767 nec
1232 1709 1466 1767 abludit
1523 1709 1584 1767 in
1642 1708 2079 1782 comparatione
2137 1707 2329 1767 eidem
2386 1708 2474 1766 rei
2530 1706 2805 1764 adhibita

456 1788 761 1870 δρυτόμων
826 1787 1157 1871 ὀρυμαγδός
1204 1794 1272 1849 Π
1313 1795 1434 1852 633
1481 1822 1591 1866 -‚-·,
1624 1852 1632 1862 ,
1665 1812 1783 1868 qua
1838 1791 2101 1851 clausula
2156 1792 2387 1851 adiecta
2446 1791 2519 1849 ad
2579 1788 2801 1866 ἱππῆες

455 1877 620 1949 πεζοί
661 1899 720 1937 τε
767 1881 828 1935 Λ
876 1881 997 1938 529
1043 1879 1297 1937 formula
1341 1871 1573 1937 exstitit
1616 1876 2145 1953 interpolatoribus
2191 1876 2553 1952 gratissima.

626 1965 743 2023 Sed
774 1965 964 2022 maior
994 1982 1132 2023 sane
1163 1967 1255 2022 est
1286 1963 1600 2022 dubitandi
1632 1963 1922 2021 materia
1907 1981 1969 2020 ιιι
2005 1963 2391 2036 sequentibus
2420 1982 2474 2020 v.
2510 1961 2803 2019 66—74:

759 2060 917 2162 ὄφρα
960 2059 1071 2142 μὲν
1112 2058 1235 2140 ἠώς
1278 2055 1357 2140 ἦν
1400 2060 1501 2122 καὶ
1541 2053 1743 2135 ἀέξετο
1786 2058 1949 2137 ἱερὸν
1991 2054 2181 2138 ἦμαρ,

761 2144 955 2255 τόφρα
997 2142 1138 2225 μάλ’
1187 2143 1539 2226 ἀμφοτέρων
1582 2140 1735 2224 βέλε’
1784 2143 2032 2223 ἥπτετο,
2078 2151 2255 2206 πῖπτε
2300 2141 2366 2204 δὲ
2409 2143 2571 2212 λαός.

761 2225 910 2311 ἦμος
959 2228 1016 2289 δ’
1064 2227 1257 2310 ἠέλιος
1301 2229 1485 2310 μέσον
1528 2227 1792 2337 οὐρανὸν
1833 2227 2268 2309 ἀμφιβεβήκει,

765 2317 866 2378 και
912 2311 1034 2378 τότε
1082 2312 1154 2394 δὴ
1200 2317 1442 2396 χρύσεια
1486 2314 1680 2394 πατὴρ
1725 2314 1973 2375 ἐτίταινε
2018 2313 2307 2388 τάλαντα,

666 2414 730 2461 70
760 2401 829 2463 ἐν
872 2398 930 2461 δ’
983 2399 1170 2461 ἐτίθει
1216 2401 1325 2460 δύο
1369 2410 1514 2480 κῆρε
1558 2397 1911 2480 τανηλεγέος
1956 2398 2280 2473 θανάτοιο,

773 2487 992 2566 Τρώων
1037 2482 1107 2545 θ’
1158 2485 1519 2561 ἱπποδάμων
1562 2484 1663 2544 καὶ
1702 2481 1960 2561 Ἀχαιιόν
2002 2482 2484 2591 χαλκοχιτώνων,

763 2572 891 2632 ελκε
937 2571 1000 2632 δὲ
1043 2569 1227 2650 μέσσα
1274 2571 1503 2650 λαβών
1553 2567 1694 2643 ρέπε
1739 2567 1795 2628 δ’
1843 2569 2088 2646 αἴσιμον
2128 2561 2287 2649 ἦμαρ
2327 2564 2611 2645 Ἀχαιων·

765 2659 832 2716 αι
873 2654 984 2734 μὲν
1021 2652 1283 2734 Ἀχαιῶν
1324 2679 1497 2736 κηρες
1543 2653 1638 2713 ἐπὶ
1660 2653 1861 2733 χθονὶ
1908 2654 2339 2734 πουλυβοτείρῃ

769 2739 1049 2818 ἑζέσθην,
1101 2740 1322 2820 Τρωων
1366 2738 1429 2799 δὲ
1472 2738 1619 2818 πρὸς
1666 2736 1927 2818 οὐρανὸν
1970 2736 2158 2820 εὐρὺν
2199 2738 2442 2819 αερθεν.

463 2864 594 2921 Duo
638 2864 865 2937 priores
908 2880 1116 2922 versus
1162 2861 1338 2919 etiam
1372 2864 1432 2917 A
1471 2862 1548 2919 84
1568 2881 1653 2936 sq.
1701 2880 1825 2919 non
1868 2861 2067 2919 minus
2112 2864 2252 2935 apte
2283 2860 2461 2936 positi
2492 2861 2807 2918 inveniun-

463 2951 578 3020 tur,
611 2950 696 3020 ut,
731 2946 923 3005 utrius
953 2947 1067 3004 loci
1100 2946 1266 3020 prius
1298 2946 1535 3020 fuerint,
1571 2946 1833 3004 dubitari
1863 2947 2082 3021 possit3
2130 2946 2356 3021 primus
2392 2964 2593 3003 versus
2626 2945 2807 3002 etiam

466 3052 486 3086 ι
519 3033 598 3089 56
647 3032 883 3107 legitur,
931 3031 1183 3088 alterum
1229 3030 1456 3106 Apatae
1502 3033 1681 3106 poeta
1725 3031 1798 3088 ad
1830 3031 2106 3089 carminis
2138 3031 2361 3088 exitum
2393 3030 2803 3088 exornandum

465 3116 738 3174 adhibuit
785 3115 835 3172 Ο
868 3117 988 3173 318
1005 3135 1093 3190 sq

634 3212 793 3294 ὄφρα
837 3211 948 3292 μὲν
990 3213 1189 3292 αἰγίδα
1221 3212 1435 3291 χερσὶν
1478 3209 1564 3291 ἔχ’
1612 3208 1831 3292 ἀτρέμα
1855 3214 2098 3313 Φοῖβος
2135 3208 2471 3289 Ἀπόλλων,

634 3298 871 3379 τόφρα
914 3295 1076 3377 μάλ’
1125 3295 1569 3378 ἀμφοτέρων
1612 3294 1799 3375 βέλε’
1850 3293 2152 3375 ἥπτετο,
2198 3304 2420 3359 πῖπτε
2454 3293 2528 3357 δε
2557 3297 2763 3370 λαος

466 3420 628 3479 Nihil
677 3421 866 3495 igitur
910 3419 1174 3495 impedit,
1224 3420 1539 3494 quominus
1586 3419 1742 3478 idem
1788 3422 1993 3478 auctor
2035 3419 2130 3477 hic
2173 3437 2410 3494 quoque
2453 3437 2522 3477 ea
2551 3419 2810 3477 formula

466 3507 554 3564 uti
614 3505 895 3581 potuerit.
987 3504 1138 3561 Tum
1194 3505 1299 3579 qui
1341 3504 1611 3578 sequitur
1655 3523 1861 3563 versus
1909 3504 2212 3563 meridiem
2258 3503 2579 3579 designans
2622 3522 2807 3578 aeque

468 3590 616 3648 bene
673 3590 894 3665 legitur
949 3588 1053 3649 sed
1110 3589 1485 3648 coniunctivo
1539 3589 1737 3662 posito
1785 3589 1857 3647 de
1902 3589 2103 3647 Protei
2149 3588 2444 3647 cotidiana
2488 3591 2807 3647 consuetu-

468 3675 605 3733 dine
650 3672 686 3730 ὃ
731 3676 886 3733 40οι
931 3674 1022 3732 his
1065 3673 1212 3732 locis
1257 3677 1317 3732 et
1360 3674 1451 3747 iis,
1497 3691 1644 3747 quos
1690 3674 1865 3732 modo
1913 3673 2152 3747 adduxi,
2200 3693 2223 3728 ι
2267 3674 2346 3730 58
2393 3673 2708 3731 coniunxit
2738 3674 2807 3747 is,

469 3760 573 3836 qui
629 3759 839 3835 pingui
883 3758 1122 3834 ingenio
1167 3759 1228 3816 in
1274 3757 1644 3817 Patrocleam
1692 3758 1758 3814 Π
1786 3758 2102 3816 777-779
2148 3757 2398 3816 intrusit
2450 3776 2658 3818 versus
2713 3758 2806 3815 ni·

470 3846 579 3903 mis
624 3844 921 3918 patienter
963 3842 1153 3900 adhuc
1198 3843 1501 3901 toleratos·

640 3928 756 3986 Sed
813 3928 874 3985 in
930 3928 1004 3986 iis
1062 3929 1164 4002 qui
1220 3929 1551 4002 sequuntur
1608 3926 1878 3987 versibus
1924 3926 2328 3986 infelicissime
2369 3926 2809 3986 nobilissimum

469 4013 664 4072 locum
723 4013 785 4069 X
827 4014 1041 4070 209-—
1065 4013 1185 4070 ‘213
1255 4015 1419 4071 trans
1425 4013 1682 4088 criptum
1737 4031 1865 4072 esse
1933 4014 2049 4070 iam
2110 4012 2488 4071 Aristarchus
2556 4012 2811 4070 sensisse

469 4098 736 4171 videtur,
785 4117 1145 4173 quamquam
1192 4078 1420 4155 ultimis
1465 4100 1719 4171 tantum,
1768 4117 1917 4172 quos
1962 4098 2332 4156 diasceuasta
2375 4097 2449 4155 de
2493 4115 2602 4156 suo
2647 4096 2809 4155 addi-

471 4181 589 4255 dit,
638 4143 922 4241 inf’estus:
999 4180 1135 4239 audi
1181 4181 1591 4242 Aristonicum
1635 4183 1707 4240 ad
1757 4185 1833 4239 73
1864 4173 1986 4257 effi:
2062 4169 2466 4256 ἀθετοῦνται,
2525 4200 2615 4238 οτι
2657 4174 2811 4255 ὑπὲρ

351 4294 364 4305 -
472 4260 722 4322 ἓκάστου
768 4262 1202 4362 στρατεύματος
1246 4260 1399 4342 κῆρα
1445 4267 1790 4344 ζυγοστατεῖ
1824 4259 1855 4323 6
1903 4263 2092 4340 Ζεύς,
2150 4259 2221 4324 οὐ
2265 4264 2534 4341 πλείους,
2583 4258 2669 4335 ὥς
2714 4261 2813 4324 ἐπὶ

467 4343 770 4424 Ἀχιλλέως
814 4348 915 4407 καὶ
940 4341 1258 4427 Έκτορος·
1306 4346 1338 4408 ὁ
1391 4347 1452 4407 δὲ
1497 4346 1932 4426 διασκευαστὴς
1978 4346 2213 4428 ἐξέλαβε
2243 4346 2476 4421 πολλάς.
2540 4347 2595 4409 εἰ
2623 4345 2691 4408 δέ
2721 4370 2810 4414 τις

473 4433 581 4493 δύο
625 4428 777 4513 ὑπὲρ
823 4430 1098 4513 ἐκατέρου
1143 4432 1431 4493 ἵστασθαι
1474 4432 1688 4511 φήσει,
1737 4431 2019 4512 ῥυόμενος
2064 4431 2176 4512 τὴν
2217 4431 2504 4513 σύγχυσιν
2547 4442 2651 4492 τοῦ
2683 4432 2811 4493 δυϊ-
