3132 5129
1255 386 1709 448 -415-

485 544 565 601 Hi
612 545 799 620 igitur
844 545 926 601 dii
973 545 1183 601 marini
1240 562 1360 601 non
1405 543 1804 601 indubitatam
1849 541 2065 600 Bacchi
2111 543 2422 600 victoriam
2466 561 2645 618 agno-

313 647 504 703 scere,
553 629 656 686 sed
700 630 910 687 incerti
955 629 1148 686 exitus
1193 647 1451 724 pugnam
1497 627 1800 703 adspicere
1846 627 1959 685 sibi
2004 627 2301 686 videntur.
2377 628 2460 686 Iis
2505 646 2645 687 vero

315 732 517 772 rursus
562 713 847 771 Nereus
890 713 1271 786 contradicit,
1328 713 1430 787 qui
1477 712 1710 770 finito
1757 712 1982 787 proelio
2029 697 2140 789 (ὦς
2186 707 2253 768 δὲ
2296 704 2498 787 μόθου
2546 709 2646 769 τέ·

316 800 433 867 λος
476 788 589 872 ἦεν
645 819 702 857 v.
753 796 901 873 295)
958 817 1122 856 mare
1178 801 1582 869 cruentatum,
1644 797 1833 871 pisces
1889 796 2416 894 anthropophagos
2469 800 2646 871 atque

315 884 618 960 ingentem
649 883 902 941 miratur
942 885 1214 958 stragem
1245 886 1613 940 mortuorum
1646 880 1726 955 (v.
1762 882 1962 939 295-
1896 876 2157 959 -,299)
2203 883 2303 955 qui
2351 882 2464 956 ipsi
2496 900 2647 939 mor·

315 970 403 1026 tui
447 971 588 1043 post
633 968 1142 1043 importunissime
1187 967 1602 1026 intercalatum
1648 985 1888 1024 versum
1936 967 2061 1023 300

575 1078 906 1161 Βακχιάδες
960 1105 1019 1143 τε
1064 1082 1365 1161 φάλαγγες
1410 1079 1697 1162 ἐπέχραον
1740 1080 1961 1140 αἴθοπι
2010 1084 2129 1165 λαῷ

295 1221 529 1297 quibus
585 1222 932 1281 vulneribus
987 1221 1179 1279 affecti
1240 1221 1498 1296 fuerint,
1544 1242 1602 1280 v.
1662 1220 2018 1280 301—305
2077 1219 2450 1278 describitur.
2529 1220 2647 1279 Sed

314 1306 698 1381 supersedere
743 1325 987 1381 possum
1045 1306 1320 1380 pluribus
1367 1306 1439 1363 de
1482 1306 1659 1363 huius
1702 1305 1945 1380 quidem
1989 1304 2103 1363 loci
2148 1305 2390 1379 ineptiis
2437 1304 2644 1363 admo·

314 1409 477 1465 nere,
524 1393 803 1466 quoniam
849 1392 992 1449 satis
1038 1410 1326 1466 superque
1373 1410 1501 1448 eam
1548 1409 1671 1449 rem
1717 1391 1833 1447 iam
1864 1391 2210 1465 persecutus
2255 1394 2346 1448 est
2375 1388 2645 1448 Graefius

312 1476 420 1533 hac
464 1476 538 1533 ad
582 1496 641 1537 v.
690 1478 811 1534 295
868 1476 1166 1550 adscripta
1221 1477 1393 1534 nota:
1452 1476 1658 1551 „Quae
1714 1477 1789 1533 ab
1847 1476 1957 1534 hoc
2002 1493 2176 1533 versu
2221 1492 2412 1550 usque
2468 1474 2541 1532 ad
2588 1495 2642 1534 v.

314 1564 433 1619 311
483 1561 790 1636 leguntur,
852 1562 937 1619 ita
981 1560 1331 1635 perturbata
1373 1566 1541 1634 sunt,
1607 1564 1673 1618 ut
1729 1560 1878 1618 nihil
1925 1560 2071 1618 certi
2115 1559 2242 1617 sine
2301 1558 2646 1617 melioribus

314 1646 484 1703 libris
529 1646 806 1704 videatur
850 1646 1035 1704 statui
1081 1664 1270 1720 posse.
1343 1645 1577 1704 Proelio
1635 1645 1838 1720 finit0,
1897 1665 1949 1703 v.
2002 1646 2144 1702 295.
2192 1646 2312 1702 299
2387 1642 2645 1702 Nereum

313 1733 374 1788 et
417 1730 765 1805 Neptunum
812 1750 1001 1805 mare,
1050 1732 1338 1806 sanguine
1384 1735 1444 1788 et
1488 1729 1874 1789 cadaveribus
1915 1730 2237 1804 repletum,
2286 1728 2472 1788 oculis
2516 1748 2645 1804 per·

311 1816 632 1890 lustrasse,
681 1819 741 1872 et
785 1815 1037 1874 describi
1082 1815 1515 1873 trucidatorum
1561 1815 1727 1874 varia
1767 1813 2015 1873 vulnera
2046 1834 2103 1872 v.
2139 1815 2475 1872 301-305
2507 1813 2649 1871 haec

312 1901 522 1958 saltem
571 1902 730 1958 inter
774 1920 836 1958 se
883 1900 1290 1974 cohaererent,
1338 1900 1450 1958 nisi
1496 1921 1550 1959 v.
1588 1902 1713 1959 300
1757 1899 1829 1956 de
1873 1900 2100 1973 impetu
2144 1898 2463 1957 Bacchicae
2507 1898 2647 1974 pha-

312 1985 507 2060 langis
553 2000 790 2043 omnem
835 2004 1049 2043 nexum
1095 1985 1386 2044 turbaret.
1460 1985 1775 2043 Praeterea
1804 1984 1939 2041 finis
1974 2003 2207 2058 pugnae
2237 1984 2501 2041 nondum
2533 1988 2644 2057 est,

312 2071 416 2128 sed
461 2070 567 2127 illa
610 2071 1020 2144 continuatur,
1076 2070 1152 2128 cf.
1200 2070 1321 2129 312
1355 2088 1487 2144 sqq.
1544 2088 1731 2144 usque
1776 2068 1848 2126 ad
1907 2068 2083 2126 finem
2139 2068 2298 2125 libri.
2374 2068 2647 2143 Denique

310 2155 402 2229 id,
451 2154 610 2228 quod
656 2154 727 2213 de
780 2174 934 2213 vano
980 2155 1272 2230 remigum
1329 2154 1525 2212 studio
1573 2175 1628 2214 v.
1677 2155 2009 2212 306—311
2070 2154 2500 2227 interponitur,
2561 2153 2647 2210 in-

313 2242 541 2297 certum
586 2243 704 2314 est,
753 2243 954 2298 utrum
1000 2239 1072 2298 de
1118 2239 1262 2314 fuga
1304 2238 1416 2297 sub
1448 2238 1626 2297 finem
1656 2238 1898 2312 proelii,
1945 2256 2022 2295 an
2068 2237 2139 2295 de
2184 2238 2372 2311 primo
2417 2238 2644 2312 impetu
2718 2298 2723 2302 ,

310 2324 720 2398 accipiendum
766 2325 865 2386 sit.
940 2324 1218 2394 Fortasse
1276 2326 1476 2398 poeta,
1533 2322 1705 2380 finito
1761 2323 1947 2396 priori
2002 2322 2264 2395 proeli0,
2324 2321 2646 2379 secundum

312 2409 505 2468 voluit
550 2408 947 2484 distinguere;
1004 2409 1107 2467 sed
1150 2408 1369 2467 excidit
1411 2409 1651 2466 initium
1697 2407 2087 2480 narrationis,
2147 2407 2313 2465 cuius
2357 2405 2650 2502 particula

310 2498 439 2552 erat
483 2514 539 2555 v.
587 2496 727 2554 300.
806 2494 993 2552 Totus
1052 2493 1217 2552 locus
1276 2514 1332 2552 v.
1381 2494 1584 2551 295-
1594 2494 1714 2550 311
1778 2492 1864 2549 uti
1924 2509 2083 2549 nunc
2140 2495 2260 2567 est,
2320 2509 2356 2548 a
2413 2490 2648 2549 nemine

312 2579 778 2654 desideraretur,
826 2580 875 2638 si
941 2579 1197 2638 abesset.
1272 2577 1544 2637 Ceterum
1601 2598 1659 2637 v.
1706 2578 1826 2636 295
1889 2576 2114 2652 legitur
2160 2571 2536 2654 ἕριφλοίσβου
2580 2570 2647 2633 δὲ

311 2662 604 2739 κυδοιμοῦ
649 2665 709 2722 in
753 2665 927 2722 editt.
974 2663 1467 2722 Rhodomannus:
1515 2663 1556 2721 f.
1605 2651 1746 2719 οὐδὲ
1787 2656 2059 2737 μόθου.“

478 2749 604 2808 Nec
646 2749 798 2808 hanc
840 2748 1255 2807 Rhodomanni
1300 2748 1652 2807 medicinam
1698 2765 1807 2805 nec
1850 2746 2064 2805 Graefii
2111 2746 2184 2804 de
2228 2746 2440 2804 lacuna
2495 2747 2648 2805 circa

310 2854 367 2893 v.
417 2837 541 2894 300
586 2834 901 2892 statuenda
957 2833 1352 2908 suspicionem
1412 2833 1488 2891 ad
1530 2833 1647 2891 loci
1693 2832 2073 2891 difficultates
2118 2830 2432 2891 solvendas
2476 2831 2644 2890 suffi-

310 2936 440 2977 cere
487 2923 556 2977 ut
599 2938 703 2993 per
747 2939 811 2977 se
856 2919 952 2978 vel
998 2919 1192 2977 obiter
1236 2919 1461 2995 legenti
1507 2921 1699 2995 patet,
1760 2918 1847 2975 ita
1891 2917 2108 2975 clarius
2161 2917 2338 2975 etiam
2398 2918 2647 2992 apparet

309 3005 621 3078 sequentia
665 3004 998 3063 accuratius
1044 3005 1436 3078 comparanti.
2443 2997 2448 3000 ’

480 3088 606 3148 Iam
677 3089 832 3147 enim
898 3088 1154 3163 primum
1221 3109 1277 3148 v.
1335 3090 1456 3147 312
1488 3121 1559 3129 —
1590 3089 1712 3147 336
1765 3087 2120 3163 sagittarum
2187 3089 2332 3145 utr
2358 3086 2376 3143 i
2402 3106 2460 3144 m
2487 3106 2587 3161 qu
2615 3103 2647 3144 e

308 3166 679 3252 (ἀμφοτέρῃς
745 3170 1049 3251 φάλαγγος
1106 3194 1161 3232 v.
1214 3169 1365 3253 312)
1426 3173 1780 3232 emissarum
1839 3172 2040 3231 varius
2100 3171 2204 3230 sed
2264 3171 2384 3231 fere
2444 3171 2646 3229 irritus

311 3259 557 3317 effectus
614 3259 987 3335 depingitur,
1057 3259 1279 3333 quippe
1345 3277 1494 3333 quae
1554 3258 1777 3332 partim
1831 3256 1895 3314 in
1959 3256 2213 3315 navibus
2281 3255 2647 3331 defigantur,
2676 3260 2708 3306 6

311 3344 533 3417 partim
593 3343 655 3401 in
712 3361 873 3402 mare
918 3343 1188 3418 delapsae
1233 3343 1483 3418 piscium
1529 3342 1875 3416 corporibus
1917 3340 2215 3414 incidant,
2262 3342 2427 3399 cuius
2481 3342 2646 3399 aber·

312 3429 567 3486 rationis
611 3429 878 3504 exempla
922 3428 982 3485 in
1014 3427 1295 3503 Phlogio,
1344 3427 1712 3502 Corymbaso
1745 3430 1805 3484 et
1849 3426 1976 3501 ipso
2011 3425 2265 3484 Deriade
2308 3425 2482 3483 nobis
2512 3442 2646 3499 pro-

309 3516 637 3587 ponuntur.

481 3596 608 3655 Iam
653 3597 854 3656 subito
897 3596 972 3655 ad
1005 3596 1233 3672 Cyclo
1248 3615 1371 3672 pes
1416 3596 1634 3654 iterum
1681 3595 1937 3669 reditur,
1986 3613 2056 3652 ex
2100 3594 2319 3670 quibus
2368 3594 2646 3668 Steropes

311 3681 549 3757 quidem
596 3683 753 3740 inter
806 3685 1278 3758 propugnatores
1336 3699 1576 3740 versans
1621 3680 1882 3739 breviter
1925 3685 2323 3753 memoratur,
2382 3678 2643 3736 Halime-

311 3768 442 3841 deS,
512 3784 685 3841 quern
742 3765 861 3825 iam
927 3785 1104 3842 supra
1157 3786 1210 3824 v.
1269 3766 1385 3822 221
1448 3765 1792 3840 habuimus,
1854 3781 1991 3822 saxo
2046 3782 2261 3823 navem
2315 3762 2647 3837 deprimere

310 3851 584 3926 pluribus
628 3855 908 3910 narratur
963 3871 1020 3910 v.
1067 3851 1423 3910 340—343.
1500 3850 1619 3909 Sed
1677 3849 1842 3908 cuius
1888 3849 2057 3907 hasta
2101 3847 2247 3906 duas
2291 3867 2473 3907 naves
2528 3864 2647 3906 uno

311 3938 435 3996 ictu
479 3936 968 3996 transverberans
1015 3935 1415 4012 colligaverit,
1462 3939 1667 3994 contra
1709 3934 2214 4008 exspectationem
2258 3951 2380 3991 non
2422 3931 2645 3990 indica-

315 4028 413 4080 tur
456 4041 514 4080 v.
562 4021 920 4079 344—347.

486 4106 646 4176 Quae
694 4106 812 4165 iam
857 4105 1057 4164 subito
1102 4124 1158 4166 v.
1207 4105 1538 4163 348—351
1604 4103 1676 4161 de
1720 4101 2091 4178 quadruplici
2135 4133 2215 4142 -—
2260 4119 2383 4159 non
2427 4100 2499 4159 de
2544 4101 2646 4158 tri·

311 4190 481 4266 plici,
540 4191 697 4265 quod
754 4192 978 4250 erranti
1025 4187 1256 4248 Graefio
1312 4189 1532 4248 excidit
1586 4220 1669 4230 —
1725 4187 1970 4262 „classis
2025 4187 2147 4244 acie
2208 4185 2515 4260 dicuntur,
2573 4185 2647 4244 ab

311 4274 547 4348 initio“,
594 4275 753 4334 idem
795 4276 1021 4351 inquit,
1070 4272 1569 4350 „exspectasse8.“
1647 4272 1819 4342 Quod
1852 4271 2134 4330 iudicium
2165 4289 2370 4344 nemu,
2417 4272 2646 4346 opinor,

312 4360 706 4436 vituperabit,
766 4361 1112 4435 praesertim
1170 4360 1220 4417 si
1276 4359 1411 4434 quis
1454 4357 1764 4434 sequentia
1808 4355 2161 4429 contulerit,
2220 4356 2437 4430 quibus
2492 4356 2647 4414 Mor-

311 4444 488 4503 rheus
533 4444 887 4505 describitur
942 4445 1281 4504 alternatim
1338 4443 1412 4501 ab
1470 4444 1590 4502 alia
1642 4442 1718 4501 ad
1773 4442 1956 4499 aliam
1998 4460 2208 4501 navem
2255 4440 2646 4515 transsilienS,
