3132 5129
1344 406 1802 470 —176-

405 563 801 623 narrationem
849 563 995 622 facit
1036 563 1152 639 ita,
1201 566 1269 621 ut
1311 562 1512 639 priora
1555 563 1710 622 dona
1754 566 2180 623 commemoret
2221 564 2460 640 quidem
2505 565 2604 624 sed
2638 585 2753 625 nec

405 649 549 708 satis
592 669 730 709 vere
775 668 884 708 nec
930 652 1088 724 apte.
1175 648 1329 707 Nam
1376 650 1613 724 praeter
1657 645 1864 723 εἵματα
1910 653 1971 707 et
2013 641 2233 727 χρυσὸν
2287 647 2753 747 πολυδαίδαλον,

365 782 368 785 .
407 754 556 810 quae
599 735 661 793 in
701 734 851 793 cista
891 735 1154 809 reposita
1197 752 1324 792 esse
1368 752 1439 792 ex
1484 736 1532 789 θ
1568 734 1689 792 392
1714 753 1803 809 sq.
1849 735 2181 793 438—441
2241 735 2490 811 scimuS,
2548 736 2755 810 qualia.

303 3017 367 3064 32

404 820 528 878 sint
571 819 674 876 illa
715 808 893 876 αλλα
941 838 1007 877 τε
1051 814 1288 877 πάντα
1329 818 1338 894 Ι
1379 809 1542 896 δωρ’
1551 859 1570 891 ,
1615 814 1747 876 ὅσα
1787 815 2079 893 Φαιήκων
2121 817 2484 896 βουληφόροι
2530 811 2746 877 ἐνθάδ’

405 901 669 979 ἔνεικαν,
714 923 782 962 eo
813 903 1118 963 difficilius
1153 907 1244 962 est
1273 904 1463 978 dictu,
1510 903 1670 978 quod
1702 905 1936 979 statim,
1985 905 2154 979 quasi
2185 905 2505 963 nondum
2536 905 2751 980 quic·

406 1009 613 1064 quam
662 988 864 1048 datum
912 990 1018 1065 sit,
1076 988 1232 1047 idem
1279 990 1560 1048 Alcinous
1607 1007 1669 1047 se
1716 993 2058 1063 ceterosque
2105 1007 2371 1064 proceres
2417 989 2528 1048 hoc
2569 990 2754 1048 modo

404 1074 478 1131 ad
524 1074 947 1132 liberalitatem
991 1075 1212 1132 invitat
1252 1074 1461 1148 populi
1508 1073 1845 1149 sumptibus
1890 1073 2307 1132 exercendam.

712 1179 847 1250 αλλ’
893 1212 1005 1268 αγε
1049 1190 1123 1294 οἷτ
1148 1190 1367 1288 δῶμεν
1391 1189 1634 1295 τρίποδα
1678 1188 1867 1269 μέγαν
1908 1185 2014 1268 ἠδὲ
2056 1186 2272 1288 λέβητα

705 1273 1043 1352 ανδρακᾰς·
1090 1270 1259 1352 ἡμεῖς
1308 1264 1367 1334 δ
1415 1266 1559 1335 αὖτε
1604 1271 1973 1355 ἀγειρόμενοι
2017 1297 2165 1333 κατα
2211 1273 2402 1352 δῆμον

709 1355 1007 1437 τισόμεθ”
1053 1354 1341 1438 αργαλέον
1382 1382 1494 1438 γαρ
1539 1381 1646 1419 ενα
1691 1358 1934 1439 προικὸς
1978 1360 2357 1439 χαρίσασθαι

576 1498 693 1558 Sed
737 1500 799 1557 in
845 1518 908 1556 re
964 1500 1167 1573 aperta
1221 1497 1336 1554 iam
1394 1498 1541 1556 satis
1599 1498 1788 1555 multa
1832 1497 2014 1556 verba
2069 1496 2212 1555 mihi
2272 1497 2478 1557 fecisse
2526 1497 2758 1560 videor.

403 1583 612 1660 Itaque
655 1586 901 1659 insuper
943 1583 1052 1641 hoc
1097 1586 1332 1641 tantum
1380 1582 1577 1641 obiter
1619 1584 1936 1657 praemitto
1981 1583 2044 1639 in
2089 1583 2278 1639 altera
2328 1582 2755 1641 dissertatione

405 1669 678 1745 pluribus
723 1667 1232 1744 pertractandum,
1280 1670 1550 1726 constare
1595 1667 1745 1726 hanc
1788 1666 2167 1742 rhapsodiam
2200 1687 2271 1724 ex
2303 1668 2529 1725 duabus
2558 1669 2748 1743 parti-

407 1754 586 1828 culis,
647 1772 893 1828 quarum
940 1753 1103 1827 prior
1147 1772 1204 1810 v.
1253 1753 1546 1811 98-—416
1593 1752 1750 1810 haud
1798 1753 1918 1811 scio
1961 1770 2038 1810 an
2085 1752 2410 1827 composita
2453 1752 2635 1810 fuerit
2679 1770 2754 1810 eo

406 1838 682 1913 consili0,
742 1842 812 1895 ut
866 1836 1222 1912 „divina“
1281 1837 1384 1895 illa
1439 1837 1511 1894 de
1572 1837 1782 1895 Martis
1825 1840 1887 1896 et
1935 1835 2178 1896 Veneris
2233 1837 2534 1895 amoribus
2578 1855 2752 1911 „co-

409 1922 747 1981 moedia“
792 1922 926 1980 huic
971 1921 1160 1981 Nosto
1218 1922 1572 1996 inferretur,
1633 1922 1980 1997 posterioris
2026 1939 2168 1980 vero
2213 1923 2403 1979 maius
2448 1922 2755 1998 fragmen·

410 2012 538 2066 tum
569 2028 624 2066 v.
662 2007 1000 2066 417—520
1031 2007 1172 2065 olim
1206 2007 1511 2065 ultimae
1555 2007 1749 2066 nostri
1778 2006 2055 2065 carminis
2098 2005 2563 2081 rhapsodias
2608 2007 2751 2081 fuit,

409 2092 566 2150 unde
611 2093 972 2150 narrationis
1018 2091 1224 2149 ordine
1271 2094 1499 2150 mutato
1542 2091 1796 2167 aliisque
1828 2091 2096 2150 versibus
2127 2091 2497 2166 interpositis
2524 2110 2560 2148 a
2587 2095 2754 2166 post-

405 2196 567 2236 remo
623 2177 921 2253 Odysseae
976 2177 1395 2234 concinnatore
1453 2176 1566 2236 huc
1620 2177 1920 2234 intrusum
1976 2180 2086 2234 est.
2176 2174 2357 2236 Cuius
2415 2177 2501 2234 rei
2558 2195 2749 2234 unum

408 2262 510 2320 sed
550 2261 993 2337 apertissimum
1026 2261 1341 2337 vestigium
1391 2260 1566 2319 hodie
1612 2262 1896 2321 remansit
1939 2262 2000 2318 in
2031 2260 2253 2320 Aretae
2297 2261 2583 2335 oratione,
2630 2280 2757 2335 qua

406 2346 620 2406 leviter
664 2348 862 2406 iocans
907 2349 956 2402 θ
985 2347 1109 2404 443
1133 2347 1322 2402 -445
1370 2341 1605 2404 Ulixem
1654 2345 1962 2405 admonet:

709 2456 890 2534 αὐτὸς
939 2469 1052 2522 νῦν
1097 2462 1208 2522 ἴδε·
1235 2471 1444 2540 πωμα,
1488 2467 1654 2534 θοῶς
1699 2454 1760 2520 δ’
1808 2458 1905 2521 ἐπὶ
1951 2458 2174 2566 δεσμὸν
2218 2460 2421 2564 ἴηλον,

707 2547 788 2627 μή
834 2547 918 2619 τίς
964 2570 1052 2607 τοι
1094 2543 1246 2606 καθ’
1293 2542 1447 2608 ὁδὸν
1489 2546 1834 2625 δηλήσεται,
1881 2539 2089 2606 ὁππότ’
2137 2541 2217 2606 ἂν
2258 2539 2443 2607 αὖτε

709 2631 1050 2715 εὕδῃσθα
1094 2626 1381 2709 γλυκὺν
1424 2653 1675 2692 υπνον
1719 2630 1831 2691 ι’ὠν
1875 2630 1941 2691 ἐν
1988 2654 2086 2710 νηι
2130 2631 2399 2714 μελαίνῃ.

406 2753 523 2812 Ubi
570 2753 720 2812 illud
765 2742 941 2810 αὖτε
987 2753 1279 2826 quomodo
1325 2754 1686 2828 interpretes
1732 2751 1846 2811 sibi
1892 2753 2320 2826 explicuerint,
2382 2752 2536 2850 apud
2582 2753 2753 2827 ipsos

403 2838 604 2897 videre
660 2838 829 2895 licet:
890 2840 957 2894 tu
1013 2856 1153 2895 vero
1211 2839 1394 2896 semel
1449 2838 1711 2896 monitus
1765 2854 1885 2895 non
1943 2836 2277 2911 dubitabis,
2336 2838 2479 2912 quin
2537 2838 2752 2912 regina

404 2923 667 2981 suaviter
723 2922 797 2979 ad
853 2922 1020 2979 illam
1079 2922 1316 2999 apologi
1374 2926 1604 2998 partem
1662 2921 1966 2996 alluserit,
2024 2940 2143 2996 qua
2186 2919 2392 2980 Ulixes
2438 2941 2473 2978 κ
2507 2924 2584 2979 28
2610 2940 2748 2996 sqq.

409 3008 704 3081 narravit,
751 3010 848 3081 ut,
897 3009 1214 3081 postquam
1261 3009 1455 3081 ipsum
1499 2997 1780 3083 γλυκύς
1825 3024 2056 3075 υπνος
2103 3001 2368 3081 ἐπήλυθε
2412 3012 2749 3081 κεκμηωτα,

406 3092 701 3151 sociorum
750 3091 905 3149 mala
948 3092 1259 3150 curiositas
1286 3095 1604 3151 ventorum
1651 3095 1843 3150 utrem
1887 3109 2242 3194 quamquam
2276 3095 2558 3167 argenteo
2590 3090 2746 3149 funi-

405 3176 538 3235 culo
582 3176 832 3253 ligatum
877 3176 1210 3234 resolverit.

574 3260 698 3318 Iam
741 3261 814 3318 ad
861 3260 1203 3336 singulos
1236 3280 1527 3335 versus,
1575 3279 1721 3335 quos
1754 3263 1986 3335 praeter
2016 3260 2267 3319 maiores
2298 3263 2497 3335 partes
2529 3259 2745 3335 delevi,

405 3349 663 3406 transeo.
765 3345 854 3403 Ac
910 3347 1170 3420 primum
1223 3346 1462 3420 quidem
1516 3347 1581 3403 in
1635 3345 1957 3403 Nausicaae
2012 3347 2277 3404 oratione
2335 3345 2367 3415 ζ
2406 3346 2747 3404 275—288

404 3449 524 3489 non
569 3431 740 3506 potui
785 3431 976 3489 simile
1033 3449 1174 3488 sane
1228 3430 1312 3504 ei,
1373 3429 1532 3505 quod
1597 3449 1778 3505 supra
1822 3450 1878 3489 v.
1927 3431 2101 3487 2440
2076 3449 2162 3505 sq.
2211 3429 2554 3504 habuimus,
2610 3430 2748 3487 Ari·

404 3516 624 3574 starchi
654 3514 936 3573 iudicium
968 3515 1250 3590 probare,
1298 3514 1370 3572 de
1399 3533 1516 3589 quo
1546 3514 1865 3573 scholiasta
1893 3519 2125 3572 monet:
2170 3507 2527 3572 ἆθετοῦνται
2559 3512 2750 3589 στίχοι

403 3592 488 3657 ἰδ’
533 3595 643 3669 ἕως
698 3590 1000 3676 ,,ἆνδροίσι
1053 3597 1372 3676 μίσγηται66
1428 3592 1511 3669 ὥς
1555 3592 1840 3657 ἀνοίκειοι
1884 3605 1971 3682 τῷ
2016 3593 2387 3679 ὑποκειμένῳ
2433 3594 2744 3677 προσώπῳ.

403 3685 476 3743 Ei
521 3686 664 3744 satis
711 3685 827 3742 iam
884 3685 1195 3743 oblocutus
1253 3688 1345 3742 est
1387 3683 1756 3759 Nitzschius,
1812 3684 1981 3742 cuius
2037 3685 2397 3743 sententiam
2454 3684 2632 3742 etiam
2658 3685 2747 3751 xin

402 3770 684 3829 tollendis
730 3790 784 3831 v.
835 3770 959 3828 280
981 3788 1071 3843 sq.

707 3909 745 3963 η
790 3883 876 3957 τίς
920 3907 978 3944 οι
1021 3879 1317 3967 ευξαμένῃ
1360 3882 1727 3964 πολυάρητος
1773 3883 1918 3956 θεὸς
1962 3877 2158 3964 ηλθεν

707 3964 1047 4051 ουρανόθεν
1088 3970 1383 4047 κάταβας,
1433 3966 1547 4043 ἕξει
1591 3967 1660 4029 δέ
1702 3992 1807 4048 μιν
1850 3964 2040 4048 ἤματα
2086 3965 2280 4029 πάντα

403 4094 636 4150 secutus
680 4110 840 4165 sum,
887 4109 1135 4166 quorum
1182 4092 1242 4148 in
1289 4090 1484 4166 priore
1528 4094 1702 4166 turpe
1733 4092 1977 4165 vitium,
2025 4093 2183 4166 quod
2228 4092 2502 4149 certatim
2535 4091 2747 4149 tollere

403 4176 763 4235 studuerunt
819 4176 1193 4235 Hermannus
1241 4174 1451 4251 [Orph.
1496 4195 1554 4250 p.
1606 4171 1755 4254 778]
1804 4197 1842 4251 η
1889 4196 1971 4233 νυ
2016 4175 2102 4249 οἱ,
2158 4176 2498 4235 Nitzschius
2540 4169 2621 4251 ἠέ
2666 4175 2745 4250 οἷ,

404 4260 707 4318 Bekkerus
750 4253 834 4336 ἠέ
879 4269 964 4330 τις
1010 4260 1352 4335 scribendo,
1399 4278 1605 4319 vereor
1647 4279 1722 4318 ne
1766 4260 1953 4334 ipsius
1996 4262 2077 4320 sit
2121 4261 2587 4337 interpolatoris.

574 4344 687 4403 Sed
738 4345 898 4420 quod
943 4347 1005 4404 in
1050 4306 1401 4421 expellendo
1447 4364 1504 4404 v.
1553 4346 1675 4403 293

708 4458 858 4519 ἔνθα
904 4457 968 4519 δὲ
1013 4455 1235 4562 πατρὸς
1282 4456 1428 4537 ἐμοῦ
1471 4457 1707 4537 τέμενος
1751 4460 2042 4539 τεθαλυῖά
2086 4457 2140 4520 τ’
2186 4458 2350 4539 αλωή
