3132 5129
1393 334 1686 398 -558
1776 362 1891 382 -.

456 493 734 554 κατεῖδον
762 484 882 569 ἤδη
911 485 1292 570 πανδάκρυτ’
1326 485 1633 569 ὀδύρματα
1672 491 1682 567 Ι
1721 486 1831 566 τὴν
1854 476 2203 569 Ἡράκλειον
2231 485 2438 563 ἔξοδον
2466 484 2792 567 γοωμένην.

452 580 524 639 In
570 580 662 638 his
709 580 866 638 enim
924 578 1143 654 iisque,
1204 577 1307 653 qui
1363 577 1500 635 addi
1555 580 1808 652 possunt
1851 578 1997 636 satis
2052 576 2258 652 multi,
2304 588 2448 633 'cum
2502 573 2791 636 eiusmodi

453 665 813 725 cantandi
857 664 1040 724 verbo
1086 662 1354 737 duplices
1399 681 1538 721 sane
1582 663 1983 737 accusativos,
2028 661 2113 721 rei
2161 679 2311 737 quae
2357 660 2589 720 canitur
2617 679 2790 737 argu-

452 750 715 811 mentive
760 749 1041 824 alterum,
1088 747 1343 807 alterum
1387 748 1623 824 generis
1652 748 1729 806 ad
1760 747 1917 823 quod
1961 747 2260 807 cantilena
2303 746 2583 822 pertinet,
2629 747 2792 805 iunc-

456 839 551 896 tos
606 834 922 909 habemuS,
982 833 1087 893 sed
1144 851 1246 892 eos
1307 833 1434 900 fere⁴
1476 835 1537 892 et
1581 836 1883 909 separatos
1929 852 1964 890 a
2006 851 2069 892 se
2112 833 2367 892 invicem
2411 834 2473 890 et
2515 831 2793 906 epithetis

456 920 783 979 accuratius
829 920 1177 993 distinctos;
1223 918 1416 977 nudos
1460 918 1830 979 accusativos
1872 917 2129 976 alterum
2170 918 2344 975 alteri
2382 917 2792 976 succedentem

456 1006 637 1066 verbo
682 1008 786 1064 aut
826 1004 1181 1080 praemissos
1226 1005 1332 1062 aut
1375 1004 1739 1079 postpositos
1783 1003 2050 1064 invenies
2094 1020 2408 1078 nusquam.

626 1091 778 1149 Tum
828 1092 990 1151 1096
1017 1109 1146 1165 sqq.

1160 1201 1425 1265 ποθοῦσ’
1469 1200 1772 1265 Ἑλλάνων
1814 1199 2096 1285 ἀγόρους,

1161 1284 1427 1351 ποθοῦσ’
1467 1289 1744 1394 ’Ἄρτεμιν
1786 1289 2019 1368 λοχίαν,

1161 1370 1206 1435 α’
1241 1368 1403 1454 παρὰ
1447 1372 1730 1437 Κύνθιον
1772 1372 1962 1455 οχθον
2003 1374 2082 1436 οἰ-

1163 1466 1262 1521 κεῖ
1297 1458 1545 1538 φοίνικά
1588 1456 1662 1523 θ’
1709 1456 2059 1542 ἁβροκόμαν

1166 1539 1406 1622 δάφναν
1449 1541 1505 1605 τ’
1551 1540 1793 1646 εὐερνέα
1838 1544 1941 1605 καὶ

1162 1632 1422 1711 γλαυκᾶς
1464 1623 1699 1691 θαλλὸν
1742 1622 1873 1711 ἱρὸν
1915 1627 2069 1691 ἐλαί-

1162 1739 1269 1793 ας,
1316 1721 1563 1789 Λατοῦς
1612 1712 1801 1776 ὠδῖνα
1845 1715 2061 1793 φίλαν,

457 1854 680 1914 leviora
734 1872 886 1930 quae
940 1853 1080 1911 libri
1131 1857 1342 1913 tenent
1381 1853 1531 1913 vitia
1576 1886 1655 1895 —
1703 1850 1968 1931 λοχείαν,
2025 1849 2212 1922 θάλος
2254 1848 2370 1933 (Β)
2415 1853 2509 1914 vel
2569 1846 2795 1923 θάλλος

460 1937 600 2018 (0),
659 1933 824 2014 ἱερὸν
867 1970 950 1979 —
994 1939 1112 1996 iam
1156 1938 1378 1997 dudum
1423 1940 1681 1998 editores
1740 1940 2142 2013 sustulerunt3
2205 1940 2496 1999 remansit
2549 1941 2794 2016 gravior

457 2024 529 2081 de
574 2024 802 2082 ultimis
846 2022 1044 2084 verbis
1077 2024 1414 2083 dubitatio.
1504 2025 1596 2084 De
1652 2024 1870 2099 quibus
1924 2043 2059 2083 cum
2103 2023 2484 2084 Hermannus
2528 2024 2795 2099 iniquior

456 2108 756 2168 interdum
799 2108 1101 2183 Euripidis
1145 2127 1352 2169 censor
1395 2109 1483 2167 ita
1527 2109 1865 2184 statuisset,
1913 2113 1984 2168 ut
2027 2128 2162 2168 eum
2194 2110 2384 2171 videri
2428 2110 2588 2184 sibi,
2595 2110 2797 2183 ,auda-

456 2195 579 2253 cius
624 2196 864 2269 partum
907 2193 1173 2253 Latonae
1218 2194 1436 2254 dixisse
1492 2194 1796 2267 arborem,
1856 2195 1950 2253 cui
1996 2194 2214 2253 obnixa
2257 2196 2558 2270 pepererit
2573 2154 2795 2270 ”—Apol

456 2280 639 2338 linem
690 2282 755 2338 et
807 2279 1101 2338 Dianam“
1158 2279 1471 2353 scriberet,
1537 2279 1869 2337 inauditam
1925 2278 2480 2355 interpretationem
2535 2280 2794 2354 amplexi

458 2368 600 2424 sunt
645 2363 1003 2440 Schoenius,
1051 2364 1217 2425 cuius
1262 2364 1444 2425 verba
1487 2364 1632 2423 haec
1677 2368 1843 2422 sunt:
1889 2365 2110 2433 „daher
2151 2366 2322 2424 heisst
2364 2365 2489 2423 hier
2532 2365 2634 2423 der
2667 2362 2791 2422 Oel-

460 2451 634 2508 baum
677 2452 747 2508 in
785 2450 1011 2508 kiilmer
1038 2450 1447 2525 Bezeiclmwnq
1477 2449 1719 2518 Λατοῦς
1765 2442 1940 2524 ὥδίς,
1985 2450 2043 2508 d.
2087 2451 2143 2508 h.
2188 2450 2346 2508 ihre
2387 2450 2639 2508 Stoetzc
2684 2450 2793 2508 bei

458 2537 582 2595 der
638 2532 984 2604 Geburt,“
1040 2538 1101 2594 et
1153 2534 1456 2610 Klotzius,
1523 2536 1627 2611 qui
1679 2536 1878 2593 tamen
1935 2552 2058 2595 non
2112 2535 2305 2610 ipsam
2359 2533 2630 2594 arborem
2686 2535 2791 2594 sed

459 2623 694 2678 tantum
739 2621 866 2679 eius
910 2639 1141 2678 ramum
1184 2621 1475 2696 appellari
1529 2621 1733 2696 putat;
1793 2619 1897 2679 sed
1949 2638 2056 2680 suo
2100 2621 2230 2679 iure
2273 2619 2540 2679 breviter
2582 2621 2791 2679 reiecit

459 2703 709 2763 Kvicala
749 2725 808 2779 p.
843 2705 964 2764 267
990 2724 1113 2780 sq.,
1169 2708 1490 2780 postquam
1531 2704 1805 2781 pluribus
1848 2705 2237 2764 Matthiaeum
2282 2704 2642 2780 confutavit,
2687 2706 2792 2781 qui

361 2796 425 2844 16
462 2782 616 2864 „aid
629 2786 656 2844 ί
669 2810 704 2846 ν
747 2788 972 2864 locus,“
1018 2789 1239 2865 inquit,
1287 2791 1431 2866 „ubi
1474 2790 1707 2864 Latona
1751 2794 1991 2865 partum
2037 2790 2257 2866 edidit,
2303 2809 2339 2848 a
2381 2809 2499 2865 quo
2530 2809 2641 2849 usu
2668 2809 2791 2850 non

459 2874 718 2932 multum
763 2873 1060 2950 discrepat
1102 2874 1280 2950 alter,
1326 2895 1444 2950 quo
1489 2894 1583 2935 res
1622 2876 1859 2935 venales
1902 2875 2288 2934 nominantur
2328 2893 2436 2950 pro
2482 2875 2640 2951 loco,
2686 2875 2793 2934 ubi

458 2962 748 3035 prostant
752 2957 787 2988 “
873 2959 956 3018 Et
993 2963 1151 3020 recte
1195 2959 1352 3020 idem
1398 2963 1643 3030 Λατοῦς
1688 2954 1879 3018 ὠδῖνα
1924 2958 2108 3034 φίλαν
2150 2963 2385 3019 tantum
2429 2961 2622 3036 ipsam
2651 2961 2787 3019 Dia-

458 3063 597 3103 nam
640 3044 757 3103 dici
801 3062 975 3119 posse
1018 3045 1357 3121 admonuit,
1416 3065 1546 3104 eam
1592 3064 1734 3105 vero
1778 3045 1836 3102 h.
1884 3045 1923 3102 1.
1972 3047 2058 3104 ita
2101 3046 2322 3105 dictam
2378 3063 2542 3120 esse,
2599 3047 2683 3104 ita
2724 3049 2795 3104 ut

460 3128 657 3188 verbis
689 3125 968 3226 ’Ἀρτεμιν
1011 3127 1213 3205 λοχίαν
1244 3130 1394 3189 duae
1426 3131 1691 3190 adiectae
1735 3130 1858 3191 sint
1900 3131 2330 3206 appositiones,
2376 3149 2496 3188 una
2538 3131 2791 3189 membri

458 3206 505 3271 ἆ
546 3209 704 3292 παρὰ
750 3247 833 3256 —
878 3204 1010 3288 ἱρὸν
1054 3211 1278 3291 ἐλαίας,
1332 3217 1520 3275 altera
1572 3215 1807 3275 illorum
1864 3215 2127 3289 ipsorum
2182 3215 2254 3274 de
2299 3215 2517 3291 quibus
2559 3217 2791 3293 agimus

461 3298 908 3375 vocabulorum,
955 3301 1019 3359 id
1059 3320 1269 3362 vereor
1310 3303 1381 3359 ut
1423 3301 1699 3397 cuiquam
1743 3301 1824 3359 sit
1868 3319 2286 3374 persuasuruS,
2332 3302 2610 3377 quoniam
2653 3304 2793 3377 post

461 3385 699 3461 longius
729 3384 879 3443 illud
909 3386 1244 3445 membrum
1275 3385 1592 3445 relativum
1634 3407 1673 3442 α
1716 3403 1880 3462 παρα
1925 3381 2211 3443 Κύνθιον
2253 3382 2441 3462 ὄχθον
2485 3385 2639 3445 οἰκεῖ
2675 3391 2787 3445 etc.

462 3470 512 3528 si
555 3470 733 3528 aliam
777 3470 1021 3546 insuper
1064 3470 1289 3530 Dianae
1332 3471 1796 3548 appellationem
1842 3470 2057 3530 addere
2090 3471 2404 3546 voluisset,
2455 3471 2788 3531 faciendum

460 3554 523 3612 id
553 3558 679 3614 erat
718 3555 1090 3616 nominativo
1135 3575 1270 3614 cum
1314 3557 1666 3631 pronomine
1709 3550 1751 3612 ἃ
1793 3556 1984 3616 artius
2039 3517 2478 3633 coniungendO.
2568 3556 2791 3616 Contra

462 3640 608 3716 quid
650 3641 710 3699 h.
743 3640 785 3698 l.
832 3644 974 3716 post
1017 3644 1503 3701 commemoratas
1547 3640 1788 3701 arbores
1840 3641 2141 3716 intulerit,
2200 3661 2271 3700 ex
2325 3642 2616 3701 consimili
2661 3641 2788 3700 loco

458 3725 603 3784 Hoc.
634 3727 759 3785 458
784 3744 909 3801 sqq.
952 3725 1126 3786 facile
1168 3726 1513 3803 intellegere
1558 3728 1716 3786 erat:

1166 3839 1320 3904 ἔνθα
1363 3841 1737 3922 πρωτόγονός
1781 3865 1840 3902 τε
1883 3844 2084 3918 φοῖνιξ

1169 3927 1375 4005 δάφνα
1419 3923 1491 3987 θ’
1540 3926 1740 4008 ἱεροὺς
1784 3924 1994 4006 ἀνέσχε

1167 4009 1473 4112 πτόρθους
1520 4017 1721 4073 Λατοῖ
1757 4013 1933 4098 φίλα,

1168 4089 1439 4170 ὠδῖνος
1481 4091 1769 4177 αγαλμα
1818 4075 2021 4169 Δίας.

459 4238 644 4296 Recte
696 4237 883 4313 igitur
938 4237 1054 4295 iam
1115 4236 1330 4296 Portus
1386 4230 1585 4295 ὠδῖνι
1639 4237 1922 4312 coniecit,
1990 4255 2141 4312 quae
2197 4238 2535 4297 coniectura
2589 4237 2788 4313 perfici

461 4320 716 4380 debebat
745 4321 1057 4381 scribendo
1102 4321 1334 4397 φίλας,
1379 4341 1497 4398 quo
1541 4323 1836 4382 adiectivo
1879 4327 2001 4382 tres
2046 4341 2245 4382 sacrae
2289 4323 2546 4398 arbores,
2592 4322 2791 4397 palma

458 4408 664 4466 laurus
721 4407 880 4481 olea,
954 4407 1025 4466 de
1079 4407 1439 4468 adminiculo
1497 4407 1856 4483 parturienti
1912 4407 2176 4467 Latonae
2232 4408 2569 4484 praebendo
2622 4408 2790 4482 quasi
