3132 5129
1305 345 1722 409 ..22-

352 505 651 564 invenisse
696 505 869 564 novis
914 504 1293 581 etymologiis
1340 503 1768 576 demonstrant,
1812 505 1908 564 vel
1953 504 2081 563 sine
2109 504 2449 564 litterarum
2483 523 2594 581 ope
2625 507 2688 564 et

354 591 679 665 suscepisse
724 594 787 649 et
830 607 1267 648 consummasse
1312 589 1542 648 facinus
1589 589 1738 646 illud
1768 592 2079 648 autumant
2107 609 2141 646 a
2172 594 2508 664 temporum
2539 590 2684 649 illit-

352 678 681 734 teratorum
736 675 1004 734 moribus
1058 673 1505 733 alienissimum.
1597 671 1780 732 Cuius
1836 693 2079 748 operam
2133 675 2438 751 egregiam
2501 674 2686 735 fuisse

356 759 500 817 dum
552 759 865 818 ostendere
921 759 1194 817 nituntur
1247 759 1361 830 ita,
1420 761 1488 816 ut
1530 777 1679 833 quae
1725 758 1948 833 scripta
1993 762 2135 818 sunt
2178 759 2538 834 disputando
2583 763 2689 818 aut

294 847 327 892 4
358 845 677 904 obscurent
738 848 841 902 aut
908 844 1324 919 detorqueant,
1392 862 1540 918 quae
1601 861 1892 918 nusquam
1956 843 2242 919 leguntur
2305 845 2687 920 imaginando

357 929 797 1003 divinandoque
828 929 1131 1004 affingant,
1177 947 1299 986 non
1330 928 1698 1003 ingeniosam
1743 931 2002 1002 poetae
2048 931 2236 986 artem
2279 929 2384 988 sed
2427 929 2686 987 ieiunam

358 1013 824 1072 contextoris
881 1013 1379 1072 machinationem
1434 1033 1469 1070 a
1526 1031 1588 1071 se
1645 1012 1935 1071 illustrari
1993 1015 2056 1071 et
2111 1013 2510 1072 commendari
2567 1033 2687 1072 non

357 1098 735 1174 intellegunt.
822 1097 916 1156 Ita
960 1097 1059 1169 fit,
1116 1101 1187 1155 ut
1241 1097 1403 1172 quod
1456 1096 1736 1155 abhorret
1790 1097 1864 1155 ab
1909 1098 2281 1174 omni'poesi
2325 1099 2426 1157 sed
2472 1100 2688 1159 mentis

358 1187 450 1242 est
500 1182 829 1258 reputando
888 1183 1178 1254 sollertiS,
1237 1181 1297 1239 id
1355 1181 1658 1257 tamquam
1714 1183 1931 1241 summi
1975 1185 2186 1258 poetae
2229 1183 2546 1242 artificium
2590 1185 2688 1244 ad-

358 1269 664 1338 mirentur,
710 1267 811 1326 sed
860 1267 1153 1342 quidquid
1198 1267 1463 1341 poeticae
1493 1266 1738 1326 virtutis
1783 1286 1918 1326 vere
1963 1267 2120 1326 inest
2161 1268 2224 1326 in
2271 1268 2523 1344 singulis
2567 1271 2689 1330 illis

359 1352 750 1422 carminibu8‚
807 1352 867 1409 id
928 1351 1047 1410 fere
1105 1351 1445 1427 neglegant.
1539 1351 1908 1426 Quamquam
1979 1371 2259 1428 magnum
2316 1357 2406 1412 est
2468 1354 2533 1412 in
2595 1355 2689 1415 his

356 1437 635 1495 unitariis
680 1436 1015 1495 discrimen.
1104 1435 1227 1494 Alii
1273 1436 1431 1494 enim
1478 1439 1641 1494 recto
1687 1437 2054 1511 subactoque
2099 1436 2316 1496 iudicio
2363 1441 2523 1498 certe
2567 1459 2689 1512 eaS,

357 1521 577 1597 quibus
634 1521 834 1595 aliquo
890 1520 1066 1578 modo
1121 1539 1318 1579 carere
1371 1524 1655 1598 possunt,
1715 1521 2201 1596 interpolationes
2257 1527 2578 1600 segregant
2629 1530 2692 1584 et

359 1607 601 1677 eiciunt,
647 1605 941 1680 iidemque
988 1604 1169 1663 etiam
1216 1605 1480 1681 singulas
1511 1605 1838 1678 identidem
1867 1610 2206 1665 venustates
2249 1607 2694 1682 persentiscunt

359 1696 420 1750 et
474 1690 772 1764 revelant3
840 1689 941 1747 alii
999 1709 1138 1748 vero
1197 1690 1603 1765 ineptissimos
1663 1709 1926 1765 quosque
1986 1692 2374 1751 centunculos
2429 1697 2500 1752 ut
2554 1696 2692 1753 arti-

360 1774 733 1834 ficiosissima
776 1775 1024 1833 inventa
1067 1777 1345 1849 stupent,
1402 1777 1471 1834 ut
1514 1776 1855 1833 etiamnunc
1898 1794 2017 1834 non
2063 1776 2370 1836 defuturos
2414 1778 2689 1852 arbitrer,

356 1879 611 1936 quorum
652 1859 919 1929 palatum
962 1859 1070 1916 illa
1114 1850 1298 1935 βουλὴ
1342 1853 1640 1936 γερόντων
1681 1859 1860 1918 toties
1905 1860 2024 1919 iam
2067 1862 2314 1936 explosa
2344 1863 2693 1922 bellissima-

357 1964 489 2002 rum
531 1944 721 2002 instar
764 1945 1145 2018 cupediarum
1190 1945 1429 2002 titillet!
1508 1945 1589 2002 Et
1631 1944 1706 2002 ab
1751 1945 1872 2004 illis
1917 1945 2154 2020 quidem
2201 1947 2424 2006 discere
2468 1951 2529 2006 et
2558 1967 2691 2022 pos·

360 2048 561 2088 sumus
618 2047 793 2103 saepe
848 2032 912 2086 et
966 2029 1236 2087 volumus
1291 2029 1576 2103 libenter3
1647 2029 1752 2088 his·
1784 2048 1924 2088 vero
1981 2031 2225 2106 obloqui
2271 2034 2691 2106 supervacanei

360 2119 453 2172 est
496 2113 747 2184 laboris,
805 2132 913 2172 nec
969 2113 1295 2189 quidquam
1352 2114 1513 2172 aliud
1558 2113 1900 2173 hominibus
1943 2134 2196 2190 poeseos
2241 2117 2466 2192 ignaris
2511 2121 2694 2194 atque

359 2198 628 2257 barbaris
684 2199 877 2273 regeri
936 2197 1178 2272 expedit
1230 2199 1345 2257 nisi
1402 2199 1723 2256 barbarum
1782 2199 1957 2256 illud:
2028 2201 2108 2260 de
2153 2201 2507 2277 gustibus
2551 2221 2694 2262 non

360 2303 523 2342 esse
570 2281 1143 2357 disputandum,
1208 2285 1488 2358 quoniam
1533 2302 1654 2342 non
1698 2287 1932 2342 tantum
1979 2285 2150 2344 nobis
2194 2305 2571 2362 arrogamus,
2627 2293 2698 2347 ut

364 2371 719 2444 repetamus,
767 2365 928 2443 quod
972 2386 1175 2427 severe
1222 2367 1322 2427 scd
1354 2387 1491 2426 vere
1524 2367 1596 2427 de
1629 2368 1920 2427 eiusmodi
1948 2370 2244 2429 iudicibus
2285 2373 2699 2446 pronuntiavit

364 2452 652 2529 magister
670 2447 737 2532 ¹).

536 2537 650 2597 Sed
710 2555 785 2597 ne
842 2555 950 2597 nos
1008 2537 1247 2613 quidem
1306 2537 1477 2613 culpa
1522 2556 1827 2610 vacamuS,
1875 2539 2144 2599 homines
2191 2559 2347 2614 sane,
2395 2543 2464 2601 ut
2506 2542 2694 2617 aiunt,

362 2622 625 2699 negandi
652 2622 1113 2698 destruendique
1137 2641 1314 2697 quam
1347 2624 1608 2697 ponendi
1631 2623 2038 2700 condendique
2063 2626 2445 2685 amantiores:
2471 2628 2696 2704 quippe

362 2709 464 2784 qui
509 2707 743 2782 singula
789 2707 1049 2765 carmina
1094 2708 1237 2766 satis
1268 2707 1588 2767 habeamus
1632 2708 1960 2783 separando
1994 2710 2379 2787 distinguere,
2427 2712 2530 2771 sed
2577 2714 2694 2771 sin·

361 2793 639 2870 gulorum
685 2791 1039 2866 peculiarem
1085 2791 1347 2851 indolem
1394 2793 1872 2870 singularemque
1917 2798 2106 2853 artem
2151 2796 2442 2871 explicare
2487 2816 2694 2872 super·

363 2877 691 2937 sedeamus.
780 2876 862 2933 Et
907 2882 1104 2935 tamen
1148 2877 1293 2935 haec
1335 2878 1466 2953 ipsa
1508 2879 1885 2955 propriarum
1929 2880 2210 2950 cuiusque
2255 2882 2532 2941 carminis
2576 2884 2694 2941 vir-

362 2966 561 3019 tutum
639 2960 894 3036 diligens
962 2961 1317 3037 subtilisque
1384 2962 1721 3022 observatio
1787 2982 1908 3023 non
1976 2965 2168 3023 solum
2237 2966 2692 3026 delectationem

365 3046 564 3104 animo
610 3045 785 3104 affert
827 3046 1163 3105 suaviorem
1208 3048 1632 3123 verioremque,
1682 3068 1860 3123 quam
1901 3048 2145 3107 fictitiae
2188 3050 2349 3109 illius
2395 3053 2698 3128 compagis

364 3150 537 3191 caeca
581 3131 914 3203 admiratiO,
962 3132 1065 3190 sed
1110 3131 1286 3190 etiam
1332 3133 1539 3191 critico
1583 3133 1802 3192 iudicio
1847 3132 2253 3193 adiumentum
2285 3136 2532 3211 praebet
2575 3156 2700 3195 non

364 3217 560 3274 minus
604 3214 871 3288 firmum,
931 3235 1107 3291 quam
1164 3217 1323 3291 quod
1379 3218 1670 3277 sermonis
1731 3218 2222 3295 metricarumque
2267 3221 2566 3279 rationum
2611 3222 2698 3279 in·

368 3300 690 3375 quisitione
754 3301 1109 3359 continetur.
1200 3302 1296 3374 Id,
1367 3320 1500 3360 cum
1564 3320 1673 3376 per
1738 3302 1849 3360 hoc
1913 3307 2194 3363 semestre
2251 3305 2564 3364 hibernum
2625 3306 2697 3365 de

368 3384 551 3444 Iliade
600 3386 829 3444 scholas
876 3385 1173 3457 haberem,
1221 3387 1473 3445 maxime
1517 3391 1797 3461 expertus
1842 3405 1974 3445 sum
2013 3389 2082 3465 jn
2127 3389 2528 3450 dissolvendis
2570 3410 2697 3448 rur-

368 3489 589 3545 susque
634 3470 1061 3544 componendis
1103 3471 1176 3529 iis
1219 3472 1529 3545 poematis,
1577 3489 1650 3528 ex
1693 3470 1910 3546 quibus
1941 3472 2288 3548 rhapsodias
2319 3472 2704 3538 ΛΜΝΞΟΠ

372 3556 816 3631 conglutinatae
861 3557 1021 3625 sunt,
1067 3555 1130 3612 in
1176 3556 1391 3629 quibus
1424 3554 1821 3615 diiudicandis
1851 3574 1959 3614 nec
1989 3576 2251 3617 summus
2283 3559 2700 3619 Lachmannus

310 3648 342 3695 5
376 3640 554 3699 solita
597 3641 817 3715 ubique
862 3658 1003 3697 usus
1048 3639 1287 3697 videtur
1330 3639 1637 3712 felicitate,
1686 3644 1748 3698 et
1792 3641 1892 3716 qui
1935 3645 2074 3717 post
2116 3662 2248 3701 eum
2294 3646 2526 3703 muneri
2569 3664 2699 3705 suc-

505 3804 559 3867 1)
598 3801 724 3855 Vid.
762 3800 1149 3855 Lachmann
1184 3801 1748 3874 Betrachtungen
1818 3810 1947 3864 ,ὅθι
1987 3804 2164 3861 »Wen
2189 3806 2281 3861 die
2309 3808 2700 3863 verschieden-

364 3868 483 3923 heit
518 3869 883 3923 unerheblich
921 3868 1118 3933 dauht,
1156 3886 1271 3923 wer
1306 3869 1385 3924 sie
1422 3869 1580 3949 nicht
1615 3872 1717 3951 auf
1759 3822 1851 3927 <fis
1888 3876 2034 3927 erste
2073 3876 2414 3945 erinnerung
2451 3876 2698 3954 sogleich

366 3938 540 3991 selbst
583 3937 789 3989 heraus
832 3937 1021 3990 ffihlen
1058 3937 1236 4003 kann,
1275 3954 1415 3991 wem
1454 3939 1608 3993 diese
1646 3956 1762 3993 vler
1799 3942 1984 3995 atome
2023 3942 2195 4001 (deun
2242 3942 2332 3995 ich
2369 3944 2474 3997 soll
2503 3961 2570 4012 Ja
2605 3945 2696 3998 ein

366 4003 597 4059 atomist
642 4005 809 4069 sein),
865 4004 983 4059 vier
1035 4006 1223 4059 atome
1269 4022 1375 4059 von
1422 4024 1743 4061 zusammen
1788 4009 1948 4062 mehr
1993 4008 2075 4063 als
2123 4011 2501 4064 zweitausend
2549 4013 2698 4064 vier-

364 4072 610 4126 hundert
644 4088 869 4139 versen,
918 4073 976 4126 in
1023 4072 1176 4126 ihrer
1202 4072 1458 4143 jetzigen
1494 4075 1828 4145 anordnung
1863 4076 1978 4129 und
2015 4077 2372 4147 verbindung
2407 4078 2492 4132 als
2528 4080 2700 4133 wohl-

408 4139 607 4193 estalte
653 4138 829 4193 theile
867 4140 1021 4195 eines
1057 4140 1343 4195 kt'instlich
1380 4142 1767 4211 gegliederten
1805 4160 1939 4214 epos
1975 4145 2329 4212 erscheinen,
2380 4164 2495 4200 wer
2537 4147 2696 4201 nicht

368 4158 613 4274 ἔθει-εἰῇ
649 4207 751 4261 wie
790 4207 880 4262 die
917 4226 1052 4278 sage
1088 4208 1205 4263 sich
1240 4226 1340 4264 vor
1374 4211 1480 4263 mit.
1512 4212 1629 4265 und
1666 4210 1840 4265 durch
1875 4212 2052 4267 lieder
2089 4213 2284 4279 bildet‚
2322 4213 2420 4267 der
2442 4215 2571 4269 thut
2606 4233 2700 4269 am

375 4276 574 4328 cesten
620 4275 736 4327 sich
780 4293 876 4329 um
918 4277 1101 4331 meine
1147 4278 1642 4351 untersuchungen
1687 4280 1832 4333 eben
1885 4296 1947 4334 so
1982 4281 2129 4335 weni
2213 4298 2280 4334 zu
2329 4281 2701 4352 bekiimmern

370 4342 449 4395 als
498 4360 589 4462 uzu
611 4342 851 4462 l‹lapische
888 4344 1108 4413 poesie,
1154 4346 1309 4400 weil
1358 4363 1427 4401 er
1471 4364 1549 4400 zu
1595 4346 1908 4401 schwach
1955 4348 2052 4402 ist
2097 4364 2126 4402 e
2174 4366 2309 4403 was
2355 4350 2578 4404 davon
2625 4369 2702 4405 zu

368 4426 523 4463 vers
572 4426 601 4463 e
662 4426 793 4465 en.‹<
