3132 5129
1300 425 1373 434 —
1463 388 1591 453 225
1678 414 1807 437 -·

352 544 468 604 rite
511 544 962 605 subministrata
1004 544 1158 615 sint,
1223 562 1365 602 num
1410 546 1564 604 aeris
1610 546 1674 604 in
1718 547 1983 606 conclavi
2025 531 2332 608 moderata
2374 548 2453 607 sit
2493 551 2557 609 et
2598 552 2687 610 iu·

353 628 549 689 cunda
590 629 935 704 temperies,
999 647 1080 687 an
1124 627 1298 703 plura
1342 627 1522 687 etiam
1565 630 1733 707 ligna
1774 631 2007 690 camino
2051 632 2376 707 inicienda,
2434 634 2686 695 subinde

352 732 640 789 quaerens
669 731 792 773 non
821 713 948 772 sine
970 712 1166 772 laudis
1189 712 1558 772 clandestina
1576 716 2033 791 exspectatione.
2088 717 2207 775 Sed
2229 718 2393 777 ecce!
2439 718 2688 779 auditur

351 799 416 857 in
461 798 637 858 scalis
680 817 801 857 non
841 798 1022 857 nimis
1063 796 1251 856 firmis
1295 798 1460 858 Tuus
1503 800 1724 875 gradus
1770 805 2019 877 vegetus
2062 802 2165 860 ille
2208 806 2272 861 et
2299 802 2493 878 qualis
2522 806 2683 879 equi-

354 886 477 941 tem
521 882 720 959 decet,
777 882 1226 944 conticescimus
1270 901 1504 958 omnes,
1552 884 1915 962 ingrederis,
1961 887 2292 963 surgimus,
2338 888 2683 965 salutamus,
2731 875 2746 890 ⁹

351 968 643 1043 consedis,
688 968 963 1027 libellum
1007 967 1346 1027 adversario
1391 968 1601 1028 tradis.
1675 968 1805 1045 Ille,
1851 970 1997 1029 dum
2040 972 2227 1031 altum
2271 990 2475 1031 omnes
2522 976 2685 1033 tenet

353 1053 678 1127 silentium,
723 1053 952 1113 evolvit
995 1051 1210 1128 cupida
1251 1071 1449 1127 manu,
1496 1055 1559 1112 et
1602 1053 1779 1113 celeri
1823 1055 1994 1115 oculo
2038 1057 2289 1131 quaerit,
2338 1076 2517 1132 quam
2562 1057 2686 1133 pri·

351 1156 517 1196 mum
559 1137 876 1197 stationem
922 1137 1169 1214 aggredi
1213 1137 1645 1213 destinaverat3
1710 1142 1916 1198 auctor
1956 1140 2184 1199 interea
2226 1141 2396 1200 oculo
2443 1142 2684 1218 oblique

351 1222 414 1281 in
465 1222 783 1282 adversum
839 1221 1142 1295 libellum,
1198 1239 1376 1297 quem
1431 1223 1535 1281 ille
1590 1228 1813 1299 versat,
1874 1224 2143 1285 coniecto
2196 1224 2402 1301 rapide
2444 1244 2685 1287 cernere

350 1308 554 1383 gestit,
600 1309 750 1382 quot
791 1308 953 1367 locos
996 1309 1059 1367 et
1103 1324 1254 1381 quos
1296 1306 1472 1367 obelo
1515 1309 1844 1384 sanguineo
1888 1311 1953 1369 et
1981 1309 2149 1369 fatali
2179 1311 2503 1373 notaveris,
2566 1311 2686 1370 Sed

349 1392 521 1451 nulla
561 1410 757 1451 mora:
803 1392 925 1450 iam
969 1391 1164 1451 fervet
1205 1394 1534 1467 certamem
1592 1393 1713 1452 iam
1753 1393 2127 1454 adversarius
2158 1397 2398 1454 strenue
2429 1395 2683 1455 alterum

350 1494 651 1552 premere,
711 1475 968 1553 impigre
1021 1477 1298 1536 resistere
1354 1477 1490 1552 ille3
1561 1496 1721 1537 nunc
1773 1479 2043 1555 longiore
2099 1484 2163 1539 et
2206 1480 2520 1540 disertiore
2563 1498 2682 1539 ser-

351 1578 527 1620 mone
569 1560 914 1621 alternatim
956 1560 1312 1637 disceptant,
1357 1580 1516 1621 nunc
1549 1560 1831 1622 brevibus
1862 1564 2029 1639 quasi
2061 1564 2518 1641 stichomythiae
2546 1583 2681 1626 con-

351 1645 521 1705 viciis
561 1646 954 1721 altercantur3
998 1650 1301 1721 postremo
1343 1646 1547 1705 nullus
1592 1645 1921 1708 discordiae
1966 1648 2119 1707 finis.
2184 1648 2301 1708 Sed
2332 1650 2495 1709 ecce!
2544 1650 2683 1709 ades

354 1729 450 1788 'l'n
491 1730 833 1790 moderator
875 1734 1057 1807 atque
1101 1730 1306 1807 iude13
1351 1731 1645 1807 breviter,
1692 1732 1797 1791 sed
1839 1732 2098 1793 dilucide
2140 1737 2200 1793 et
2228 1738 2399 1793 acute
2428 1752 2555 1793 rem
2580 1754 2679 1793 ex-

351 1815 592 1891 planas3
636 1815 774 1875 huic
816 1820 922 1874 aut
961 1815 1053 1873 illi
1099 1815 1392 1875 calculum
1424 1815 1639 1893 adicis;
1688 1817 1882 1877 victus
1909 1821 2017 1878 aut
2045 1818 2271 1894 cedere,
2317 1822 2438 1894 aut,
2484 1819 2534 1879 si
2565 1839 2683 1895 qua

349 1902 539 1959 restat
589 1899 908 1961 dubitandi
959 1900 1239 1976 materia,
1299 1901 1598 1976 proferre,
1657 1900 1745 1960 'l'u
1792 1902 2041 1962 comiter
2084 1904 2318 1979 audire,
2375 1904 2552 1965 facile
2593 1905 2679 1964 di-

353 1984 552 2063 luere3
597 1984 699 2045 ille
741 1985 930 2044 victas
972 2003 1186 2043 manus
1229 1984 1386 2044 dare.
1453 1984 1583 2043 Iam
1624 1986 1700 2045 ad
1746 1986 1929 2046 alium
1973 1988 2173 2047 locum
2219 1989 2537 2063 transitur3
2584 2009 2682 2049 ea-

354 2069 488 2129 dem
517 2070 902 2130 contentione
924 2072 1366 2145 pertractantur
1385 2070 1482 2129 vel
1505 2088 1711 2130 omnes
1739 2070 1854 2130 loci
1884 2072 1979 2131 vel
2009 2072 2283 2149 plurimi;
2330 2073 2423 2133 Tu
2449 2092 2682 2149 semper

351 2156 584 2214 attenta
635 2158 698 2213 et
741 2154 1000 2231 benigna
1042 2173 1186 2213 aure
1226 2155 1323 2214 vel
1367 2173 1556 2231 nugas
1570 2199 1585 2229 ,
1641 2174 1788 2232 quas
1832 2156 1947 2216 scis
1992 2157 2201 2217 statim
2245 2158 2439 2217 tribus
2480 2159 2680 2218 verbis

353 2237 437 2297 'l'e
493 2238 908 2315 disiecturum,
964 2240 1143 2315 longe
1196 2240 1434 2315 lateque
1489 2239 1776 2315 explicari
1819 2241 2016 2316 audis;
2077 2260 2236 2300 nunc
2281 2241 2677 2318 disceptantes

351 2324 510 2399 ipsos
565 2324 723 2383 inter
775 2342 836 2383 se
892 2324 1208 2383 convenire
1261 2325 1510 2399 pateris,
1571 2343 1730 2384 nunc
1776 2324 1903 2384 'ruo
1947 2325 2166 2385 iudicio
2211 2326 2382 2385 litem
2424 2326 2675 2403 dirimis,

351 2425 508 2467 nunc
551 2408 626 2467 ad
671 2412 996 2468 extremam
1040 2408 1533 2483 disceptationem
1578 2428 1703 2468 rem
1748 2409 1967 2468 differs.
2030 2410 2302 2485 Denique
2345 2413 2516 2470 tanto
2559 2411 2675 2471 fer-

349 2512 492 2553 vore
543 2492 619 2552 ab
673 2492 948 2552 omnibus
1001 2511 1097 2553 res
1146 2493 1441 2571 agitatur,
1500 2500 1570 2553 ut
1611 2496 1875 2554 veterum
1922 2494 2189 2571 ipsorum
2232 2495 2522 2572 imagines
2565 2495 2679 2555 hoc

352 2579 669 2638 certamine
713 2597 785 2638 ex
826 2578 1034 2637 inferis
1078 2580 1342 2653 evocari,
1388 2596 1609 2654 easque
1650 2581 1714 2638 in
1757 2580 2086 2639 tenebrosis
2130 2580 2253 2638 illis
2297 2579 2531 2640 diaetae
2576 2600 2675 2640 an-

349 2663 508 2740 gulis
548 2663 786 2723 abditas
829 2663 1033 2722 sedere
1075 2662 1234 2722 haud
1279 2663 1480 2739 inepte
1523 2663 1735 2740 fingas,
1780 2663 1998 2740 quippe
2043 2663 2425 2724 attendentes
2468 2665 2542 2724 ad
2586 2684 2675 2742 ea,

349 2765 498 2823 quae
544 2747 616 2806 de
661 2748 783 2807 suis
827 2747 1104 2823 operibus
1146 2750 1287 2823 post
1328 2750 1423 2807 tot
1465 2748 1699 2807 saecula
1740 2749 1815 2808 ab
1857 2749 2201 2809 hominibus
2244 2750 2517 2809 barbaris
2561 2750 2677 2810 dis·

349 2834 657 2908 putentur.
748 2832 1042 2908 Tandem,
1101 2832 1205 2891 ubi
1246 2831 1572 2892 adversarii
1615 2833 1842 2892 viribus
1886 2833 2185 2894 exhaustis
2231 2834 2557 2910 disputatio
2602 2835 2677 2895 ad

349 2915 528 2976 finem
572 2916 863 2994 pervenit,
910 2917 1036 2993 ipse
1079 2918 1330 2976 resumis
1371 2917 1670 2993 libellum,
1719 2937 1869 2993 quae
1914 2921 2146 2978 restant
2189 2918 2505 2994 diiudicas,
2552 2937 2676 2978 cor-

349 3004 526 3077 rupta
567 3001 844 3078 coarguis
888 3004 948 3060 et
988 3001 1299 3076 emendas,
1360 3020 1501 3061 sana
1543 3001 1815 3062 defendis
1860 3005 1922 3062 et
1965 3003 2261 3079 vindicas,
2322 3005 2676 3064 sententiam

355 3085 472 3146 fers
516 3086 589 3144 de
632 3087 796 3145 omni
839 3086 1135 3146 scribendi
1166 3086 1633 3163 disputandique
1660 3087 1919 3147 ratione:
1965 3088 2270 3148 audaciam
2300 3089 2678 3148 temerariam

353 3171 653 3247 reprimis,
721 3170 1009 3231 iudicium
1070 3189 1323 3247 pravum
1381 3170 1659 3248 corrigia,
1728 3170 2004 3231 timidam
2060 3172 2414 3233 modestiam
2480 3174 2677 3250 erigis,

353 3255 773 3334 neglegentem
818 3256 1120 3332 ignaviam
1178 3257 1428 3331 excitas,
1484 3274 1700 3316 vanam
1745 3258 2147 3332 arrogantiam
2191 3257 2464 3334 castigas.
2550 3257 2678 3317 Iam

350 3339 556 3400 libello
598 3340 828 3400 auctori
872 3339 1108 3401 reddito
1153 3340 1376 3418 surgis:
1423 3341 1526 3416 qui
1571 3339 1892 3400 adversarii
1937 3343 2139 3416 partes
2168 3344 2323 3418 egit,
2372 3341 2678 3402 candelam

351 3424 691 3500 prehendit,
749 3426 813 3483 et
870 3425 922 3484 si
979 3423 1130 3484 bene
1187 3445 1312 3484 rem
1356 3425 1469 3484 sibi
1513 3427 1763 3502 gessisse
1804 3425 2071 3502 videtur,
2129 3444 2253 3486 non
2307 3427 2434 3485 sine
2475 3427 2677 3502 aliquo

352 3509 676 3585 voluptatis
719 3509 1145 3586 superbiaeque
1189 3529 1365 3570 sensu
1406 3509 1710 3586 praelucet
1754 3509 1893 3569 Tibi
1935 3511 2206 3586 exeunti,
2266 3510 2534 3570 omnium
2577 3530 2678 3587 po-

353 3595 608 3652 stremus
659 3594 730 3681 in,
782 3594 904 3653 ima
959 3595 1116 3653 scala
1158 3595 1350 3654 valere
1395 3595 1480 3652 Te
1522 3594 1811 3654 iussurus.
1900 3593 2054 3654 Tum
2098 3614 2239 3656 vero
2284 3595 2515 3656 sodales
2557 3614 2678 3655 non

350 3679 499 3754 iam,
557 3681 627 3738 ut
668 3679 838 3754 ante,
883 3679 1034 3738 alius
1075 3679 1195 3738 alia
1237 3678 1562 3755 garrimuS,
1618 3679 1719 3739 sed
1763 3698 1967 3739 omnes
2012 3681 2084 3740 de
2127 3680 2221 3740 his
2263 3680 2469 3756 rebus,
2528 3701 2679 3756 quae

351 3763 529 3822 modo
572 3763 931 3838 disceptatae
974 3766 1132 3838 sunt,
1178 3763 1606 3841 colloquimur3
1651 3783 1874 3840 eorum,
1921 3766 2023 3840 qui
2063 3765 2535 3841 disputaverunt,
2583 3765 2681 3824 vel

354 3847 768 3908 dexteritatem
812 3847 1122 3907 laudamus
1163 3848 1260 3908 vel
1304 3848 1602 3924 carpimus
1644 3849 2105 3926 neglegentiam.
2175 3850 2272 3909 Ita
2300 3850 2675 3924 discedimus,

347 3949 506 3990 novo
549 3931 716 4009 quasi
761 3931 998 3993 vinculo
1042 3933 1260 3992 litteris
1304 3932 1587 4009 Tibique,
1647 3953 1824 4010 quem
1865 3938 2307 4011 praeceptorem
2353 3934 2677 4011 contigisse

351 4016 524 4076 nobis
566 4017 955 4094 gratulamur,
1001 4017 1296 4077 artissime
1341 4018 1702 4078 coniuncti.“

517 4100 719 4160 Unum
773 4120 933 4162 nunc
983 4101 1170 4178 addo,
1228 4121 1346 4178 qua
1403 4102 1637 4161 ratione
1680 4123 1775 4161 me
1818 4104 1881 4163 in
1926 4122 2092 4162 suam
2136 4103 2481 4164 societatem
2522 4122 2678 4164 rece·

351 4186 507 4261 perit
547 4185 947 4246 Hermannus.
1009 4185 1398 4246 Coniecturae
1439 4205 1869 4263 proposueram
1912 4189 1977 4246 in
2022 4188 2325 4264 Euripidis
2367 4188 2674 4265 Helenam,

349 4271 705 4347 temerarias,
751 4271 955 4332 futiles
996 4303 1083 4316 -
1128 4272 1334 4347 quales
1393 4271 1618 4331 multae
1659 4272 1775 4331 hoc
1816 4275 2086 4348 tempore
2130 4272 2415 4348 profundi
2458 4274 2672 4334 solent.

347 4354 694 4416 Adversarii
735 4359 936 4432 partes
977 4357 1198 4434 agebat
1239 4355 1581 4416 Theodorus
1624 4355 1936 4433 BergkiuS,
1984 4357 2173 4416 multo
2218 4356 2321 4416 ille
2365 4377 2462 4417 me
2504 4377 2674 4435 supe-

351 4438 492 4515 rior,
537 4459 741 4501 severe
784 4443 846 4501 et
886 4447 1076 4516 acute,
1123 4441 1226 4501 sed
1269 4441 1541 4500 humane.
1598 4440 1893 4516 Equidem
1935 4458 2030 4499 me
2076 4440 2487 4518 defendebam,
2534 4443 2679 4528 satis

447 4545 696 4597 Kochly,
725 4545 972 4587 Schriften.
1001 4547 1037 4586 1.
2212 4543 2270 4590 15
