3132 5129
1368 332 1788 396 -62-

408 494 720 569 argutatus
766 495 887 563 est,
950 493 1252 567 postremo
1302 491 1452 550 hanc
1496 491 1713 550 adiecit
1755 492 2288 567 praedicationem:
2339 491 2539 565 „Nur
2585 494 2741 565 (der

422 576 806 648 Verfasser
850 579 968 636 des
1013 583 1259 636 ersten
1301 576 1593 649 Licdes)
1637 595 1786 636 war
1828 577 2069 650 fcihiy,
2124 577 2266 635 den
2310 577 2617 635 Ber-ioht
2663 581 2744 635 in

408 664 541 720 der
598 662 1126 721 bescheidencn
1170 660 1620 736 Ma‘fsiyuny
1671 680 1756 721 zu
1811 663 2095 730 hulten,
2149 663 2410 720 welche
2465 662 2742 720 Ba’um-

411 748 556 805 lein
599 765 845 822 maycr
887 747 1199 805 nenntl“
1290 745 1406 803 Suo
1464 746 1734 804 acumine
1789 747 2051 817 fruatur,
2112 765 2249 804 nam
2304 746 2420 818 „de
2464 746 2743 822 gustibus

409 851 529 890 non
575 835 668 889 est
713 831 1216 906 disputandum!“
1294 831 1376 888 Et
1405 835 1673 906 poteram
1720 833 1838 889 iam
1882 830 2180 892 misellum
2223 830 2562 906 relinquere
2605 849 2738 890 cen·

411 921 634 988 tonem,
681 917 797 977 nisi
828 916 982 974 haud
1014 917 1120 974 abs
1152 935 1213 973 re
1242 915 1547 974 videretur
1579 936 1761 973 unum
1795 917 2038 991 insuper
2080 917 2382 975 notavisse
2426 934 2740 992 argumen-

411 1004 570 1073 tum,
616 1021 732 1076 quo
780 1021 885 1072 „ex
932 1020 1050 1059 uno
1096 1001 1253 1059 disce
1299 1002 1571 1059 omnia!“
1645 1001 2055 1059 Unitariorum
2102 1001 2301 1060 nescio
2346 1002 2480 1075 quis
2524 1001 2738 1059 alicubi

411 1087 645 1145 monuit
701 1089 1021 1161 propterea
1066 1086 1413 1159 ampliorem
1460 1084 1729 1144 sacrificii
1774 1084 1870 1144 hic
1912 1105 1968 1144 v.
2002 1086 2125 1143 458
2157 1105 2285 1160 sqq.
2333 1085 2597 1144 exhiberi
2641 1085 2740 1143 de-

412 1171 813 1245 scriptionem,
861 1171 1141 1245 quoniam
1186 1170 1412 1244 primus
1458 1172 1538 1228 sit
1584 1171 1645 1228 in
1690 1170 1876 1228 Iliade
1921 1171 2106 1240 locus,
2152 1189 2270 1245 quo
2315 1170 2389 1227 de
2432 1190 2495 1228 re
2541 1170 2742 1228 divina

409 1254 680 1313 facienda
725 1257 953 1331 agatur.
1030 1255 1375 1330 Speciosum
1415 1258 1791 1329 praetextum
1824 1255 2099 1312 credulus
2130 1256 2382 1330 arripuit
2410 1259 2470 1312 et
2501 1256 2741 1329 repetiit

410 1339 1002 1415 Naegelsbachiusp
963 1359 1022 1414 p.
1083 1341 1221 1398 106.
1311 1338 1478 1397 Itane
1534 1338 1720 1399 vero?
1811 1339 1927 1397 Sed
1971 1339 2116 1413 quid
2161 1339 2401 1397 tandem
2448 1339 2738 1410 fecerunt,

409 1424 526 1481 iam
571 1428 891 1499 antequam
925 1422 1127 1482 Ulixes
1174 1423 1247 1480 ad
1278 1422 1548 1499 Chrysen
1596 1424 1983 1499 pervenisset,
2032 1421 2235 1482 Graeci
2269 1443 2323 1485 v.
2357 1422 2741 1482 315—317?

759 1538 933 1619 ἔρδον
978 1534 1034 1596 δ’
1078 1535 1402 1599 Ἀπόλλωνι
1447 1537 1758 1647 τεληέσσας
1802 1538 2133 1642 ἑκατόμβας
2259 1606 2264 1613 Γ

759 1622 996 1703 ταύρων
1037 1618 1137 1701 ἠδ’
1185 1622 1375 1704 αἰγῶν
1415 1623 1576 1704 παρὰ
1621 1621 1758 1684 θῖν’
1805 1620 1945 1696 ἁλὸς
1990 1619 2358 1703 ἀτρυγέτοιο·

755 1709 931 1787 κνίση
976 1705 1037 1768 δ’
1086 1704 1349 1789 οὐρανὸν
1395 1702 1525 1769 ἷκεν
1570 1706 1912 1786 ἑλισσομένη
1955 1707 2088 1788 περὶ
2131 1717 2360 1792 καπνῷ.

580 1847 677 1905 Ad
721 1848 1029 1923 primum
1073 1862 1307 1905 carmen
1352 1847 1530 1906 redeo
1576 1848 1819 1922 eiusque
1865 1847 2252 1922 prooemium,
2301 1847 2372 1905 de
2404 1865 2522 1922 quo
2552 1865 2742 1923 nuper

411 1933 474 1991 in
504 1928 828 1991 Muetzellii
860 1931 1171 1990 annalibus
1206 1928 1623 2008 [XI(1857)p.
1658 1934 1783 1992 410
1812 1930 1969 2008 sqq.]
2007 1936 2276 1991 accurate
2306 1932 2434 2008 egit
2463 1931 2739 1990 Duent-

408 2035 642 2088 zerus,
691 2020 759 2075 ut
801 2020 865 2075 et
907 2017 1054 2075 scite
1099 2021 1304 2076 contra
1333 2015 1782 2075 Grotefendium
1817 2020 1992 2091 atque
2021 2016 2302 2074 Iacobum
2350 2016 2746 2091 disputaverit

409 2104 470 2158 et
512 2104 672 2161 recte
718 2120 920 2160 versus
966 2103 1005 2157 4
1050 2104 1112 2159 et
1156 2102 1194 2159 5
1238 2102 1356 2158 iam
1400 2100 1699 2160 Zenodoto
1746 2106 2053 2176 suspectos
2097 2101 2353 2159 eiecerit.
2433 2100 2547 2158 Sed
2579 2102 2742 2159 eain

407 2204 471 2244 re
504 2186 634 2245 viro
679 2185 1017 2246 doctissimo
1064 2185 1351 2244 adsentiri
1395 2203 1517 2245 non
1563 2205 1823 2260 possum,
1869 2185 2029 2261 quod
2072 2184 2181 2244 hoc
2227 2185 2531 2261 prooemio
2575 2204 2742 2261 prae-

407 2271 533 2328 ludi
592 2273 830 2345 putavit
883 2270 1139 2347 longiori
1195 2271 1469 2341 carmini,
1515 2289 1634 2346 quo
1690 2290 1812 2329 non
1870 2271 2062 2329 solum
2106 2270 2195 2327 ira
2239 2270 2489 2328 Achillis
2535 2273 2743 2328 contra

408 2355 914 2431 Agamemnonem
960 2358 1241 2429 concepta
1284 2356 1529 2430 eiusque
1576 2356 1745 2430 origo
1790 2357 2048 2413 tractata
2078 2356 2176 2427 sit,
2226 2355 2328 2414 sed
2360 2355 2541 2413 etiam
2571 2355 2740 2412 fune·

408 2441 672 2499 stissima
740 2443 893 2499 mala
949 2440 1085 2498 inde
1141 2440 1392 2497 oriunda
1448 2444 1724 2498 enarrata
1779 2440 2021 2497 fuerint.
2118 2439 2375 2515 Egregie
2430 2440 2546 2497 iam
2604 2439 2744 2497 huic

409 2525 679 2600 opinioni
724 2526 982 2584 occurrit
1026 2524 1290 2583 Naekius
1336 2544 1390 2600 p.
1442 2526 1597 2585 268:
1660 2522 1858 2597 „Illud
1904 2542 2021 2583 non
2064 2525 2389 2600 perspicio,
2450 2542 2567 2599 quo
2611 2524 2740 2584 iure

408 2625 616 2667 omnes
661 2610 770 2668 hoc
816 2610 1011 2669 dicere
1054 2612 1291 2684 poetam
1336 2609 1609 2680 credant,
1668 2628 1729 2667 se
1774 2612 2170 2668 tractaturum
2215 2629 2342 2668 esse
2387 2611 2530 2681 ista,
2586 2628 2741 2684 quae

410 2694 676 2754 versibus
734 2695 791 2752 2.
839 2696 895 2752 3.
945 2696 1003 2751 4.
1053 2697 1090 2751 5
1149 2693 1519 2766 indicantur,
1579 2694 1796 2752 omnia.
1889 2695 2106 2768 Μῆνιν
2161 2694 2507 2769 pollicetur:
2581 2693 2741 2794 qpod

408 2782 826 2872 argumentum
872 2797 1047 2853 quam
1091 2797 1275 2854 grave
1319 2778 1415 2848 sit,
1464 2739 1773 2852 aptissime
1817 2781 2118 2837 monstrat
2161 2797 2228 2836 ex
2275 2779 2517 2837 effectu.
2565 2771 2739 2836 οὖλο-

404 2857 624 2937 μένην,
677 2853 715 2937 ἢ
774 2857 943 2939 μυρί’
992 2866 1054 2921 et
1097 2881 1246 2937 quae
1293 2882 1417 2937 seq.
1510 2862 1664 2920 Tum
1711 2882 1884 2922 versu
1932 2865 1990 2966 6.
2038 2864 2240 2938 pergit
2285 2862 2357 2921 ad
2404 2882 2573 2921 suum
2621 2863 2737 2921 sibi

408 2949 709 3021 proprium
757 2952 1175 3024 argumentum
1220 2966 1282 3006 se
1327 2966 1752 3006 conversurus:
1801 2942 1862 3018 ἐξ
1907 2937 1982 3004 οὖ
2028 2943 2100 3022 ὀὴ
2146 2945 2214 3003 τὰ
2260 2953 2466 3024 πρωτα
2510 2949 2664 3006 etc.“

317 3049 375 3097 18
577 3032 774 3090 Etiam
804 3051 1014 3091 versus
1045 3033 1246 3091 489-
1257 3033 1399 3104 492,
1445 3033 1545 3107 qui
1577 3033 1843 3112 alioquin
1874 3032 2027 3090 male
2059 3050 2166 3090 nos
2210 3032 2482 3104 habeant,
2530 3051 2740 3109 „egre-

405 3116 504 3192 gie
561 3117 634 3173 ad
688 3118 1124 3176 conclusionem
1172 3117 1450 3174 carminis
1498 3117 1683 3175 factos
1729 3118 1899 3175 esse“
1947 3116 2100 3174 idem
2146 3116 2391 3191 pulchre
2435 3116 2740 3192 perspexit

406 3220 465 3274 p.
513 3201 668 3274 2673
728 3201 846 3260 nisi
902 3202 1059 3275 quod
1106 3202 1353 3259 remotis
1397 3201 1750 3261 centonibus
1796 3202 2128 3270 430—487
2189 3202 2378 3259 artius
2435 3204 2618 3260 etiam
2665 3221 2736 3261 ea

406 3285 705 3344 conclusio
749 3303 882 3343 cum
930 3287 1051 3345 348
1098 3285 1400 3361 iungenda
1447 3289 1538 3344 est
1579 3287 1690 3344 hoc
1734 3285 1936 3344 modo:

530 3410 630 3457 348
716 3396 754 3478 ἡ
801 3395 863 3459 δ’
910 3394 1147 3460 ἆκὲουσ’
1195 3392 1316 3478 ἅμα
1362 3405 1512 3458 τοῖσι
1555 3399 1709 3479 γυνὴ
1755 3402 1900 3461 κίεν.
1976 3397 2163 3478 αὐτὰρ
2203 3398 2501 3479 Ἀχιλλεὺς

532 3495 631 3542 488
720 3484 748 3544 ἐ
762 3507 795 3543 κ
842 3486 966 3544 τοῦ
1008 3481 1180 3563 μήνιε
1228 3485 1402 3561 νηυσι
1446 3507 1782 3564 παρημενος
1826 3482 2248 3565 ὠκυπόροισιν·

532 3579 632 3627 490
719 3591 853 3629 ουτε
898 3565 1031 3628 ποτ’
1079 3569 1162 3640 εἰς
1206 3565 1434 3650 ἀγορὴν
1474 3569 1804 3630 πωλέσκετο
1849 3568 2263 3670 κνὸιανειραν,

720 3647 851 3715 οὔτε
896 3650 1025 3713 ποτ’
1077 3653 1136 3726 ἐς
1181 3654 1475 3732 πόλεμον,
1522 3649 1670 3715 αλλὰ
1717 3652 2101 3730 φθινύθεσκε
2146 3656 2324 3730 φίλον
2367 3657 2479 3734 κῆρ

716 3731 871 3798 αυθι
913 3735 1142 3815 μένων,
1187 3737 1475 3799 ποθέεσκε
1522 3735 1586 3800 δ’
1634 3735 1821 3818 αυτήν
1866 3761 1925 3797 τε
1968 3739 2266 3816 πτόλεμόν
2311 3761 2387 3802 τε.

403 3877 561 3935 Illud
607 3873 681 3935 ἐκ
728 3883 852 3935 τοῦ
897 3897 954 3936 v.
1001 3878 1124 3936 488
1171 3876 1312 3935 olim
1369 3878 1630 3975 positum
1691 3879 1872 3936 fuisse
1929 3896 2114 3952 paene
2159 3877 2606 3952 spoponderim:
2668 3882 2737 3936 ut

404 3963 645 4021 omnino
704 3967 832 4022 tota
886 3962 1185 4020 conclusio
1231 3963 1300 4020 ad
1348 3963 1716 4035 prooemium
1760 3963 2020 4037 respicit,
2067 3964 2153 4020 ita
2197 3962 2338 4021 haec
2379 3965 2511 4037 ipsa
2556 3963 2737 4022 verba

403 4048 707 4121 speciatim
753 4048 826 4105 ad
875 4067 928 4108 v.
979 4049 1013 4104 6
1062 4041 1131 4118 ἐξ
1176 4065 1259 4103 ου
1307 4042 1385 4119 ὀὴ
1432 4043 1499 4104 τὰ
1544 4053 1679 4124 πρω
1688 4068 1752 4103 τα
1795 4052 1906 4105 etc.
1955 4051 2265 4122 revocant3
2313 4048 2552 4106 videtur
2596 4047 2732 4106 hinc

402 4132 642 4190 secundi
710 4133 986 4191 carminis
1053 4135 1259 4190 auctor
1323 4151 1493 4190 suurn
1557 4125 1689 4189 ἀλλ’
1757 4124 1851 4188 ὅτε
1920 4127 1992 4207 δή
2050 4124 2106 4207 ῥ’
2170 4127 2243 4188 ἐκ
2303 4135 2457 4190 τοῖο
2501 4153 2559 4192 v.
2608 4133 2732 4191 493

402 4217 741 4292 sumpsisse,
786 4217 944 4291 quod
990 4221 1052 4275 et
1095 4217 1356 4292 antiquis
1402 4223 1463 4276 et
1504 4216 1807 4276 hodiernis
1850 4215 2123 4274 unitariis
2156 4219 2384 4275 tantam
2413 4216 2732 4276 dubitandi

406 4301 711 4359 materiam
757 4301 1099 4397 praebuisse
1144 4305 1397 4361 constat.

575 4388 909 4460 Antequam
957 4386 1073 4443 iam
1104 4386 1224 4445 ad
1210 4405 1406 4461 ipsum
1437 4387 1545 4446 hoc
1577 4405 1810 4444 carmen
1846 4337 2270 4462 transgredior,
2304 4387 2486 4445 aliam
2519 4386 2732 4446 Naekii
