3132 5129
1400 372 1858 435 —474—

465 549 612 606 que,
662 550 780 606 quo
826 549 1023 588 errore
1069 530 1319 589 modove
1352 530 1549 589 omitti
1596 520 1887 607 potuerit,
1934 532 2330 609 probabiliter
2374 533 2796 594 demonstrare.

465 614 634 684 Quod
680 615 795 673 nisi
838 614 936 690 fit,
994 615 1138 674 haec
1178 616 1521 673 lacunarum
1582 617 1747 675 crisis
1799 636 1920 678 non
1977 619 2173 677 minus
2231 618 2422 677 futilis
2478 624 2569 677 est
2622 624 2800 694 atque

466 700 1026 775 interpolationum,
1075 700 1124 758 si
1168 701 1301 775 quis
1346 699 1735 759 subditicium
1786 702 2008 779 aliquid
2041 722 2171 762 esse
2218 702 2361 762 satis
2407 703 2621 762 habeat
2664 724 2800 779 pro-

464 786 771 844 nuntiasse
837 803 972 859 nec,
1041 803 1158 860 qua
1222 784 1449 844 ratione
1514 803 1709 860 quove
1774 805 1915 846 casu
1982 789 2275 848 intrusum
2322 788 2416 863 sit,
2488 790 2801 849 ostendere

461 873 723 930 conetur.

631 955 701 1013 In
749 955 1060 1014 Theocrito
1092 954 1279 1031 igitur
1309 973 1442 1013 cum
1471 955 1828 1031 interpretes
1859 959 2062 1032 potius
2097 957 2591 1032 interpolationes
2619 978 2797 1034 quam

462 1040 703 1099 lacunas
749 1040 1016 1098 invenire
1064 1040 1179 1098 sibi
1223 1041 1654 1115 persuaserint,
1700 1060 1820 1099 non
1871 1043 2086 1101 mirum
2133 1045 2224 1101 est
2271 1061 2372 1101 eos
2419 1043 2513 1101 vel
2557 1043 2639 1101 ibi
2671 1063 2795 1103 cae·

463 1126 677 1200 cut-ire,
736 1124 837 1181 ubi
893 1128 1131 1199 poetam
1177 1143 1296 1182 non
1354 1127 1592 1183 auctum
1650 1127 1751 1184 sed
1808 1127 2177 1187 deminutum
2239 1146 2364 1186 esse
2421 1128 2620 1186 omnia
2677 1129 2795 1187 cla-

464 1212 652 1267 mant.
727 1209 874 1268 Eius
919 1210 1132 1268 erroris
1177 1209 1332 1267 haud
1380 1210 1502 1267 scio
1544 1229 1621 1268 an
1649 1212 2092 1285 apertissimum
2138 1213 2218 1271 sit
2262 1212 2596 1287 exemplum
2643 1213 2795 1289 idyl·

462 1294 607 1351 lium
652 1294 944 1369 nonum,
992 1294 1149 1369 quod
1200 1292 1570 1351 ΝΟΜΕΥΣ
1611 1295 1675 1351 Η
1722 1295 2162 1354 ΒΟΥΚΟΛΟΙ
2205 1297 2385 1372 vulgo
2431 1297 2796 1358 inscribitur.

464 1378 534 1435 In
579 1397 647 1437 eo
694 1398 827 1437 cum
872 1382 933 1437 et
975 1379 1342 1454 prooemium
1385 1381 1541 1438 1-6
1587 1380 2017 1440 subobscurum
2066 1381 2140 1439 ad
2187 1381 2592 1457 exponendam
2638 1401 2795 1442 scae-

462 1483 598 1521 nam
644 1482 850 1538 parum
886 1463 1171 1523 ‚sufficere
1216 1464 1519 1522 videretur
1568 1498 1634 1507 -
1692 1465 1947 1525 debebat
1990 1468 2148 1526 enim
2195 1467 2299 1541 qui
2345 1462 2607 1542 ,,νομεύς
2650 1487 2792 1542 προ-

467 1545 675 1625 λογίζει
725 1541 756 1605 ὁ
802 1544 902 1605 καὶ
947 1545 1199 1622 κριτής“
1246 1552 1307 1606 et
1350 1567 1515 1606 suam
1562 1568 1881 1624 personam
1926 1555 1988 1610 et
2032 1554 2392 1611 conventum
2438 1570 2572 1610 cum
2617 1552 2795 1611 alter-

461 1633 746 1692 nantibus
803 1632 1141 1707 pastoribus
1195 1633 1413 1691 initum
1469 1634 1584 1691 rite
1653 1634 1910 1695 indicare
1966 1668 2045 1678 —
2107 1640 2196 1709 et,
2254 1656 2405 1710 quae
2463 1640 2798 1712 sequuntur

464 1720 599 1791 post
643 1718 905 1774 carmina
949 1717 1264 1776 amoebaea
1312 1716 1449 1774 inde
1494 1736 1528 1773 a
1572 1738 1629 1776 v.
1664 1720 1741 1775 22
1789 1723 1849 1778 et
1878 1723 2069 1797 magis
2114 1722 2296 1778 etiam
2339 1721 2476 1778 inde
2523 1740 2558 1779 a
2600 1740 2657 1780 v.
2693 1724 2796 1797 28,

463 1821 594 1858 cum
627 1801 1150 1876 antecedentibus,
1198 1801 1400 1876 qualia
1428 1820 1587 1859 nune
1617 1807 1787 1879 sunt,
1833 1824 1952 1864 non
1996 1809 2230 1880 coeant,
2278 1805 2383 1864 has
2414 1805 2799 1866 difficultates

464 1888 533 1943 ut
575 1885 857 1943 tollerent
899 1886 1015 1943 dici
1059 1904 1176 1944 non
1223 1887 1422 1960 potest
1467 1906 1644 1960 quam
1691 1889 1852 1947 varie
1896 1893 2224 1965 misereque
2269 1909 2331 1948 se
2376 1891 2665 1949 torserint
2706 1892 2799 1949 in-

466 1972 777 2045 terpretes
854 1970 1074 2028 Eorum
1120 1971 1386 2029 omnium
1444 1972 1870 2033 audacissimus
1915 1975 2250 2049 IacobsiuS,
2310 1976 2404 2033 vir
2448 1975 2800 2035 immortalis

465 2055 811 2127 memoriae,
859 2074 1113 2130 quocum
1174 2057 1472 2114 consentit
1514 2056 1894 2119 Hermannus
1951 2060 1991 2116 1.
2038 2079 2091 2118 c.
2150 2078 2208 2134 p.
2257 2062 2321 2134 5,
2382 2062 2613 2118 tantum
2669 2062 2800 2136 ipsa

464 2139 569 2197 illa
613 2140 872 2198 carmina
916 2160 972 2199 v.
1018 2143 1225 2199 6—-13
1284 2142 1345 2198 et
1391 2141 1660 2199 15-21
1721 2163 1828 2217 pro
1886 2146 2162 2219 genuinis
2219 2143 2456 2219 habuit,
2512 2146 2608 2203 vel
2663 2165 2795 2204 sua-

465 2225 705 2283 vissima
771 2227 1022 2300 agrestis
1087 2226 1337 2300 praemii
1400 2245 1458 2284 v.
1510 2227 1777 2285 22—27
1846 2228 2241 2305 descriptione
2310 2232 2558 2288 remota.
2646 2230 2794 2287 Eam

464 2312 622 2368 certe
667 2310 1044 2368 retinuerunt
1088 2310 1417 2369 Ahrensius
1448 2313 1512 2367 et
1544 2311 1931 2388 Fritzschius,
1978 2332 2231 2390 quorum
2278 2317 2529 2389 uterque
2560 2317 2792 2373 tantum

463 2415 518 2453 v.
566 2395 814 2453 28—36
859 2414 966 2470 pro
1022 2395 1257 2471 epilogo
1303 2394 1641 2454 habuerunt
1696 2397 2031 2458 collectoris
2076 2417 2256 2457 manu
2315 2400 2615 2473 confecto,
2673 2399 2794 2458 for-

459 2484 616 2538 tasse
662 2480 849 2553 ipsius
895 2481 1291 2554 Artemidori,
1350 2499 1526 2554 quem
1584 2481 1883 2557 epilogum
1932 2483 2032 2542 ille
2094 2483 2332 2558 quidem
2391 2483 2794 2558 „carminibus

464 2563 747 2624 bucolicis
793 2564 1032 2623 1—-1x“
1078 2564 1383 2639 omnibus,
1442 2566 1536 2623 hic
1583 2585 1722 2625 vero
1768 2571 1974 2627 nostro
2020 2569 2130 2628 soli
2190 2568 2433 2627 carmini
2493 2569 2671 2628 variis
2716 2589 2789 2627 ex

462 2650 761 2708 Theocriti
809 2650 1202 2724 fragminibus
1265 2645 1510 2708 consuto
1566 2651 1836 2710 additum
1891 2672 2020 2712 esse
2074 2656 2265 2728 putat.
2335 2652 2521 2722 Quam
2578 2673 2790 2729 parum

462 2733 585 2793 sive
633 2734 839 2791 maiori
888 2736 1014 2793 sive
1059 2735 1275 2793 minori
1321 2735 1656 2793 collectioni
1716 2736 2125 2798 huiuscemodi
2171 2739 2534 2814 epilogus
2580 2757 2792 2797 conve-

459 2819 616 2891 niat,
664 2837 781 2892 quo
828 2819 1032 2877 Musae
1078 2822 1137 2876 et
1181 2818 1494 2889 φαίνειν
1537 2813 1697 2898 ᾠδάς
1730 2821 2010 2881 iubentur
2053 2827 2116 2882 et
2160 2824 2459 2883 variorum
2507 2824 2792 2882 similium

460 2902 840 2960 multitudine
886 2907 1189 2978 tamquam
1220 2903 1609 2962 amicissimae
1653 2909 1878 2966 auctori
1925 2908 2249 2966 laudantur
2275 2940 2347 2949 —
2375 2909 2535 2983 quod
2563 2911 2791 2966 utrum-

458 3006 574 3061 que
617 2987 816 3061 potius
863 2989 1095 3064 prologi
1143 2988 1354 3046 suisset
1398 3020 1505 3063 ——,
1566 2990 1762 3063 quivis
1809 2992 2003 3067 videt,
2059 3012 2169 3051 nec
2226 2992 2524 3067 quomodo
2580 2993 2791 3052 obscu-

461 3072 727 3130 rissimos
794 3092 999 3131 versus
1058 3075 1135 3130 29
1194 3075 1255 3130 et
1312 3075 1394 3131 30
1462 3072 1744 3133 collector
1813 3077 1884 3135 de
1947 3097 2007 3136 se
2074 3077 2464 3150 intellexerit,
2539 3079 2787 3153 perspici

403 3163 434 3208 9
460 3159 676 3231 potest.
755 3157 866 3226 Qui
915 3158 1150 3232 quidem
1202 3157 1249 3215 si
1292 3158 1630 3232 fragmenta
1673 3159 2018 3220 Theocritea
2063 3163 2185 3222 suis
2228 3162 2791 3237 interpolationibus

461 3244 521 3299 et
564 3240 637 3297 ab
682 3241 855 3298 initio
900 3245 963 3300 et
1020 3243 1078 3300 in
1124 3243 1240 3299 fine
1286 3243 1677 3318 adglutinatis
1731 3247 1791 3302 in
1837 3246 2204 3320 probabilem
2252 3247 2474 3322 integri
2519 3247 2787 3320 opusculi

458 3326 713 3400 speciem
757 3326 1025 3401 redigere
1071 3327 1389 3400 voluisset,
1438 3332 1679 3402 poterat
1721 3331 1913 3388 multo
1959 3332 2190 3391 facilius
2234 3332 2550 3406 aptiusque
2593 3331 2652 3389 id
2700 3331 2784 3390 fa-

460 3430 590 3469 cere
649 3414 711 3469 et
766 3411 1140 3485 paucioribus
1197 3417 1259 3472 ct
1325 3411 1783 3486 simplicioribus
1841 3416 2140 3491 versibus,
2207 3417 2308 3491 qui
2366 3417 2572 3491 quales
2641 3415 2787 3492 fingi

460 3497 797 3570 potuerint,
846 3515 913 3553 ex
959 3495 1154 3572 idyllii
1185 3498 1352 3555 VIII.
1403 3500 1465 3554 et
1508 3497 1749 3573 eclogae
1778 3499 2161 3576 Vergilianae
2186 3499 2349 3564 vlu.
2398 3501 2585 3560 initiis
2618 3501 2788 3559 facile

458 3580 809 3638 concludere
868 3580 1035 3657 licet,
1096 3600 1227 3640 cum
1283 3598 1527 3657 prorsus
1584 3581 1931 3644 incredibile
1989 3587 2071 3645 sit
2124 3605 2256 3644 eum
2317 3587 2786 3663 fragmentorum

333 3729 346 3742 ,
456 3665 697 3724 illorum
743 3664 968 3722 hiatum
1014 3669 1302 3742 prooemii
1350 3669 1528 3741 atque
1574 3669 1794 3745 epilogi
1839 3689 2090 3745 operosa
2135 3671 2493 3732 obscuritate
2539 3671 2786 3732 auxisse.

623 3748 746 3808 Nec
805 3750 1015 3809 melius
1073 3770 1141 3809 ex
1197 3752 1355 3810 hisce
1421 3754 1712 3828 angustiis
1779 3756 1960 3814 ceteri
2017 3776 2145 3816 sese
2202 3756 2550 3829 expedivere
2606 3755 2784 3813 inter-

454 3837 669 3909 pretes.
744 3834 832 3891 Ex
876 3835 1094 3909 quibus
1152 3837 1410 3895 omnium
1458 3838 1798 3897 acutissime
1845 3840 2077 3898 Graes
2087 3843 2201 3901 ius
2243 3843 2536 3898 extremos
2581 3858 2786 3898 versus

455 3920 702 3977 31—36
731 3938 841 3992 pro
892 3938 961 3978 eo
993 3921 1124 3994 ipso
1160 3922 1416 3980 carmine
1446 3921 1653 3996 habet,
1685 3925 1842 3999 quod
1878 3928 2080 3999 pastor
2108 3926 2357 3982 28—30
2386 3923 2460 3981 ab
2498 3925 2787 3984 invocatis

459 4003 644 4062 Musis
702 4006 1026 4078 expetitum
1087 4024 1282 4064 coram
1326 4004 1641 4080 Daphnide
1700 4011 1879 4083 atque
1925 4010 2188 4068 Menalca
2242 4009 2548 4084 cecinerit,
2605 4029 2785 4084 quam

457 4089 798 4162 opinionem
845 4089 1149 4164 amplexus
1195 4089 1635 4167 Hartungus
1680 4096 1742 4151 et
1783 4114 1838 4152 v.
1873 4095 1957 4152 30
1989 4094 2062 4153 ab
2092 4093 2518 4169 interpretibus
2564 4095 2787 4153 frustra

458 4177 731 4231 vexatum
779 4192 900 4233 non
945 4174 1324 4248 explanatum
1355 4177 1532 4234 eiecit
1576 4180 1638 4236 et
1682 4179 1856 4237 initio
1888 4198 1993 4253 pro
2024 4178 2256 4237 reiectis
2289 4179 2557 4238 versibus
2592 4181 2620 4235 1
2655 4183 2716 4237 et
2747 4180 2782 4234 2

461 4257 570 4315 boc
615 4260 928 4319 vernaculo
973 4278 1242 4318 sermone
1286 4260 1765 4335 supplementum
1809 4264 2039 4338 posuit:

547 4341 695 4418 [Ἡιιὶ
732 4344 832 4406 ber
870 4341 1167 4423 Ῑίὄίῐίῐῷειι
1207 4343 1356 4418 {fitur
1397 4343 1533 4425 einft
1572 4346 1692 4425 troi
1730 4345 1808 4426 id)
1849 4345 1954 4411 mit
1991 4347 2297 4427 Εὒαρῡιιὶδ,
2345 4347 2472 4411 hem
2509 4343 2724 4427 esser,

546 4429 679 4494 Uub
718 4430 824 4495 mit
860 4433 984 4496 bem
1025 4430 1268 4512 &bafer
1306 4433 1629 4515 auiummen
1666 4434 2008 4512 micantius,
2046 4435 2281 4517 125<inss
2323 4435 2592 4514 erireuet,
