3132 5129
1398 374 1861 437 -240—

718 522 861 586 οὐδὲ
908 527 1179 607 Κρονίων
1224 528 1402 606 λῆγε,
1451 529 1801 605 Λυκαονίης
1845 518 1902 588 δ’
1950 525 2069 589 ἀπὸ
2114 530 2286 610 γαίης

712 609 928 687 πέτρον
968 607 1316 691 ἀπορρήξας
1362 605 1521 695 ὀλοῷ
1566 611 1825 689 ἐπέθηκε
1854 613 2085 693 γίγαντι

714 694 934 773 ἄσχετα
963 696 1264 774 μηνιόων·
1313 696 1406 759 ἐπὶ
1454 690 1516 758 δ’
1562 693 1725 781 αὐτῷ
1769 706 1953 776 νῆσος
1996 698 2279 777 ὄρουσεν,
2732 711 2799 758 76

716 778 795 860 ἣν
839 776 1018 853 αὐτὸς
1063 779 1359 859 προέηκεν
1402 780 1460 856 ἒς
1505 778 1794 862 οὐρανόν·
1851 779 2198 864 ἀμφότερον
2243 783 2307 845 δὲ

718 866 818 926 καὶ
863 864 1011 943 πυρὶ
1054 865 1158 927 καὶ
1201 862 1359 951 νήσῳ
1532 903 1615 913 --
1788 904 1870 915 --
2041 903 2123 915 —

721 986 796 995 —
972 985 1056 996 —-
1227 988 1308 997 —-
1482 950 1807 1034 στυγεροῦς
1852 953 2107 1035 τείρουσι
2151 953 2449 1036 γίγαντας.

664 1185 894 1240 Praeter
945 1187 1413 1256 interpunctionis
1474 1190 1534 1242 et
1584 1190 1918 1243 accentuum
1967 1188 2237 1256 quasdam
2286 1189 2555 1241 minutias
2607 1189 2800 1241 omnia

461 1254 666 1312 notavi,

495 1344 541 1391 5.

496 1429 541 1479 7.

493 1515 542 1563 9.

464 1601 540 1649 13.

465 1822 541 1868 15.

461 1975 539 2022 17.

463 2061 541 2112 18.

355 2117 421 2164 22

457 2624 537 2671 19.

451 3046 534 3094 21.

598 1334 827 1407 λῶφησε
864 1338 1016 1405 cod.,
1054 1354 1195 1393 corr,
1235 1339 1456 1395 Iriarte.
1497 1371 1561 1380 —
1598 1340 1704 1410 βοὴ
1753 1341 1876 1399 cod.

596 1423 705 1478 νῦν
744 1420 819 1492 δή
854 1441 948 1495 με·
988 1424 1057 1479 σύ
1095 1424 1205 1495 γὰρ
1243 1424 1316 1494 δὴ
1353 1421 1501 1489 θεὸς
1537 1426 1662 1480 cod.

604 1512 804 1564 ἴλλαθι
844 1512 963 1569 cod.

600 1595 668 1650 δέ
704 1616 792 1649 τοι
831 1592 1025 1658 δεινὸς
1072 1596 1193 1649 cod.
1231 1596 1565 1666 Cogitabam
1615 1597 1686 1651 de
1726 1595 1794 1652 δέ
1831 1617 1919 1651 τοι
1956 1593 2168 1659 ἐσθλὸς
2213 1599 2313 1651 aut
2357 1596 2502 1651 adeo
2549 1591 2614 1651 δ’
2667 1593 2799 1667 ἔρα-

602 1662 820 1731 tunde,
861 1664 960 1717 sed
996 1664 1147 1731 quod
1184 1666 1434 1733 reposui,
1472 1669 1532 1718 et
1565 1665 1897 1719 facillimum
1934 1668 2023 1719 est
2046 1667 2105 1720 et
2130 1664 2799 1719 accommodatissimum:

595 1730 907 1799 particulas
945 1731 1012 1787 δέ
1050 1750 1111 1786 τε
1151 1733 1323 1786 etiam
1361 1731 1509 1787 infra
1542 1750 1595 1787 v.
1635 1739 1701 1787 65
1737 1733 1929 1790 habes.

599 1814 825 1870 ἰθύνων
862 1818 984 1871 cod.
1021 1847 1084 1857 —-
1122 1813 1218 1871 ἐπὶ
1253 1816 1375 1876 cod.
1411 1850 1476 1857 —-
1514 1818 1661 1872 Tum
1699 1819 1822 1888 quis
1859 1835 1969 1873 non
2007 1818 2330 1874 meminerit
2365 1819 2599 1874 Pindari
2625 1820 2797 1887 Pyth.

594 1883 664 1950 11,
703 1888 768 1937 68
805 1887 948 1951 (125)
987 1883 1121 1939 τόδε
1158 1916 1224 1925 -—
1259 1881 1408 1939 κατὰ
1446 1888 1761 1942 Φοίνισσαν
1799 1883 2056 1977 ἐμπολοὶν
2091 1885 2265 1956 μέλος
2302 1918 2362 1927 -—
2401 1887 2725 1957 πέμπεταιῖ

596 1967 836 2023 ἔπαινον
875 1970 995 2025 cod.

596 2056 743 2109 Ante
780 2055 928 2108 hunc
964 2072 1188 2110 versum
1223 2057 1515 2125 ingentem
1549 2056 1810 2111 lacunam
1837 2072 1956 2111 esse
1992 2057 2176 2126 quivis
2212 2057 2385 2111 videt.
2445 2057 2508 2110 In
2544 2058 2794 2112 medium

593 2122 901 2193 Gigantum
939 2125 1109 2192 atque
1135 2123 1378 2178 Deorum
1415 2124 1667 2194 rapimur
1692 2126 1992 2179 certamen.
2063 2125 2258 2179 Sermo
2294 2125 2383 2179 hic
2421 2127 2543 2178 erat
2578 2125 2646 2179 de
2670 2125 2795 2179 illo·

591 2206 716 2244 rum
753 2207 891 2255 uno,
939 2207 973 2244 a
1018 2206 1130 2271 quo
1177 2192 1441 2261 scopulus
1480 2224 1545 2233 —
1581 2189 1763 2262 πέτρη
1803 2224 1864 2231 -
1910 2192 2018 2261 ipsi
2054 2191 2176 2246 Iovi
2221 2193 2502 2246 immissus
2545 2192 2798 2247 fulminis

591 2259 790 2338 ardore
828 2258 995 2313 obvio
1029 2276 1087 2311 in
1125 2260 1339 2313 cineres
1375 2260 1745 2346 dissolvitur3
1779 2259 1966 2345 Quare
2000 2260 2162 2344 ipitio
2201 2253 2433 2342 eupsetdv
2470 2257 2532 2313 οῖ
2565 2259 2791 2329 ἔπεμψε

591 2343 785 2447 ¹3‘iirilpffi
842 2342 1038 2449 argliffi
1051 2328 1271 2465 ὀἒῐῖξὲἰ
1294 2324 2525 2474 ἕὲἓὲοὴέἓὲτοῖυὲἔτῖὴἔηάἔῖὖρέεςῖαῖεέμἕρ’
2540 2327 2795 2464 {2222ss-

591 2412 745 2517 l¹nter
781 2459 839 2524 ἐς
877 2465 936 2517 et
970 2457 1158 2539 πέμπε
1193 2478 1430 2517 vacuum
1477 2462 1781 2531 spatiolum
1828 2480 1886 2515 in
1924 2463 2045 2520 cod.
2085 2479 2203 2518 esse
2241 2462 2379 2516 dicit
2414 2464 2640 2518 Iriarte:
2689 2464 2792 2516 sed

591 2529 671 2584 ibi
706 2530 933 2599 quidem
971 2528 1114 2583 mhil
1151 2530 1424 2585 excidisse
1462 2531 1720 2585 arbitror.
1762 2560 1825 2571 —
1863 2528 2153 2600 ὁιφθεῖσα
2191 2531 2313 2584 cod.

593 2620 840 2686 γίνεται·
880 2616 1285 2685 συναντήσασα
1320 2617 1473 2682 cod.;
1512 2617 1658 2671 inter
1693 2638 1742 2687 γ.
1780 2619 1839 2670 et
1873 2635 1920 2673 σ.
1956 2633 2060 2685 par
2096 2617 2395 2686 spatiolum
2432 2617 2789 2671 intervacare
2894 2633 2900 2637 ·

590 2685 729 2739 dicit
762 2685 976 2739 Iriarte.
1037 2683 1210 2738 Recte
1236 2685 1373 2737 mihi
1397 2688 1603 2753 poetae
1628 2701 1855 2739 manum
1883 2685 2190 2740 restituisse
2217 2684 2427 2741 videor.
2491 2686 2574 2738 cf.
2603 2685 2787 2738 Noun.

589 2753 659 2818 11,
701 2758 798 2807 115
821 2771 847 2806 s
892 2798 901 2807 .
944 2746 1086 2805 ἄλλα
1126 2750 1416 2818 κολόναςί
1486 2751 1799 2820 ιπτομένας
1837 2748 1895 2815 ἐς
1932 2748 2225 2821 Ὄλυμπον
2262 2748 2657 2820 ἐτεφρόσαντο
2696 2772 2789 2806 κε-

591 2822 859 2898 ραυνοίςί
903 2819 978 2873 id.
1004 2825 1100 2874 461
1128 2836 1209 2887 sq.
1246 2817 1398 2885 αῐψα
1420 2822 1455 2873 ὃ
1521 2818 1701 2904 πέτρη
1734 2822 1744 2887 Ι
1774 2814 2296 2890 ἀκροφαληριόωσα
2323 2821 2627 2888 μελαίνετο
2650 2816 2794 2888 μ’άρ·

588 2908 714 2957 τυρι
761 2888 989 2959 καπνῷς
1035 2885 1171 2940 ibid.
1215 2893 1309 2941 471
1347 2905 1429 2956 sq.
1473 2883 1793 2957 ἆελληεσσα
1837 2886 1906 2943 δὲ
1940 2882 2120 2957 πέτρη
2152 2892 2161 2958 Ι
2190 2884 2446 2958 ἡμιδαὴς
2491 2884 2792 2956 σελοὶγιζεν

589 2952 959 3011 ὄιστευθεῖσα
995 2957 1274 3024 κεραυνῷ.
2014 2973 2017 2976 “

595 3038 771 3120 dogne
808 3042 960 3106 cod.,
999 3041 1150 3120 quod
1188 3043 1344 3095 certa
1369 3040 1766 3119 emendatione
1791 3042 2017 3120 sustuli:
2055 3038 2389 3119 transversis
2416 3040 2609 3106 oculis,
2647 3057 2794 3108 quo·

587 3125 738 3162 mam
775 3111 972 3162 contra
1005 3109 1214 3162 intueri
1248 3110 1466 3176 nequit,
1505 3107 1679 3178 Gigas
1716 3109 1859 3163 Solis
1891 3109 2251 3178 splendorem
2288 3111 2469 3163 vitare
2505 3112 2756 3166 conatur.

451 3199 516 3247 22
543 3211 623 3262 sq.
659 3194 783 3248 Uno
818 3197 1013 3249 tenore
1049 3195 1132 3248 ita
1164 3195 1224 3248 in
1260 3194 1384 3251 cod.
1423 3194 1716 3265 leguntur:

757 3295 831 3367 τῷ
870 3287 928 3349 δ’
970 3291 1148 3364 ἔφὴκ’
1184 3287 1422 3350 ἀκτῖνα·
1463 3291 1720 3365 γλαυκᾶς
1757 3290 1817 3349 δ’
1857 3292 2152 3365 ἐκάλυψεν
2188 3291 2428 3360 ὀπωποὶς

755 3364 1072 3432 νήφρονες·
1110 3359 1253 3417 οὔδε
1294 3359 1490 3434 μόθου
1528 3366 1633 3418 etc.

586 3463 787 3529 Qualia
821 3465 938 3520 fere
975 3463 1185 3520 fuerint
1227 3464 1477 3532 adiecta,
1521 3465 1913 3535 suppeditabit
1946 3464 2128 3519 Noun.
2155 3465 2226 3532 ΙΙ,
2252 3470 2369 3532 887,
2407 3465 2504 3519 ubi
2540 3464 2794 3520 scriben-

586 3532 720 3585 dum
756 3535 844 3587 est
877 3534 1080 3588 collato
1119 3551 1170 3588 v.
1207 3539 1335 3588 470:

761 3640 906 3707 Ζευς
941 3639 1172 3714 ἄκρων
1207 3639 1519 3713 οἷμοῖθυνεν
1557 3638 1646 3698 ivl
1680 3644 1963 3712 σπινθῆρι
2000 3643 2357 3711 κεραυνῶν,

596 3768 654 3818 et
686 3763 821 3818 ibid.
872 3770 996 3830 545,
1047 3764 1145 3817 ubi
1192 3763 1552 3818 scribendum
1594 3760 1661 3817 ’ἐν
1711 3760 1861 3831 φάος
1905 3762 2203 3830 αἰτίζουσα
2248 3758 2643 3829 θοαίτατονς
2693 3762 2786 3816 ed.

631 3831 766 3885 rinc.
803 3830 977 3886 habet
1012 3827 1332 3900 θεήτατον,
1381 3832 1533 3899 quod
1580 3845 1693 3883 non
1739 3835 1891 3885 recte
1935 3838 2217 3885 mutatum
2260 3831 2319 3884 in
2367 3830 2678 3901 θεήλατον.
2714 3861 2785 3872 —

581 3849 743 3953 Klius
769 3899 1002 3954 sortasse
1023 3893 1237 3964 ἀκτῖν’,
1274 3898 1311 3954 α’
1331 3896 1500 3960 λαοὶς
1539 3892 1596 3950 δ’
1629 3893 1922 3964 ἐκάλυψεν
1946 3891 2185 3960 ὀπωπάς
2216 3906 2224 3964 Ι
2256 3894 2571 3977 ἄφρονος
2606 3897 2784 3966 scrip·

581 3968 761 4021 sisset.
836 3966 910 4021 Et
951 3967 1102 4021 haud
1139 3970 1253 4021 scio
1311 3984 1382 4020 an
1429 3960 1688 4034 ἄφρονος
1733 3983 1928 4020 versus
1977 3966 2046 4020 de
2090 3966 2260 4020 erditi
2313 3967 2476 4020 initio
2574 3965 2782 4019 ositum

579 4035 767 4090 fuerit.
829 4034 1110 4089 Excidisse
1148 4037 1339 4089 autem
1375 4050 1601 4088 versum
1651 4035 1711 4086 et
1745 4033 1983 4087 obscura
2018 3983 2191 4113 aeque
2230 4036 2494 4102 suspecta
2568 4034 2783 4088 rovitas
2824 4094 2833 4100 ⁸

582 4103 793 4173 arguit,
833 4104 891 4156 et
924 4103 1271 4170 medicinae,
1309 4119 1481 4169 quam
1517 4099 1686 4154 modo
1721 4101 2022 4170 proposui,
2070 4101 2371 4167 nolentia,
2419 4105 2479 4154 et
2512 4100 2783 4167 difficilis,

579 4186 725 4239 quae
760 4173 883 4223 tum
918 4171 1233 4236 exsisteret,
1281 4170 1436 4224 verbi
1474 4163 1769 4233 ἐκάλυψεν
1814 4168 2229 4236 interpretatio,
2302 4167 2464 4233 Quod
2512 4168 2582 4222 de
2618 4170 2784 4222 tene·

578 4238 694 4291 bris
731 4238 1059 4305 nebulisque
1106 4237 1218 4291 dici
1259 4239 1447 4306 potest
1492 4235 1783 4290 oculorum
1830 4236 2009 4289 aciem
2055 4237 2455 4303 obruentibus,
2504 4235 2617 4289 dici
2664 4251 2782 4289 non

621 4306 770 4358 otest
804 4305 874 4358 de
911 4304 1054 4359 Solis
1089 4306 1259 4359 radiis
1296 4304 1508 4359 maiore
1545 4303 1842 4372 splendore
1878 4303 2095 4358 lumina
2130 4304 2380 4357 humana
2418 4303 2784 4370 exstinguen-

610 4371 748 4425 'bus.
794 4370 938 4425 Hinc
963 4374 1112 4426 recte
1137 4390 1226 4427 me
1264 4375 1323 4427 et
1358 4373 1592 4427 lacunae
1616 4370 1779 4439 signa
1803 4370 1989 4425 fixisse
2025 4373 2086 4426 et
2123 4369 2458 4439 ἐκάλυψαν
2494 4365 2740 4432 ὀπωπάς
2774 4375 2781 4438 Ι

579 4433 831 4507 ὂφρύες
868 4440 1149 4508 scripsisse
1196 4441 1462 4494 arbitror:
1511 4438 1712 4506 Gigas,
1759 4438 1875 4492 sole
1918 4439 2391 4508 praesplendente
2439 4441 2784 4492 occaecatus
