3132 5129
412 1051 472 1097 19

402 3677 468 3723 20

1442 373 1900 437 -588-

508 553 650 591 num
695 534 986 609 cryptiam
1031 536 1205 607 putat
1260 536 1594 608 susceptam
1655 550 1814 604 esse;
1873 530 1975 589 sed
2032 530 2234 605 potius
2290 531 2445 589 circa
2488 530 2839 606 vigesimum

509 619 782 693 quintum
833 637 1054 676 annum
1100 618 1160 674 id
1206 618 1429 676 factum
1473 618 1756 676 arbitror.
1830 613 1991 684 Quae
2036 618 2232 673 autem
2264 614 2435 673 Plato
2466 615 2688 690 cryptis
2720 615 2840 673 suis

509 703 550 760 l.
587 722 636 766 c.
669 723 729 777 p.
762 705 883 762 760
913 703 962 760 Ε
1008 709 1068 759 et
1112 704 1226 760 761
1280 702 1541 780 iniungit
1598 702 1818 776 officia,
1866 704 1934 758 ut
1988 703 2208 758 terram
2253 699 2429 758 fossis
2475 703 2535 758 et
2578 699 2840 758 turribus

511 789 813 862 muniant,
882 790 1159 845 nocentes
1225 787 1493 845 homines
1553 787 1885 862 depellant,
1953 785 2244 860 pluviales
2305 803 2486 861 aquas
2542 783 2840 843 canalibus

511 873 709 930 ductis
755 892 789 930 a
837 875 1025 930 terrae
1070 871 1476 931 devastatione
1530 876 1797 946 arceant,
1856 870 2023 929 lucos
2069 869 2325 928 Deorum
2379 872 2561 944 atque
2617 870 2840 944 templa

511 960 722 1016 curent
752 962 813 1015 et
842 960 1149 1031 exornent,
1199 960 1259 1015 et
1306 976 1454 1032 quae
1500 961 1642 1015 sunt
1672 956 1906 1028 similia,
1955 974 2024 1012 ea
2068 956 2267 1012 omnia
2294 974 2330 1012 a
2360 954 2839 1015 Lacedaemoniis

511 1045 660 1116 puto
716 1042 1077 1101 alienissima
1132 1042 1345 1116 fuisse,
1410 1043 1628 1118 quippe
1687 1042 1788 1117 qui
1846 1040 1943 1099 vel
1999 1058 2169 1098 omne
2225 1038 2526 1114 opificium
2584 1040 2838 1115 ingenuo

511 1128 749 1186 homine
795 1127 1107 1202 indignum
1153 1129 1455 1201 putarent.

683 1213 843 1270 Haec
886 1213 1073 1287 igitur
1118 1213 1167 1269 si
1212 1213 1328 1269 suit
1370 1213 1634 1288 cryptiae
1681 1212 1859 1284 ratio,
1907 1213 2157 1284 apparet
2200 1211 2335 1282 iam,
2384 1228 2559 1284 quam
2605 1209 2838 1284 egregie

512 1298 624 1355 hoc
686 1297 1027 1355 institutum
1075 1315 1203 1354 cum
1251 1300 1447 1356 cetera
1491 1295 2093 1360 Lacedaemoniorum
2137 1294 2484 1352 educatione
2531 1298 2835 1368 congruat.

513 1381 666 1440 Nam
715 1382 817 1439 ubi
862 1382 1120 1457 primum
1166 1382 1332 1455 pueri
1377 1381 1650 1455 publicae
1709 1379 2055 1454 disciplinae
2110 1379 2314 1438 traditi
2372 1382 2569 1453 erant,
2627 1378 2761 1437 inde
2804 1398 2839 1436 a

513 1467 766 1541 septimo
800 1485 955 1525 anno
989 1466 1261 1525 omnibus
1292 1467 1522 1525 artibus
1570 1466 2069 1537 instituebantur,
2116 1482 2266 1539 quae
2312 1463 2386 1521 ad
2429 1464 2839 1539 gymnasticen

508 1551 882 1626 pertinentes
927 1569 1140 1624 corpus
1184 1555 1525 1609 exercerent
1571 1556 1751 1628 atque
1795 1552 1869 1609 ad
1912 1549 2071 1607 bella
2114 1548 2375 1624 gerenda
2404 1549 2678 1607 idoneam
2709 1549 2836 1607 red-

512 1637 741 1694 derent.
816 1635 1324 1711 Prospiciebatur,
1373 1639 1443 1693 ut
1473 1638 1645 1710 pueri
1678 1635 2013 1706 doloribu8‚
2061 1633 2377 1707 molestiiS,
2425 1633 2635 1710 frigori
2663 1637 2840 1708 atque

512 1721 708 1777 aestui
767 1719 1133 1793 perferendis
1195 1721 1640 1795 adsuescerent,
1702 1739 1817 1796 quo
1873 1719 2108 1778 facilius
2163 1737 2366 1777 omnes
2423 1719 2564 1777 belli
2609 1718 2838 1776 labores

512 1804 786 1863 subirent
830 1799 936 1881 (cf.
984 1803 1248 1861 Mueller.
1281 1805 1323 1863 l.
1356 1824 1401 1863 c.
1437 1827 1493 1880 p.
1529 1809 1651 1864 302
1699 1803 1846 1882 [297
1879 1804 1971 1863 ed.
2002 1801 2167 1882 alt.]
2185 1806 2306 1863 305
2332 1824 2419 1878 sq.
2454 1799 2603 1881 [299
2628 1822 2713 1878 sq.
2746 1803 2839 1860 ed.

509 1886 665 1965 alt..]
715 1888 1010 1948 Wachsm.
1043 1890 1272 1963 antiqq.
1306 1888 1383 1963 ΙΙ,
1420 1892 1454 1945 2
1486 1910 1544 1964 p.
1575 1893 1655 1949 20
1690 1888 1857 1968 [IIp.
1892 1890 2014 1947 365
2046 1890 2137 1947 ed.
2171 1889 2277 1947 alt.
2281 1885 2359 1966 ]).
2426 1887 2543 1946 Sed
2577 1887 2839 1946 exclude-

509 1973 685 2031 batur
727 1965 1088 2049 ὁπλομαχία,
1136 1975 1194 2033 h.
1228 1992 1281 2031 e.
1327 1993 1396 2031 ea
1438 1976 1810 2049 exercitatio,
1868 1993 1983 2049 qua
2038 1975 2282 2032 iuvenes
2336 1974 2496 2032 inter
2539 1993 2600 2032 se
2645 1972 2838 2031 decer·

509 2062 708 2116 tarent
738 2061 973 2120 armati.
1021 2057 1113 2117 cf.
1140 2058 1294 2116 Plat.
1324 2058 1498 2119 Lach.
1530 2079 1590 2134 p.
1630 2020 1839 2117 1831’3.
1886 2059 2039 2116 Nam
2070 2058 2280 2134 ephebi
2313 2058 2420 2131 illi,
2467 2060 2569 2134 qui
2600 2058 2661 2115 in
2692 2057 2840 2117 duas

508 2147 709 2219 partes
751 2144 927 2202 divisi
974 2144 1046 2201 ad
1093 2144 1332 2202 hortum
1363 2144 1756 2204 Platanistam
1802 2162 2029 2202 summo
2076 2144 2304 2203 fervore
2336 2144 2491 2201 inter
2520 2161 2582 2201 se
2611 2162 2839 2218 pugna-

509 2230 671 2301 bant,
706 2247 817 2302 pro
849 2229 1031 2287 armis
1062 2229 1387 2287 utebantur
1418 2230 1709 2303 manibus,
1757 2229 2024 2305 pedibus,
2073 2228 2367 2286 dentibus.
2397 2227 2530 2286 Vid.
2569 2228 2834 2287 Mueller.

506 2334 567 2389 p.
613 2315 735 2371 312
775 2310 918 2391 [307
945 2314 1041 2372 ed.
1066 2309 1194 2391 alt]
1245 2316 1305 2371 ct
1346 2320 1651 2389 praeterea
1696 2315 1817 2373 Cic.
1851 2314 2086 2372 Tuscul.
2120 2311 2194 2370 V.
2229 2313 2340 2386 27,
2396 2314 2472 2370 77
2505 2317 2567 2371 et
2596 2312 2837 2371 Lucian.

509 2398 832 2457 AnacharS.
867 2400 966 2457 38.
1041 2399 1149 2457 His
1195 2399 1471 2459 omnibus
1518 2398 2041 2459 exercitationibus
2072 2397 2371 2456 cumulum
2406 2396 2636 2455 addidit
2665 2416 2839 2472 cryp-

509 2484 623 2558 tia,
671 2483 732 2541 in
779 2502 894 2558 qua
936 2503 1056 2542 non
1101 2483 1292 2542 solum
1339 2485 1602 2558 corporis
1647 2484 1911 2543 membra
1954 2483 2026 2541 ad
2059 2482 2404 2541 cer-tandum
2437 2482 2836 2556 instituerent,

511 2569 613 2627 sed
659 2568 839 2626 etiam
884 2569 1021 2627 telis
1068 2569 1156 2626 uti
1214 2569 1539 2645 discerent,
1599 2590 1669 2630 ac
1721 2589 1841 2628 non
1898 2569 2191 2627 interdum
2239 2570 2437 2626 aestus
2483 2568 2840 2643 frigorisque

509 2653 813 2712 molestias
874 2654 1237 2727 perferrent,
1295 2654 1399 2712 sed
1453 2675 1559 2730 per
1606 2657 1903 2732 integrum
1949 2672 2169 2712 annum
2216 2653 2489 2710 omnibus
2533 2653 2838 2728 temperiei

509 2738 899 2796 incommodis
943 2739 1216 2813 expositi,
1264 2739 1439 2796 simul
1484 2759 1691 2799 cavere
1736 2740 2049 2812 deberent,
2096 2756 2172 2796 ne
2218 2738 2517 2813 conspecti
2548 2737 2621 2795 ab
2652 2737 2838 2796 homi-

509 2821 687 2880 nibus
743 2822 1416 2897 comprehenderentur3
1477 2825 1734 2900 denique
1789 2843 1908 2882 non
1950 2824 2024 2882 ad
2070 2842 2441 2883 communem
2489 2840 2690 2880 cenam
2735 2841 2838 2896 pa-

505 2906 747 2968 randam
805 2907 1177 2983 surripiendo
1222 2908 1627 2983 contribuere,
1686 2909 1788 2969 sed
1847 2910 1957 2967 soli
2013 2908 2255 2984 propria
2302 2909 2361 2967 vi
2404 2910 2465 2966 et
2509 2907 2835 2966 calliditate

506 2991 643 3050 freti
688 2992 872 3050 vitam
918 2993 1232 3051 venatione
1276 2996 1336 3051 et
1379 2993 1557 3052 furtis
1604 2996 1946 3054 sustentare
1992 2996 2363 3070 cogerentur.
2442 2991 2681 3066 Optime
2728 2992 2839 3067 igi·

506 3079 606 3134 tur
634 3076 729 3134 hic
759 3077 936 3136 ludus
968 3077 1041 3135 ad
1073 3077 1270 3135 omnia
1313 3078 1706 3153 praebarabat
1752 3078 1898 3137 belli
1941 3080 2199 3154 negotia,
2249 3078 2336 3136 ita
2379 3081 2447 3135 ut
2489 3080 2648 3135 recte
2680 3096 2836 3135 com-

507 3164 750 3235 paratus
809 3163 886 3219 sit
930 3182 965 3220 a
1011 3162 1296 3220 Muellero
1342 3183 1399 3237 p.
1434 3165 1557 3222 302
1610 3161 1698 3238 [p.
1734 3165 1853 3222 297
1891 3164 1981 3225 ed.
2021 3160 2154 3241 alt.]
2204 3182 2337 3221 cum
2381 3162 2836 3221 Atheniensium

505 3242 884 3321 περιπόλοις,
930 3247 1030 3321 qui
1077 3247 1136 3304 in
1184 3250 1374 3305 terrae
1421 3247 1641 3306 finibus
1686 3248 2046 3307 militabant.
2119 3247 2373 3307 Videtur
2415 3250 2611 3306 autem
2642 3247 2840 3306 Xeno·

505 3331 662 3405 phon
709 3350 960 3435 quoqueP
991 3331 1101 3390 hoc
1145 3331 1435 3406 indicare,
1486 3335 1591 3408 qui
1636 3353 1759 3408 rep.
1809 3332 1944 3390 Lac.
1976 3331 2080 3406 IV,
2129 3335 2162 3391 7
2210 3332 2296 3389 ita
2338 3331 2632 3405 loquitur:
2700 3334 2840 3402 Τοῖς

503 3434 568 3490 γε
610 3411 732 3490 μὴν
774 3412 886 3491 τὴν
926 3408 1223 3516 ἡβητικὴν
1266 3410 1508 3490 ἡλικίαν
1549 3408 1951 3495 πεπερακόσιν
1998 3446 2069 3458 —-—
2119 3416 2180 3473 οἷ
2215 3411 2325 3490 μὲν
2366 3412 2532 3474 α’λλοι
2554 3412 2842 3492 ’Έλληνες

504 3493 819 3574 ἀφελόντες
863 3491 1068 3558 αύτων
1113 3498 1177 3558 τὸ
1206 3497 1410 3574 ἰσχύος
1441 3498 1523 3559 ἔτι
1557 3499 1970 3576 ἐπιμελεῖσθαι
2001 3495 2486 3578 στρατεύεσθαι“
2453 3520 2608 3576 ομως
2638 3495 2840 3571 αὐτοῖς

506 3580 941 3656 ἐπιτάττουσιν,
1008 3579 1041 3642 ὁ
1096 3581 1162 3643 δὲ
1219 3588 1575 3663 Λυκοῦργος
1634 3591 1752 3656 τοῖς
1806 3582 2168 3663 τηλικούτοις
2224 3582 2548 3660 νόμιμον
2602 3581 2836 3662 ἐποίησε

504 3664 817 3727 κάλλιστον
860 3662 1012 3727 εἶναι
1054 3668 1119 3726 τὸ
1151 3675 1385 3746 θηρᾶν,
1431 3671 1486 3730 εἰ
1523 3667 1605 3748 μή
1646 3695 1701 3730 τι
1741 3665 2023 3746 δημόσιον
2067 3667 2317 3738 κωλύοι,
2357 3691 2517 3740 οπως
2549 3664 2836 3730 δύναιντο

503 3774 604 3810 και
639 3745 802 3812 οὗτοι
830 3748 1021 3830 μηδὲν
1048 3745 1228 3831 ἧττον
1271 3755 1386 3813 τῶν
1423 3751 1721 3834 ἡβώντων
1752 3773 2206 3831 στρατιωτικους
2236 3752 2459 3825 πόνους
2487 3749 2834 3830 ὑποφέρειν.

503 3838 754 3898 Iuvenes
812 3845 1011 3898 autem
1070 3841 1143 3899 ad
1200 3843 1495 3918 cryptiam
1554 3862 1824 3919 egressos
1869 3843 1985 3901 iam
2033 3844 2192 3901 inter
2236 3843 2393 3901 cives
2437 3842 2511 3900 ad
2557 3843 2835 3900 militiam

504 3928 674 3998 aptos
704 3929 1044 3983 numeratos
1079 3926 1286 4001 fuisse,
1336 3927 1473 3986 inde
1519 3929 1766 4005 colligo,
1814 3929 1974 4004 quod
2019 3929 2128 3988 hoc
2158 3930 2435 4003 urgetur,
2484 3927 2609 3986 sine
2640 3927 2828 3985 famu-

504 4009 698 4067 lorum
745 4011 985 4069 servitio
1031 4010 1180 4069 illud
1227 4015 1458 4087 tempus
1501 4014 1945 4088 perdurandum
1989 4032 2133 4072 esse.
2223 4012 2451 4070 Famuli
2506 4012 2664 4070 enim
2722 4012 2835 4087 illi,

505 4094 607 4168 qui
651 4092 1014 4171 θεράποντες
1061 4095 1431 4172 dicebantur,
1480 4099 1706 4173 proprii
1749 4102 1920 4158 erant
1964 4098 2273 4157 militibus.

674 4179 832 4239 Haec
877 4182 925 4239 si
974 4199 1110 4239 vere
1157 4184 1296 4238 sunt
1338 4201 1372 4239 a
1415 4202 1509 4240 me
1554 4183 1877 4257 disputata,
1925 4183 2064 4242 satis
2108 4182 2439 4257 probabilis
2483 4185 2574 4239 cst
2605 4182 2835 4240 Aristo·

504 4263 636 4321 telis
683 4266 995 4340 sententia,
1045 4265 1118 4322 dc
1150 4285 1268 4339 qua
1297 4266 1595 4325 Plutarch.
1631 4268 1891 4344 Lycurg.
1927 4269 2006 4326 28
2039 4267 2293 4342 dubitat,
2340 4267 2491 4325 hanc
2536 4268 2832 4341 cryptiam

504 4366 538 4403 a
583 4347 857 4423 Lycurgo
903 4350 1031 4424 ipso
1077 4368 1201 4408 esse
1245 4351 1664 4412 introductam.
1753 4354 1888 4412 Non
1934 4353 2090 4411 enim
2136 4352 2370 4411 inutilis
2415 4355 2542 4409 erat
2584 4350 2687 4409 illa
2732 4352 2833 4410 ad·

506 4449 707 4490 versus
739 4432 988 4492 Helotas
1034 4434 1279 4508 iniuria,
1326 4436 1428 4494 sed
1472 4437 1643 4510 quasi
1674 4439 1860 4497 totius
1891 4438 2253 4496 educationis
2287 4437 2497 4495 ultima
2525 4437 2832 4512 perfectiO.
