3132 5129
396 2705 460 2753 27

1428 415 1892 479 ..490-

493 578 832 653 corruptela
873 572 1145 652 πηδῶσιν
1189 594 1322 634 cum
1365 573 1662 634 Ahrensio
1707 592 1816 648 pro
1863 573 2220 649 glossemate
2267 568 2628 647 πλήθουσιν,
2673 572 2834 647 quod

494 667 745 759 ceteros·
778 662 965 721 libros
1022 660 1273 736 invasit3
1332 678 1389 721 v.
1438 659 1518 732 52
1577 646 1659 735 χῶ
1715 650 2000 736 Πρωτεῦς
2057 676 2167 733 pro
2230 650 2313 728 ὦς
2360 653 2646 734 Πρωτεὺς
2699 675 2837 716 cum

495 748 836 892 Ahrmffiitiis
881 834 1152 907 superest
1195 831 1391 906 locus,
1450 847 1627 905 quem
1672 848 1743 890 ex
1788 848 1918 888 mea
1963 828 2301 888 coniectura
2343 827 2602 905 mutavi,
2648 848 2706 887 v.
2753 828 2832 885 74

498 919 679 994 vulgo
725 918 810 977 sic
852 918 1066 976 lectus:

750 1030 822 1093 οὐ
866 1028 991 1111 μὰν
1033 1027 1174 1093 οὐδὲ
1217 1030 1408 1112 λόγων
1453 1028 1709 1112 expiem
1750 1028 1872 1091 ἄπο
1915 1030 2019 1090 τὸν
2059 1020 2275 1110 πικρὸν
2318 1020 2512 1113 αὐτᾷ,

498 1155 600 1214 ubi
647 1154 1028 1230 perineptum
1075 1173 1204 1213 esse
1246 1152 1395 1212 illud
1439 1144 1616 1230 λόγον
1671 1141 1775 1210 τὸν
1831 1148 2052 1229 πικρόν
2094 1171 2268 1211 nemo
2312 1170 2435 1211 non
2479 1151 2663 1220 videt,
2710 1152 2835 1210 sive

503 1240 739 1316 singula
792 1240 976 1298 verba
1030 1240 1262 1313 spectat
1316 1238 1443 1297 sive
1498 1240 1688 1296 totam
1732 1239 2110 1297 sententiam.
2197 1237 2278 1295 Et
2323 1236 2491 1295 miris
2534 1236 2834 1311 variisque

506 1325 698 1384 modis
741 1325 1216 1400 interpretantur
1261 1322 1628 1395 scholiastae,
1674 1341 1928 1397 quorum
1962 1321 2066 1382 alii
2110 1314 2365 1396 ἕκρίθην
2406 1317 2690 1377 ἄτοπον
2731 1321 2832 1378 alii

503 1407 585 1467 τὸ
629 1402 843 1485 πικρόν
899 1409 1196 1484 legerunt.
1287 1404 1695 1466 conferendus
1755 1406 1826 1465 de
1882 1406 1975 1468 his
2021 1406 2371 1482 Hartungus
2414 1425 2473 1480 p.
2518 1405 2672 1477 412,
2731 1406 2835 1505 qui

501 1515 572 1554 ex
628 1513 746 1553 una
798 1494 1049 1554 istorum
1115 1493 1608 1568 interpretatione
1673 1482 1815 1550 οὐδὲ
1871 1487 2047 1571 λόγον
2099 1486 2253 1570 αὐτῇ
2304 1484 2647 1567 ἀπεκρίθην
2700 1483 2836 1547 ουδὲ

505 1567 580 1636 τὸ
625 1571 852 1653 τυχόν
896 1580 1066 1636 acute
1109 1573 1479 1653 μικκύλον
1520 1575 1759 1653 scripsit
1799 1596 1909 1652 pro
1953 1569 2057 1635 τὸν
2099 1570 2347 1651 πικρόν,
2405 1574 2566 1650 quod
2609 1573 2836 1634 scilicet

505 1684 575 1722 ex
620 1663 782 1722 illius
811 1663 1170 1738 glossemate
1197 1650 1419 1739 μικρόν
1448 1664 1792 1737 corruptum
1825 1662 1921 1725 sit.
1995 1661 2110 1722 Sed
2142 1664 2412 1719 remanet
2440 1659 2593 1717 illud
2625 1655 2835 1736 λόγων,

505 1748 664 1823 quod
707 1747 848 1806 ferri
890 1747 1120 1822 nequit.
1207 1746 1415 1822 Itaque
1476 1744 1688 1805 melius
1745 1746 1925 1805 etiam
1970 1745 2299 1805 Meinekius
2355 1735 2489 1802 οὐδ’
2546 1736 2835 1821 ἀλέγων

504 1828 763 1906 ἕκρίθην
804 1823 923 1889 ἄπο
967 1827 1405 1907 τοῖμπικρον
1446 1821 1602 1911 αὐτᾷ
1645 1832 1918 1891 coniecit.
1992 1831 2076 1890 Et
2117 1830 2418 1905 posterius
2461 1829 2700 1905 quidem
2745 1848 2836 1887 re·

504 1917 656 1992 cepi,
705 1914 864 1991 quod
894 1918 1055 1975 recte
1099 1916 1250 1975 alius
1295 1914 1619 1975 scholiasta
1658 1915 1941 1991 explicuit
1983 1911 2156 1991 ὅπερ,
2201 1903 2271 1989 τὸ,
2306 1906 2388 1990 μὴ
2427 1907 2843 1991 ἀποκριθῆναί

502 2022 608 2076 με,
671 1997 890 2077 πικρὸν
951 1989 1033 2075 ἦν
1095 1991 1279 2080 αὖτῇ;
1348 2019 1465 2075 qua
1522 1999 1773 2075 probata
1835 2000 2323 2078 interpretatione
2387 1999 2561 2058 initio
2613 1991 2840 2056 οὐδὲν

496 2081 684 2163 ἐγών
727 2085 1165 2161 simplicissime
1209 2082 1638 2145 emendandum
1684 2084 1818 2143 fui-t.

665 2273 796 2334 Hoc
839 2272 1112 2350 idyllium
1160 2275 1229 2331 ut
1283 2289 1439 2331 nono
1494 2271 1702 2332 multis
1757 2273 2019 2331 numeris
2075 2273 2377 2347 praestare
2432 2272 2600 2346 patet
2643 2289 2834 2346 popu-

496 2359 634 2418 laris
693 2362 897 2417 tamen
950 2357 1277 2417 cantilenae
1347 2357 1522 2416 rebus
1578 2357 1898 2433 formisque
1956 2357 2178 2433 partim
2233 2357 2483 2415 retentis
2535 2387 2619 2396 —
2672 2357 2833 2430 quod

498 2443 737 2519 quidem
782 2442 1117 2502 accuratius
1162 2442 1432 2517 persequi
1478 2460 1600 2501 non
1645 2445 1737 2501 est
1780 2440 1953 2501 huius
1999 2443 2112 2501 loci
2162 2475 2264 2517 —,
2311 2441 2399 2499 ita
2444 2440 2828 2499 Theocritum

495 2529 558 2588 in
614 2528 719 2587 illa
775 2527 847 2587 de
890 2526 1220 2604 Daphnidis
1265 2525 1569 2587 amoribus
1620 2525 1880 2602 fatisque
1923 2526 2126 2585 fabula
2168 2525 2484 2586 tractanda
2527 2524 2832 2585 liberrime

496 2614 737 2690 ingenio
794 2632 902 2673 suo
960 2615 1137 2688 atque
1192 2615 1321 2671 arte
1377 2631 1548 2670 usum
1603 2610 1871 2671 videmus
1933 2613 1994 2670 in
2039 2611 2250 2688 idyllio
2299 2612 2567 2687 primo·
2659 2611 2833 2681 Quod

498 2717 628 2757 cum
674 2698 832 2756 inter
873 2694 1384 2772 praestantissima
1426 2697 1507 2756 sit
1547 2700 1757 2771 poetae
1803 2697 2092 2772 carmina,
2138 2714 2224 2756 eo·
2255 2696 2446 2772 magis
2490 2694 2833 2765 dolendum,

497 2781 657 2857 quod
718 2782 924 2841 multis
973 2781 1164 2841 modis
1219 2785 1569 2855 corruptum
1624 2781 1856 2858 largam
1912 2782 2250 2857 iustamque
2293 2781 2514 2839 criticis
2556 2781 2837 2856 praebuit

499 2866 813 2925 dubitandi
860 2867 1205 2938 materiam,
1265 2885 1441 2941 quam
1486 2865 1723 2940 penitus
1768 2868 2039 2927 excutere
2083 2885 2193 2926 nec
2236 2870 2471 2941 tempus
2513 2884 2623 2925 nec
2668 2865 2836 2925 locus

498 2953 590 3010 est
632 2951 695 3008 in
740 2950 1002 3026 strophis
1045 2949 1426 3009 restituendis
1471 2952 1776 3026 occupato.
1865 2952 1948 3009 Et
1998 2951 2261 3027 strophis
2308 2950 2549 3026 quidem
2596 2968 2833 3028 compo·

500 3035 681 3093 situm
728 3054 853 3094 esse
899 3035 1177 3094 threnum
1221 3036 1285 3096 in
1329 3034 1705 3110 Daphnidem
1750 3054 1807 3094 v.
1856 3037 2147 3095 64—142
2193 3055 2475 3096 versuum
2518 3037 2832 3096 intercala-

500 3121 655 3178 rium
700 3120 920 3179 indicio
964 3120 1261 3179 neminem
1318 3120 1502 3179 latere
1546 3120 1773 3196 potuit;
1797 3195 1808 3205 ⁶
1832 3122 2111 3197 strophae
2154 3140 2295 3181 vero
2339 3121 2480 3180 illae
2523 3139 2656 3179 cum
2700 3121 2832 3195 plu-

500 3204 665 3263 ribus
720 3205 864 3264 locis
917 3225 1128 3281 parum
1182 3205 1296 3265 sibi
1352 3204 1808 3281 responderent,
1867 3205 2020 3266 hanc
2075 3205 2531 3281 discrepantiam
2588 3205 2834 3280 plurimi

500 3289 741 3365 quidem
797 3289 1052 3349 editores
1108 3290 1252 3349 satis
1308 3308 1510 3350 secure
1568 3290 2003 3364 toleraverunt,
2062 3290 2481 3350 Ahrensius
2525 3308 2696 3361 vero,
2742 3291 2835 3349 uti

501 3375 616 3433 iam
650 3393 831 3449 supra
859 3395 919 3450 p.
944 3375 1068 3432 472
1101 3374 1381 3448 indicavi,
1428 3374 1858 3435 violentissime
1890 3374 2135 3435 sustulit
2164 3376 2432 3436 versibus
2474 3393 2598 3434 non
2641 3373 2835 3433 solum

505 3459 957 3518 intercalaribus
1014 3462 1298 3535 quattuor
1339 3461 1471 3532 (79.
1523 3461 1661 3519 108.
1715 3462 1852 3519 111.
1904 3455 2052 3541 119)
2109 3459 2213 3520 sed
2271 3460 2404 3518 aliis
2460 3460 2674 3534 etiam,
2731 3461 2833 3535 qui

504 3547 567 3603 et
611 3544 906 3603 sanissimi
951 3547 1149 3604 essent
1191 3549 1252 3604 et
1293 3544 1548 3603 maxime
1578 3544 1907 3620 necessarii,
1952 3563 2073 3605 non
2116 3545 2314 3604 minus
2358 3547 2584 3619 septem
2632 3539 2741 3622 (⁴77
2774 3549 2837 3604 et

507 3630 605 3687 78.
653 3630 755 3688 86.
804 3630 882 3687 92
929 3634 991 3687 et
1035 3631 1134 3689 93.
1188 3631 1326 3688 106.
1379 3625 1527 3706 110)
1582 3629 1819 3701 deletis,
1879 3634 1946 3687 ut
2000 3630 2096 3689 hic
2140 3629 2380 3705 quidem
2439 3630 2633 3688 virum
2675 3628 2834 3687 iusto

502 3713 788 3774 acriorem
835 3714 1108 3791 chirurgo
1155 3714 1487 3789 comparari
1529 3716 1748 3790 possiS,
1806 3715 1908 3789 qui
1960 3715 2146 3772 nimio
2202 3713 2438 3774 secandi
2483 3713 2690 3772 ardore
2735 3714 2853 3772 ab·-

504 3801 708 3874 reptus
741 3798 834 3857 vel
866 3799 1117 3876 integris
1147 3797 1430 3857 membris
1461 3799 1771 3858 cultellum
1803 3799 2114 3859 admovere
2144 3817 2265 3857 non
2296 3797 2553 3859 dubitat.
2619 3796 2834 3873 Itaque

504 3884 678 3943 huius
722 3884 962 3959 quidem
1020 3884 1313 3942 rationem
1368 3901 1444 3942 ne
1490 3883 1573 3943 sic
1617 3883 1854 3958 quidem
1903 3903 2011 3959 per
2054 3902 2115 3943 se
2160 3883 2527 3958 probandam
2571 3882 2831 3959 singula·

502 3969 611 4028 tim
669 3987 973 4029 recensere
1031 3968 1398 4045 supersedeo.
1485 3968 1682 4027 Multo
1727 3971 1790 4027 et
1833 3968 2155 4028 modestius
2199 3971 2261 4027 et
2302 3968 2531 4027 acutius
2576 3987 2700 4027 rem
2745 3967 2833 4027 in-

503 4053 702 4113 stituit
745 4053 1118 4129 Hauptius
1162 4053 1225 4112 in
1269 4053 1473 4120 Museo
1519 4053 1804 4113 Rhenano
1852 4049 2033 4131 [Nov.
2084 4053 2212 4113 Ser.
2260 4052 2398 4111 Vol.
2441 4049 2558 4130 IV]
2608 4048 2832 4131 (1846)

504 4158 565 4213 p.
598 4139 956 4211 260-269,
1001 4138 1103 4213 qui
1145 4156 1423 4197 versuum
1469 4138 1910 4197 intercalarium
1955 4137 2186 4196 duobus
2232 4138 2309 4196 79
2356 4143 2417 4197 et
2465 4139 2583 4197 108
2628 4136 2833 4196 eiectis

505 4226 566 4281 et
607 4241 727 4281 uno
772 4223 852 4281 89
898 4225 1036 4297 post
1078 4242 1134 4281 v.
1183 4225 1259 4281 91
1310 4224 1627 4301 translato,
1672 4223 1961 4298 exemptis
2004 4223 2184 4282 etiam
2228 4242 2259 4281 e
2305 4225 2635 4282 ceterorum
2680 4222 2831 4281 serie

503 4328 560 4367 v.
598 4309 715 4368 107
764 4303 967 4386 (quem
1013 4305 1249 4382 quidem
1297 4310 1501 4384 aperta
1543 4326 1719 4368 causa
1761 4326 1830 4365 ex
1861 4307 1936 4381 V,
1969 4308 2050 4367 46
2095 4307 2460 4383 adscriptum
2503 4307 2832 4366 rectissime

503 4393 620 4450 iam
664 4393 765 4450 alii
810 4386 1209 4473 sustulerunt)
1258 4395 1375 4454 109
1421 4396 1482 4453 et
1529 4394 1669 4465 110,
1725 4396 1853 4468 tum
1905 4393 2284 4467 transpositis
2328 4413 2384 4452 v.
2436 4394 2558 4451 120
2602 4395 2665 4450 et
2710 4392 2826 4450 121

502 4479 640 4554 post
691 4478 830 4553 130,
894 4477 996 4536 ubi
1062 4496 1201 4537 sane
1265 4497 1372 4555 per
1436 4496 1499 4539 se
1566 4478 1789 4552 optime
1849 4477 2173 4553 quadrant,
2243 4478 2398 4538 hunc
2453 4476 2831 4552 stropharum
