3132 5129
1333 358 1752 421 -13-

356 536 501 576 care
549 515 770 589 voluit,
820 536 1003 591 prave
1032 515 1183 574 illud
1226 535 1297 575 eo
1330 535 1507 575 sensu
1554 516 1783 591 posuit,
1830 534 2006 591 quem
2050 516 2267 575 habere
2310 534 2430 576 non
2476 521 2709 592 potest:

358 622 529 661 cum
575 601 1098 659 multitudine.

543 687 700 745 Tum
757 687 874 745 duo
928 687 1035 744 illa
1091 686 1331 755 similia,
1392 707 1449 746 v.
1502 687 1834 745 144—146
1890 689 1951 744 et
2014 689 2373 759 147—149,
2430 689 2713 763 quoniam

362 773 569 831 eidem
613 773 702 829 rei
746 771 1138 829 illustrandae
1184 771 1606 843 adhibeantur,
1654 790 1774 830 non
1820 772 2085 830 eiusdem
2119 792 2328 831 manus
2373 773 2564 830 videri
2611 773 2712 830 ob-

356 864 688 916 servarunt
740 857 856 914 iam
915 856 1290 914 Hermannus
1346 860 1406 914 et
1460 856 1782 930 HauptiuS.
1870 857 2232 932 Obloquitur
2281 857 2706 932 Naegelsbach.

362 962 435 1017 p.
476 945 594 999 156
628 960 750 1015 sq.:
802 941 973 1008 „Das
1018 946 1162 999 erste
1193 942 1386 1015 besayt
1416 943 1512 999 ein
1544 942 2010 1002 tumulturisches
2053 943 2712 1001 Durcheinander-

360 1045 572 1101 moyen
615 1028 719 1084 der
765 1024 1238 1100 Versammluny,
1282 1028 1479 1085 indem
1520 1028 1604 1084 sie
1633 1029 1819 1085 ciuem
1848 1046 1963 1087 von
1991 1030 2130 1086 ἔνιοι·
2159 1032 2714 1102 entyeyenyesetzten

376 1112 645 1171 Winden
691 1112 1065 1186 aufyereyten
1110 1111 1305 1169 Meere
1351 1111 1592 1185 yleicht;
1649 1112 1757 1171 das
1811 1115 2004 1172 κινεῖτε
2047 1115 2278 1186 κινηθῇ
2286 1132 2384 1168 ναι
2437 1114 2580 1171 malt
2623 1114 2715 1170 dic

368 1197 713 1271 Bcweyimy
742 1197 844 1253 der
886 1195 1326 1269 Versammlaemy
1355 1196 1505 1254 nach
1542 1198 1661 1254 ein
1679 1214 1753 1254 er
1781 1198 2094 1273 Richtumy,
2139 1198 2288 1255 nach
2319 1198 2432 1255 den
2461 1197 2714 1268 Schiffen

359 1283 509 1347 hin,
554 1282 752 1339 ividem
797 1281 898 1339 der
940 1281 1180 1339 Dichter
1234 1283 1360 1339 eine
1404 1281 1604 1339 Messe
1656 1300 1772 1339 von
1813 1283 2131 1341 Menschen
2173 1282 2468 1350 schildert,
2512 1283 2713 1340 welche

364 1368 481 1424 wie
527 1364 800 1433 Acmen,
844 1367 986 1423 uber
1028 1360 1232 1424 welch-e'
1273 1367 1374 1423 der
1424 1364 1606 1424 Wmd
1648 1366 1755 1423 lein
1800 1369 1976 1435 meist,
2025 1367 2177 1425 recht
2210 1367 2506 1441 eiyentlich
2539 1385 2712 1439 prae-

367 1453 572 1523 cipites
627 1455 863 1509 ciuem
905 1451 1060 1508 Ziele
1114 1451 1399 1509 zueilen.“
1473 1450 1554 1508 Et
1611 1451 1889 1510 similiter
1943 1452 2067 1509 fere
2122 1452 2240 1508 iam
2294 1451 2710 1510 Alexandrini:

370 1530 416 1610 ἡ
461 1532 667 1608 πρώτη
714 1530 1074 1614 (παραβολὴ)
1137 1530 1239 1591 τὸν
1294 1528 1579 1611 τάραχον,
1636 1529 1675 1610 ἡ
1730 1530 1796 1593 δὲ
1852 1532 2095 1612 δευτέρα
2153 1533 2263 1611 τὴν
2317 1529 2713 1610 ὁμοθυμαδὸν

369 1615 568 1696 ὁρμὴν
633 1618 1009 1695 παρίστησιν.
1086 1618 1310 1678 Tamen
1373 1619 1482 1678 hae
1549 1621 1818 1695 argutiae
1883 1622 2028 1696 ipsis
2092 1621 2290 1679 verbis
2354 1621 2710 1682 refutantur.

370 1706 533 1763 Nam
582 1710 1026 1780 praeterquam,
1083 1706 1241 1779 quod
1289 1706 1466 1763 etiam
1511 1704 1698 1762 altera
1752 1706 2038 1781 parabola
2090 1723 2211 1764 non
2263 1709 2463 1780 potest
2517 1707 2711 1781 ipsum

372 1791 451 1848 ad
500 1809 682 1849 naves
731 1809 967 1849 cursum
1011 1789 1343 1861 illustrare,
1403 1790 1684 1864 quoniam
1727 1792 1943 1850 aristae
1998 1810 2105 1867 per
2148 1795 2397 1849 ventum
2441 1809 2560 1849 non
2607 1810 2712 1850 suo

371 1876 505 1933 loco
551 1875 972 1947 demoventur,
1022 1875 1124 1932 sed
1168 1893 1236 1932 eo
1267 1834 1608 1933 alternatim
1652 1875 1831 1934 flante
1875 1877 2050 1934 modo
2095 1875 2509 1951 deprimuntur
2536 1876 2712 1934 modo

373 1962 659 2036 surgunt,
723 1959 828 2018 illa
882 1960 1024 2058 fuga
1082 1960 1470 2035 sequentibus
1531 1959 1770 2017 demum
1825 1964 1964 2036 post
2019 1961 2329 2036 parabolas
2385 1961 2568 2018 illatis
2621 1961 2710 2018 in-

370 2047 610 2102 nuitur:
658 2041 746 2101 τοι
774 2038 835 2102 δ’
883 2035 1153 2124 ἀλαλητῷ
1194 2042 1202 2122 Ι
1241 2051 1391 2119 νῆας
1439 2036 1532 2100 ἔπ’
1586 2039 1917 2105 ἐσσεύοντο.
1979 2046 2060 2103 Et
2104 2045 2351 2103 eandem
2381 2049 2579 2104 motus
2610 2064 2712 2103 no-

373 2131 599 2187 tionem
668 2133 928 2204 utraque
992 2129 1278 2203 parabola
1342 2129 1586 2204 depingi
1652 2130 1809 2187 idem
1876 2130 2119 2188 verbum
2176 2150 2231 2188 v.
2296 2132 2413 2187 144
2470 2133 2530 2187 et
2592 2132 2709 2188 149

376 2212 606 2288 κινήθη
657 2214 1055 2285 demonstrat,
1116 2214 1275 2288 quod
1320 2214 1416 2272 vel
1458 2213 1888 2290 Naegelsbach.
1954 2236 2013 2291 p.
2062 2217 2180 2272 157
2240 2214 2562 2286 intellexit,
2620 2214 2713 2273 his

378 2299 577 2357 verbis
628 2300 746 2357 sibi
791 2300 919 2374 ipse
965 2298 1260 2357 officiens:
1328 2292 1663 2366 „Vielmehr
1705 2302 1934 2359 werden
1978 2296 2072 2358 die
2116 2301 2317 2358 beiden
2362 2297 2714 2358 Gleichnisse

375 2384 1257 2459 zusammenyeschlossen
1296 2384 1478 2442 durch
1522 2384 1988 2458 Epanaphora.“

549 2469 621 2527 In
687 2469 1073 2544 sequentibus
1135 2487 1314 2543 quam
1380 2468 1780 2542 incommode,
1849 2471 1900 2528 si
1965 2470 2205 2544 quidem
2272 2468 2407 2526 libri
2474 2468 2709 2526 initium

377 2558 747 2630 spectamus,
806 2553 948 2613 Iove
1002 2553 1347 2628 quiescente
1389 2554 1514 2612 sola
1565 2552 1719 2612 Iuno
1777 2575 1883 2630 per
1942 2555 2272 2613 Minervam
2330 2554 2709 2625 interveniat,

374 2642 494 2697 iarn
553 2639 832 2699 diximuS.
932 2633 1291 2716 ’Τπέρμορον
1353 2639 1502 2697 illud
1572 2657 1640 2697 eo
1699 2640 2214 2699 inconvenientius
2267 2643 2374 2714 est,
2441 2640 2491 2697 si
2547 2639 2708 2715 Aga-

376 2743 657 2783 memnon
715 2742 835 2783 non
888 2726 1079 2796 serie,
1151 2725 1253 2782 sed
1310 2724 1585 2783 simulate
1656 2725 1861 2801 fugam
1916 2726 2124 2784 suasit.
2213 2724 2365 2781 Tum
2420 2723 2601 2795 Iu'n0,
2661 2725 2711 2782 si

377 2810 583 2867 eadem
628 2813 750 2882 est,
799 2827 952 2884 quae
999 2808 1151 2867 libro
1198 2809 1391 2883 primo
1437 2809 1770 2868 Minervam
1826 2809 2053 2869 dimisit
2095 2830 2153 2869 v.
2206 2811 2324 2868 196
2369 2812 2431 2866 et
2475 2810 2596 2868 209

766 2907 947 2986 ἄμφω
993 2904 1155 2986 ὁμῶς
1198 2912 1379 2991 θυμῷ
1423 2904 1711 2985 φιλέουσά
1757 2931 1816 2969 τε
1859 2907 2157 2988 κηδομένη
2202 2931 2292 2985 τε,

377 3015 559 3072 etiam
604 3014 663 3072 h.
710 3012 747 3069 l.
794 3031 915 3071 non
961 3014 1151 3071 solum
1198 3012 1622 3085 Troianorum,
1682 3013 1784 3072 sed
1828 3014 2006 3072 etiam
2052 3013 2301 3071 Achillis
2358 3013 2549 3070 facere
2608 3012 2704 3069 de·
2753 3022 2811 3068 14

378 3098 560 3157 bebat
601 3097 983 3156 mentionem.
1055 3098 1273 3155 Mirum
1317 3097 1497 3155 etiam
1545 3101 1637 3156 est
1680 3099 1743 3155 in
1786 3099 1877 3157 his
1933 3098 2464 3173 Naegelsbachium
2511 3098 2710 3172 negle-

376 3186 530 3242 xisse
578 3182 911 3242 Aristarchi
977 3182 1290 3254 iudicium,
1349 3182 1451 3256 qui
1496 3183 1823 3242 rectissime
1882 3183 2319 3241 v.160—162
2379 3186 2441 3240 et
2486 3202 2539 3239 v.
2591 3184 2708 3239 164

386 3269 639 3326 athetesi
707 3266 986 3326 subiecit:
1054 3269 1240 3339 „.160
1294 3258 1411 3322 ἀπὸ
1468 3263 1680 3323 τούτου
1738 3263 1845 3337 ἕως
1903 3274 2007 3325 τοῦ
2064 3263 2131 3325 ἐν
2190 3264 2368 3346 Τροίη
2422 3259 2710 3323 ἀπόλοντο

380 3348 740 3410 ἀθετοῦνται
793 3350 979 3426 στίχοι
1029 3354 1202 3427 τρεῖς,
1253 3348 1351 3407 καὶ
1403 3345 1735 3454 ἀστερίσκοι
1781 3345 2184 3429 παράκεινται,
2236 3371 2325 3409 οτι
2359 3345 2712 3426 οἰκειότερον

382 3433 447 3494 ἔν
490 3445 572 3517 τῷ
618 3443 724 3512 τῆς
766 3429 1034 3510 Ἀθηνᾶς
1078 3430 1227 3515 λόγῳ
1273 3431 1408 3510 ἑξῆς
1454 3434 1565 3493 εἰσὶ
1615 3433 1952 3512 τεταγμένοι
1992 3432 2201 3518 (176),
2253 3435 2362 3494 νῦν
2407 3430 2474 3492 δὲ
2517 3434 2709 3493 κοινό-

384 3541 552 3600 τερον
596 3519 880 3626 λέγονται.
957 3521 1032 3579 A.
1080 3525 1140 3579 et
1175 3523 1312 3579 164.
1360 3514 1663 3579 ἀθετεῐται
1696 3518 1759 3577 δὲ
1802 3518 1905 3579 και
1950 3515 2291 3597 αστερίσκος
2338 3517 2707 3597 παράκειται,

375 3602 467 3663 ὅτι
514 3603 614 3665 καὶ
662 3596 837 3675 οὗτος
882 3601 1030 3681 πρὸς
1079 3599 1352 3703 Ἀθηνας
1399 3603 1629 3676 οἰκείως
1683 3600 1832 3681 πρὸς
1884 3600 2166 3664 Ὀδυσσέα
2226 3602 2450 3682 λέγεται
2505 3600 2707 3705 (180),

377 3713 476 3749 και
521 3690 750 3762 ψεῦδος
795 3685 1048 3766 περιέχει
1092 3689 1235 3747 νῦν·
1284 3710 1355 3747 ου
1386 3686 1498 3766 γὰρ
1527 3685 1565 3765 ἡ
1609 3685 1845 3765 Ἀθηνᾶ
1887 3690 2239 3769 παρίσταται
2285 3687 2528 3768 ἑκάστῳ,
2574 3682 2701 3746 ἀλλ’

379 3770 410 3831 ὁ
450 3771 796 3845 Ὀδυσσεύς.
846 3773 1092 3833 ALV.u
1169 3772 1390 3833 Contra
1434 3795 1487 3836 v.
1526 3778 1642 3834 168
1680 3796 2036 3852 quamquam
2068 3778 2130 3835 in
2164 3776 2392 3834 Veneto
2424 3775 2708 3833 omissum

383 3880 513 3920 cnm
558 3861 832 3919 Bekkero
879 3860 1247 3918 retinuerim.
1328 3859 1663 3919 Zenodotus
1727 3882 1796 3921 ex
1854 3881 2018 3921 more
2072 3862 2350 3919 audacius
2405 3862 2708 3936 grassatus

389 3952 513 4004 erat
557 3967 611 4006 v
667 3947 867 4004 156-
877 3946 995 4004 169
1040 3946 1128 4002 ita
1171 3944 1604 4004 contrahendo:

728 4046 781 4105 εἰ
818 4043 899 4122 μὴ
940 4041 1257 4121 Ἀθηναίη.
1283 4039 1562 4116 λαοσσόος
1608 4037 1757 4123 ἦλθ’
1801 4041 1911 4104 απ’
1955 4041 2277 4123 Ολύμπου.

729 4121 903 4208 εὗρεν
947 4125 1126 4189 ἔπειτ’
1169 4125 1434 4206 Ὀδυσῆα
1479 4136 1593 4194 etc.

377 4252 545 4310 Idem
592 4271 725 4309 cum
778 4251 1037 4309 refertur
1077 4270 1135 4309 v.
1188 4252 1304 4309 161
1352 4244 1425 4306 θ’
1475 4254 1613 4309 ante
1648 4245 1896 4326 Ἑλένην
1939 4252 2272 4324 addidisse,
2317 4255 2486 4326 patet
2531 4252 2591 4309 id
2638 4252 2709 4309 de

376 4358 435 4396 v.
490 4339 610 4396 177
657 4338 881 4408 valere,
927 4336 1086 4410 quod
1134 4335 1432 4410 Spitzneri
1478 4337 1672 4410 gratia
1713 4355 1942 4396 mone0.

550 4421 860 4494 Quomodo
907 4422 1001 4479 vel
1044 4421 1309 4479 minimis
1353 4420 1661 4492 insistant,
1721 4424 1787 4479 ut
1830 4421 2105 4482 vitiosam
2149 4422 2287 4481 libri
2331 4423 2708 4498 compositio-
