3132 5129
1308 416 1370 426 -
1466 378 1759 474 475,-

457 534 681 599 ffieiben
721 535 823 600 bez
860 536 1316 619 &ittengefungs
1354 537 1507 615 muln
1546 536 1844 616 ῐιιηδίρειι,
1882 536 2083 600 beiben
2121 537 2219 599 bet
2257 535 2571 616 &balinet

458 623 609 688 &cib
632 623 759 702 mit,
777 625 1080 705 Qubbniss,
1110 624 1367 707 gegtiifit,
1398 627 1516 689 unb
1538 625 1871 700 wenullnss,
1900 624 2082 704 iprod)
2111 624 2218 705 id„
2249 626 2365 689 unb
2397 623 2522 700 Infit
2552 627 2695 703 uns]

456 713 855 883 {laimunt->en
890 713 1099 796 §iuben
1137 715 1226 780 bie
1264 713 1503 792 fffilber,
1552 715 1643 778 bie
1682 714 1907 794 lebigen
1946 712 2100 794 ffflij'
2139 732 2208 795 3¹¹
2247 715 2352 778 ben
2392 713 2636 779 &fieren

536 925 617 983 Et
674 926 785 983 hoc
841 926 1259 1001 supplemento
1328 927 1594 1002 quidem,
1665 929 1735 985 ut
1789 928 1994 985 statim
2054 923 2411 1000 videbimuS,
2469 930 2695 1002 partem

369 1012 528 1068 certe
572 1010 696 1068 veri
742 1011 836 1070 vir
878 1013 1256 1071 acutissimus
1299 1012 1558 1086 invenit,
1608 1011 1710 1070 sed
1758 1030 1996 1069 carmen
2044 1012 2212 1068 tanto
2259 1029 2434 1085 opere
2480 1012 2697 1070 tribus-

370 1113 487 1169 que
531 1094 801 1155 versibus
848 1115 881 1152 a
930 1097 1229 1155 Musarum
1287 1098 1482 1172 gratia
1535 1101 1841 1154 exoratum
1898 1099 1961 1154 et
2004 1113 2103 1153 sex
2147 1095 2420 1154 versibus
2465 1099 2696 1154 tantum

367 1182 638 1237 constare
698 1199 808 1238 nec
861 1180 1114 1239 bucolici
1172 1201 1300 1240 esse
1369 1182 1708 1256 argumenti
1773 1180 1874 1238 sed
1942 1183 2179 1239 tantum
2237 1182 2500 1239 canentis
2555 1200 2697 1255 erga

368 1263 569 1323 Musas
613 1264 895 1338 pietatem
953 1266 1237 1324 similium
1283 1266 1666 1324 multitudine
1713 1264 2041 1339 illustrare,
2098 1264 2210 1322 hoo
2265 1265 2533 1339 profecto
2591 1285 2698 1324 nec

368 1353 572 1423 aptum
620 1353 709 1406 est
754 1368 863 1408 nec
908 1353 1117 1424 „tanto
1164 1351 1413 1426 dignum
1458 1349 1685 1409 biatu“.

537 1432 879 1492 Ceterorum
912 1439 1254 1493 commenta
1296 1436 1693 1510 interpretum
1738 1434 1810 1492 de
1856 1434 1946 1493 his
1995 1433 2262 1492 versibus
2295 1435 2542 1492 28-36
2590 1453 2699 1507 per

368 1519 631 1575 saturam
678 1518 1025 1578 brevissime
1068 1520 1276 1578 afferre
1321 1520 1463 1579 satis
1509 1523 1630 1595 est,
1679 1523 1748 1579 ut
1790 1518 2043 1577 Warto
2065 1519 2139 1576 ni
2184 1519 2284 1593 qui
2328 1521 2466 1593 post
2509 1538 2566 1577 v.
2617 1520 2694 1575 29

363 1601 635 1660 lacunam
686 1622 812 1663 esse
858 1604 1102 1679 statuit,
1150 1604 1505 1663 Koebleri
1571 1606 1672 1680 qui
1718 1624 1817 1662 eos
1863 1603 2167 1661 exordium
2227 1601 2519 1677 deperditi
2577 1622 2696 1660 car-

363 1687 541 1745 minis
588 1706 715 1747 esse
759 1691 966 1763 putat,
1013 1689 1307 1748 Reiskii
1354 1691 1459 1764 qui
1505 1708 1615 1763 pro
1658 1690 1958 1764 sequentis
2006 1688 2273 1746 decimi
2319 1687 2516 1762 idyllii
2561 1706 2692 1761 pro-

364 1770 554 1829 oemio
599 1774 776 1847 atque
820 1773 931 1832 boc
977 1773 1171 1849 ipsum
1218 1793 1324 1848 pro
1356 1775 1614 1832 carmine
1647 1774 1831 1832 Musis
1876 1774 2169 1831 invocatis
2215 1775 2453 1830 cantato
2499 1772 2695 1847 habet,

361 1854 620 1913 Dahlii
687 1858 789 1931 qui
867 1858 1172 1934 singulare
1236 1877 1473 1918 carmen
1538 1859 1663 1918 sive
1727 1857 2096 1933 epigramma
2161 1856 2464 1932 idyllicum
2533 1857 2695 1931 dicit,

363 1939 697 1999 Kiesslin
715 1942 825 2017 gii
879 1943 982 2017 qui
1043 1963 1275 2002 carmen
1324 1944 1504 2003 fuisse
1562 1944 1807 2018 conicit,
1867 1942 2065 2017 „quod
2122 1942 2223 2000 ille
2280 1941 2356 2000 ad
2414 1942 2692 2000 concham

362 2025 670 2084 caneret!“
2471 2084 2481 2095 ,

532 2108 716 2169 Vides
761 2112 904 2169 haec
946 2115 1008 2170 et
1052 2113 1103 2171 si
1147 2132 1298 2187 quae
1344 2113 1460 2171 alia
1505 2116 1648 2169 sunt
1689 2113 1780 2170 his
1826 2112 2044 2171 similia
2088 2110 2348 2169 remedia
2395 2111 2516 2168 fere
2547 2112 2695 2168 eius-

361 2194 520 2252 modi
563 2214 726 2270 esse,
776 2196 995 2270 quibus
1042 2197 1102 2255 in
1147 2216 1211 2255 re
1258 2198 1571 2271 desperata
1615 2196 1821 2255 utaris.
1899 2196 2106 2269 Neque
2152 2215 2271 2269 res,
2320 2195 2393 2251 de
2436 2214 2553 2269 qua
2597 2196 2695 2253 de-

362 2281 663 2355 speratur,
720 2299 839 2338 una
896 2285 989 2340 est
1058 2281 1159 2340 sod
1227 2281 1462 2356 duplex.
1562 2280 2105 2354 Quomodoounque
2169 2281 2327 2337 enim
2387 2280 2692 2353 statuitur,

361 2363 645 2423 habemus
693 2365 1144 2440 corpusculum,
1190 2366 1349 2440 quod
1396 2365 1682 2423 membris
1713 2365 2062 2439 quibusdam
2100 2364 2270 2422 iustis
2300 2364 2692 2438 compositum

365 2448 474 2521 sit,
522 2448 623 2506 sed
670 2453 731 2507 et
774 2451 964 2524 capite
1012 2453 1353 2509 truncatum
1398 2450 1672 2509 videatur
1703 2453 1764 2507 et
1806 2451 1867 2507 in
1914 2453 2139 2523 partem
2189 2448 2422 2506 desinat
2465 2468 2499 2505 a
2542 2451 2693 2506 cote-

363 2551 561 2591 rorum
594 2534 868 2594 iunctura
895 2535 1169 2594 alienam.
1233 2536 1385 2606 Quid
1418 2553 1578 2608 vere,
1626 2535 1676 2593 si
1722 2534 1861 2592 haec
1907 2534 2035 2609 ipsa
2065 2534 2214 2607 duo,
2264 2533 2480 2609 quibus
2513 2534 2693 2591 offen-

363 2618 589 2693 dimur,
636 2621 795 2678 mala
834 2620 1052 2679 causali
1101 2621 1255 2679 inter
1299 2641 1360 2679 se
1406 2639 1560 2677 nexu
1593 2621 1908 2678 coniuncta
1951 2619 2072 2677 sint
2115 2620 2269 2693 sive,
2320 2622 2387 2675 ut
2430 2619 2692 2692 apertius

360 2703 584 2777 dicam,
642 2705 693 2762 si
738 2710 982 2780 propter
1027 2705 1087 2762 id
1143 2707 1335 2780 ipsum
1390 2711 1653 2763 extrema
1708 2723 1845 2780 pars
1902 2723 2021 2762 non
2077 2703 2359 2778 quadret,
2415 2703 2691 2777 quoniam

361 2787 552 2862 prima
596 2807 717 2847 non
762 2791 998 2865 integra
1043 2794 1133 2848 est
1176 2789 1276 2848 sed
1324 2790 1678 2848 decurtata?
1725 2789 2002 2848 Profecto
2049 2789 2158 2846 hoc
2204 2788 2255 2846 si
2299 2808 2437 2846 vere
2481 2789 2693 2846 statui-

361 2877 488 2946 tur,
535 2893 603 2931 ex
650 2874 885 2949 epilogo
930 2879 1198 2932 accurate
1243 2874 1611 2933 considerato
1646 2876 1824 2949 atque
1854 2874 2188 2932 examinato
2234 2873 2504 2946 fortasse,
2550 2873 2692 2946 quid

365 2957 522 3015 desit
564 2957 636 3015 ad
683 2959 904 3016 iustum
952 2958 1382 3017 restituendum
1427 2958 1764 3033 exordium,
1828 2959 2099 3018 concludi
2157 2949 2217 3016 et
2275 2957 2441 3032 quasi
2499 2958 2691 3016 excuti

369 3043 608 3116 poterit.
683 3043 813 3101 Hoc
856 3043 1043 3118 igitur
1087 3063 1352 3119 agamus·

530 3127 653 3184 Iam
703 3127 752 3186 si
800 3129 1092 3203 primum,
1139 3130 1240 3204 qui
1286 3128 1563 3203 offendit,
1613 3147 1849 3187 versum
1898 3129 2010 3185 28:

620 3240 974 3303 Βουκολικαὶ
1027 3248 1264 3304 Μοῖσαι
1304 3243 1460 3322 μάλα
1506 3244 1764 3323 χαίρετε,
1810 3243 2051 3320 φαίνετε
2096 3238 2152 3301 δ’
2204 3237 2370 3324 ᾠδάν

359 3381 821 3457 consideramus,
885 3383 1087 3440 statim
1144 3383 1403 3440 animum
1459 3382 1723 3442 advertit
1767 3382 1917 3439 mira
1960 3398 2091 3438 cum
2149 3379 2378 3456 aliquot
2420 3381 2692 3439 Homeri-

362 3483 564 3522 corum
611 3465 973 3541 hymnorum
1018 3467 1298 3525 clausulis
1344 3467 1706 3541 similitudo,
1768 3470 1837 3524 ut
1881 3466 2170 3540 imprimis
2231 3485 2365 3524 cum
2412 3464 2605 3539 XXV,
2654 3467 2689 3522 6

364 3549 463 3607 ubi
512 3550 675 3625 ipsae
720 3551 919 3609 Musae
966 3552 1328 3611 salutantur:

612 3665 870 3745 χαίρετε,
916 3664 1092 3727 τέκνα
1142 3666 1325 3746 Διός,
1372 3665 1473 3727 καὶ
1519 3665 1668 3746 ἐμὴν
1711 3660 1981 3745 τιμήσατ’
2026 3662 2274 3744 ἀοιδήν,

359 3803 538 3860 porro
584 3805 717 3845 cum
761 3787 940 3864 XIII,
989 3791 1026 3847 3
1073 3789 1146 3847 ad
1193 3787 1490 3848 Cererem:

611 3909 809 3982 χαῖρε,
853 3903 1006 3982 θεοί,
1053 3902 1152 3964 καὶ
1200 3902 1377 3983 τήνδε
1422 3896 1548 3963 σάω
1592 3895 1798 3981 πόλιν,
1841 3901 1983 3983 ἄρχε
2030 3899 2092 3963 δ’
2136 3901 2382 3978 ἀοιδᾶς,

359 4025 421 4080 et
462 4043 597 4082 cum
641 4024 755 4099 XI,
805 4026 841 4082 5
888 4024 962 4082 ad
1008 4025 1363 4084 Minervam:

611 4145 808 4220 χαῖρε,
852 4139 1003 4218 θεά,
1048 4130 1151 4213 δὸς
1182 4135 1264 4220 ,δ’
1304 4136 1454 4220 ἄμμι
1497 4140 1685 4220 τύχην
1729 4133 2122 4218 εὐδαιμονίην
2166 4163 2242 4201 τε.

357 4275 495 4334 Alia
537 4277 803 4337 eiusdem
858 4278 1097 4354 generis
1141 4279 1291 4338 bene
1346 4279 1537 4337 multa
1580 4281 1838 4338 transe0.
1913 4279 2007 4336 Ita
2061 4278 2111 4336 si
2166 4278 2276 4337 hoc
2337 4299 2572 4339 carmen
2617 4281 2689 4338 acl

361 4359 598 4419 illorum
664 4363 1106 4437 prooemiorum
1172 4383 1321 4439 quae
1391 4364 1841 4439 appellabantur
1906 4364 2240 4438 exemplum
2299 4367 2691 4438 compositum

363 4445 505 4521 fuit,
552 4449 720 4520 patet
763 4448 937 4506 initio
1002 4465 1240 4526 quoque
1287 4449 1538 4508 similem
1584 4449 1829 4526 periisse
1888 4449 2186 4507 Musarum
2248 4448 2690 4525 salutationem,

2731 2709 2791 2754 lo
