3132 5129
1350 315 1810 378 —136—

411 473 840 533 detrudendum
910 474 1011 532 sed
1068 475 1270 532 tamen
1325 473 1651 532 imitatorio
1710 472 1945 530 illarum
2002 471 2455 546 rhapsodiarum
2523 472 2750 547 generi,

408 561 575 618 cuius
643 560 878 635 insigne
935 559 1268 634 exemplum
1324 558 1676 617 Hectoris
1737 557 2319 616 Monomachiam
2376 575 2503 614 esse
2561 576 2756 632 nuper

410 644 964 718 demonstravimus,
1012 642 1457 701 adscribendam
1490 660 1815 701 censemus
1877 640 2113 701 Sufficit
2141 642 2329 717 igitur
2356 660 2543 716 pauca
2574 659 2752 716 quae·

411 728 546 787 dam
601 729 863 787 breviter
923 728 1353 804 perstringere,
1430 746 1580 803 quae
1636 727 1854 803 partim
1914 727 2030 784 iem
2084 725 2319 784 notavit
2373 726 2476 784 Ka
2487 746 2529 803 y
2545 745 2618 785 se
2634 745 2755 785 rus

411 814 451 872 l.
485 834 532 872 c.
565 834 623 889 p.
664 815 757 870 12.

312 907 379 954 20
586 897 982 956 Vulneratum
1029 889 1299 956 Nestoris
1344 916 1561 972 equum
1604 916 1658 955 v.
1693 897 1770 955 81
1788 914 1920 971 sqq.
1970 895 2045 954 ad
2090 895 2386 955 Patroclei
2420 895 2643 954 Pedasi·
2676 897 2753 955 si·

416 983 811 1040 militudinem
859 982 1094 1042 effinxit
1143 983 1202 1039 Π
1230 983 1351 1039 467
1370 1001 1524 1057 sqq.,
1574 1000 1693 1057 qua
1737 981 1799 1040 in
1843 1000 1907 1039 re
1952 983 2153 1039 tamen
2200 981 2417 1039 vulnus
2463 999 2617 1056 equo
2662 982 2753 1039 in-

412 1068 642 1125 flictum
685 1067 842 1126 haud
889 1066 1119 1127 inficeto
1149 1067 1399 1125 83—85
1445 1066 1778 1126 accuratius
1820 1084 1956 1124 eum
1985 1064 2271 1124 indicasse
2302 1064 2580 1124 lubenter
2610 1084 2752 1124 con-

412 1152 576 1211 ced0.
652 1151 766 1210 Sed
813 1154 972 1225 leue,
1019 1172 1196 1228 quam
1242 1154 1493 1227 propter
1535 1151 1687 1209 hanc
1732 1154 1925 1210 artem
1968 1149 2026 1208 ei
2069 1150 2356 1210 tributuri
2403 1169 2633 1225 eumue,
2683 1169 2756 1209 eo

413 1237 718 1311 minuitur,
765 1237 925 1311 quod
969 1257 1205 1312 equum,
1253 1256 1431 1311 quem
1474 1236 1714 1294 unicum
1744 1235 1987 1295 Nestori
2031 1254 2157 1295 esse
2202 1235 2559 1311 putavimuS,
2607 1254 2755 1310 quo-

413 1323 575 1381 niam
618 1321 805 1379 altum
850 1322 969 1379 fuit
1012 1321 1082 1379 de
1128 1323 1339 1380 ceteris
1385 1321 1706 1395 silentium,
1753 1320 1952 1379 subito
1990 1315 2059 1377 ἐν
2087 1318 2486 1398 παρηορίῃσιν
2516 1324 2757 1379 tantum

416 1410 482 1464 ut
524 1406 816 1465 Pedaeum
865 1402 963 1484 (Π
985 1406 1131 1483 152)
1177 1406 1485 1482 alligatum
1531 1405 1712 1463 fuisse
1743 1423 1871 1464 sero
1904 1404 2311 1464 concludimus
2341 1424 2408 1463 ex
2442 1425 2498 1464 v.
2527 1405 2607 1464 85
2622 1423 2755 1480 sqq.

721 1518 865 1601 ὄφρ’
914 1518 946 1580 ὅ
992 1519 1182 1624 γέρων
1226 1521 1432 1581 ἵπποιο
1476 1520 1804 1600 παρηορίας
1848 1515 2146 1596 ἀπέταμνε

717 1605 1052 1712 φασγάνφ
1052 1603 1314 1683 ἀίσσων,
1361 1600 1529 1684 τόφρ’
1562 1604 1852 1709 ’Ἕλιτορος
1896 1601 2073 1678 ὠκέες
2120 1604 2295 1665 ἵπποι

703 1683 911 1833 ηΕλθον
951 1689 1052 1751 αν’
1103 1690 1352 1770 ἰωχμόν,
1396 1690 1642 1771 θρασὺν
1681 1684 1923 1769 ἡνίοχοι·
1965 1687 2276 1770 φορέοντες

789 1798 997 1855 κτορα,

424 1897 527 1955 ubi
573 1897 750 1955 simul
795 1897 1110 1956 Hectorem
1156 1898 1440 1956 miramur
1482 1917 1602 1956 non
1651 1897 1842 1955 solum
1875 1896 2223 1955 bellatorem
2258 1896 2359 1955 sed
2391 1896 2569 1954 etiam
2601 1896 2761 1954 auri-

419 2001 578 2058 gam.
667 1981 790 2040 Nec
834 1982 1033 2040 minus
1079 1983 1365 2040 miramur
1408 1983 1468 2040 in
1514 1984 1618 2057 iis,
1679 2001 1828 2056 quae
1874 1981 2073 2040 statim
2120 1985 2464 2055 narrantur,
2522 1980 2762 2040 Ulixem

419 2085 536 2125 non
584 2065 775 2124 solum
824 2066 1169 2142 fugientem,
1217 2067 1318 2125 sed
1364 2068 1544 2125 etiam
1592 2067 1809 2142 ignava
1853 2067 1997 2142 fuga
2025 2065 2268 2126 Nestori
2314 2066 2568 2124 salutem
2612 2065 2754 2124 affe·

420 2154 650 2210 rentem
711 2170 1071 2226 quamquam
1138 2171 1173 2209 a
1229 2151 1513 2212 Diomede
1572 2152 1804 2209 demum
1861 2169 2032 2208 suum
2090 2152 2152 2209 in
2207 2169 2443 2210 currum
2501 2154 2759 2226 recepto.

418 2234 637 2293 Verum
694 2254 813 2294 non
861 2236 996 2294 huic
1046 2236 1146 2295 sed
1192 2235 1352 2295 Ulixi
1401 2237 1625 2294 frustra
1666 2236 1740 2294 ad
1786 2235 2176 2294 resistendum
2224 2236 2467 2295 incitato
2513 2235 2624 2294 hoc
2669 2254 2759 2294 ee·

420 2321 612 2378 lutare
659 2320 888 2379 facinus
933 2321 1292 2380 adscribitur
1337 2322 1557 2396 ineptis
1600 2321 1871 2379 versibus
1916 2322 2077 2378 91-
2087 2321 2195 2378 93;

722 2455 804 2466 —
849 2420 955 2478 καί
995 2419 1069 2480 νύ
1116 2441 1221 2480 κεν
1266 2415 1405 2480 ἕνθ’
1454 2415 1485 2480 ὁ
1529 2417 1723 2522 γέρων
1765 2413 1883 2478 ἀπὸ
1926 2417 2132 2496 θυμὸν
2174 2416 2447 2497 ὄλεσσεν,

726 2505 779 2564 εἰ
818 2502 898 2583 μὴ
941 2501 1041 2585 αρ’
1089 2500 1200 2580 ὀξὺ
1246 2503 1425 2583 νόησε
1469 2502 1623 2585 βοὴν
1665 2498 1893 2585 ἀγαθὸς
1945 2503 2282 2583 Διομήδης,

725 2587 1083 2668 σμερδαλέον
1129 2587 1186 2645 δ’
1236 2588 1482 2669 ἐβόησεν
1529 2589 1871 2669 ἐποτρύνων
1908 2583 2186 2664 Ὀδυσῆα.

422 2711 711 2769 Miramur
767 2712 948 2769 otiam
990 2711 1309 2769 Hectorem
1365 2712 1624 2786 primurn
1685 2710 1920 2785 quidem
1981 2713 2146 2769 tanta
2201 2711 2503 2770 celeritate
2548 2730 2761 2786 appro-

420 2796 839 2870 pinquantem,
886 2797 956 2853 ut
997 2794 1214 2854 Nestor
1256 2796 1398 2869 lori,
1460 2815 1577 2870 quo
1624 2796 1903 2871 alligatus
1948 2797 2075 2853 erat
2120 2797 2350 2854 occisus
2394 2814 2610 2871 equus,
2658 2797 2757 2853 ab·

422 2879 687 2938 scidendi
729 2880 828 2937 vix
874 2883 1111 2956 tempus
1157 2880 1423 2939 invenire
1471 2881 1760 2954 videatur,
1812 2884 1935 2938 tum
1983 2898 2141 2953 vero,
2190 2884 2258 2938 ut
2287 2881 2553 2939 conicere
2585 2880 2759 2940 debe·

421 2983 570 3037 mue,
618 2965 744 3022 sine
789 2965 911 3023 ulla
954 2983 1130 3023 causa
1175 2965 1374 3023 subito
1405 2968 1714 3040 tantopere
1746 2967 2142 3038 cunctantem,
2174 2962 2244 3022 ut
2279 2965 2591 3023 Diomedes
2620 2969 2762 3040 post

421 3049 569 3108 duos
625 3068 921 3107 sermones
965 3049 1128 3109 Ulixi
1186 3053 1247 3108 et
1289 3050 1528 3109 Nestori
1582 3050 1817 3107 habitos
1862 3050 2019 3107 hunc
2063 3068 2234 3107 suum
2277 3048 2340 3106 in
2387 3068 2623 3107 currum
2669 3068 2760 3109 re-

423 3133 635 3208 cipere,
682 3133 777 3191 hic
820 3153 960 3193 vero
1006 3154 1189 3209 equos
1217 3135 1520 3193 Diomedis
1568 3134 1805 3211 flagello
1839 3134 2153 3192 admonere
2185 3134 2388 3209 possit,
2437 3137 2759 3210 antequam

404 3209 691 3289 ’Έκτορος
735 3238 873 3294 αγχι
916 3214 1156 3295 γένοντο
1208 3220 1343 3282 117

591 3302 798 3377 Neque
842 3304 904 3361 in
951 3303 1164 3378 verbiS,
1210 3303 1425 3379 quibus
1469 3321 1610 3360 usus
1655 3307 1747 3360 est
1792 3304 2211 3407 interpolator,
2260 3304 2500 3363 solitam
2545 3305 2761 3362 horum

421 3387 729 3445 hominum
753 3392 943 3446 artem
967 3388 1385 3447 desideramus
1435 3378 2077 3463 Νέστωρ-Γερήνιος,
2101 3378 2277 3465 οὖρος
2297 3379 2560 3463 Ἀχαιων
2584 3392 2766 3447 notus

422 3471 524 3529 ille
569 3492 640 3529 ex
684 3493 718 3548 y
762 3474 880 3529 411
931 3479 1171 3547 praesto
1217 3477 1345 3532 erat
1390 3471 1796 3530 imitatoribus
1840 3473 2019 3530 etiam
2066 3475 2127 3528 A
2159 3474 2302 3531 839.
2352 3473 2403 3529 Ο
2435 3475 2575 3533 370.
2610 3474 2757 3531 659.

424 3554 592 3624 Quod
639 3559 908 3631 sequitur
952 3553 1081 3615 ου’τι
1126 3553 1282 3615 ἑκών
1324 3561 1532 3615 notum
1581 3561 1686 3629 est,
1735 3556 1836 3614 sed
1886 3556 2028 3615 ferri
2073 3560 2291 3632 potest,
2341 3557 2552 3616 melius
2598 3562 2759 3617 certe

425 3660 604 3715 quam
648 3637 830 3710 ἵππος
877 3636 1201 3719 ἐτείρετο
1245 3642 1494 3717 pessime
1539 3662 1610 3700 ex
1654 3641 1859 3699 eadem
1906 3641 2044 3699 sede
2094 3642 2146 3695 E
2190 3642 2330 3702 153.
2380 3643 2443 3698 X
2481 3644 2602 3700 242
2648 3642 2766 3701 huc

429 3726 797 3800 translatum,
846 3744 952 3800 pro
999 3746 1117 3801 quo
1148 3727 1264 3785 iam
1303 3726 1548 3801 antiquo
1580 3728 1850 3800 tempore
1881 3726 2139 3801 fuerunt,
2186 3729 2289 3802 qui
2319 3727 2530 3786 lecturi
2563 3730 2764 3786 essent

426 3804 813 3886 ἐδάμνατο.
902 3811 989 3869 De
1034 3829 1208 3870 versu
1253 3813 1333 3869 82

727 3909 853 3981 δῖος
895 3905 1271 3989 Ἀλέξανδρος
1309 3905 1549 3988 Ἑλένης
1595 3907 1770 3982 πόσις
1815 3905 2147 3988 ἠυκόμοιο,

427 4047 544 4103 quo
601 4029 695 4088 hic
741 4030 981 4105 quidem
1025 4031 1153 4089 loco
1198 4049 1405 4106 parum
1451 4035 1592 4106 apto
1639 4031 1823 4106 „belli
1867 4031 2183 4090 deterrima
2227 4031 2443 4091 causa“
2491 4031 2763 4106 infertur,

427 4131 608 4187 supra
653 4115 725 4170 ad
774 4115 838 4170 H
869 4115 989 4172 355
1037 4115 1403 4190 monuimus,
1461 4115 1562 4172 ubi
1620 4121 1817 4174 tamen
1864 4116 2050 4173 multo
2096 4115 2294 4189 aptius
2337 4116 2570 4191 positus
2615 4121 2765 4175 erat.

429 4198 581 4255 Tum
626 4196 915 4278 φασγάνῳ
959 4193 1128 4272 ἀίξας
1175 4218 1358 4275 supra
1403 4199 1458 4254 E
1502 4202 1578 4259 81
1629 4201 1961 4275 habuimus,
2009 4200 2110 4258 ubi
2157 4205 2318 4259 certe
2362 4201 2548 4260 maior
2576 4200 2765 4277 gladii

428 4281 689 4341 efficacia
733 4283 952 4343 diserte
996 4285 1318 4359 indicatur3
1378 4305 1435 4346 v.
1484 4286 1558 4343 91
1610 4288 1673 4343 et
1718 4285 1776 4339 Γ
1815 4286 1934 4343 374
1981 4287 2042 4343 et
2085 4284 2228 4342 alibi
2272 4285 2525 4361 legitur,
2577 4305 2633 4344 v.
2684 4287 2765 4344 93

428 4366 664 4442 saepius
729 4368 907 4426 etiam
968 4371 1255 4445 occurrit;
1328 4364 1675 4449 μεταφρένῳ
1734 4364 1801 4425 ἐν
1856 4365 2006 4446 δόρυ
2064 4368 2252 4445 πῆξεν
2308 4370 2365 4426 Ε
2422 4371 2505 4429 40
2559 4369 2767 4429 adfuit.
