3132 5129
1281 405 1745 471 -483...

600 562 662 613 ἐν
695 560 856 627 τήνῳ
892 559 999 625 γὰρ
1068 558 1241 625 τήνα·
1275 558 1360 611 ἴθ’
1396 556 1444 609 ὧ
1481 559 1671 614 πέπον
1708 558 1830 612 εἰπέ
1865 574 1955 612 τε·
1993 558 2203 626 ,,Ναῒς,

570 695 579 706 ,
684 646 766 710 χὼ
805 645 1018 709 Φοῖβος
1052 643 1292 710 ποίμνας
1328 645 1420 696 καὶ
1456 644 1587 707 Θεὸς
1623 645 1708 696 ὢν
1742 643 1956 708 ἔνεμεν
1962 645 1997 672 “

1278 746 1732 799 ΜΕΝΑΑΚΑΣ.

475 820 552 877 A.
607 810 689 895 μή
732 834 832 893 μοι
874 824 992 896 γᾶν
1037 814 1340 894 Πέλοπος,
1385 816 1467 894 μή
1510 838 1612 893 μοι
1655 815 1934 919 Κροίσεια
1975 814 2233 877 τάλαντα

679 900 773 979 εἴη
818 900 1005 979 ἔχειν,
1048 899 1200 980 μηδὲ
1242 900 1472 1006 πρόσθε
1515 898 1690 961 θέειν
1729 894 1998 996 ἀνέμων

603 979 739 1044 ἄλλ’
784 982 905 1046 ὑπὸ
956 995 1029 1046 τᾶ
1070 984 1253 1070 πέτρα
1283 981 1432 1092 τᾷδ’
1482 977 1704 1092 ᾄσομαι
1746 976 1932 1064 ἀγκὰς
1977 984 2131 1064 ἔχων
2177 1010 2277 1064 τυ,
2612 997 2679 1045 55

677 1068 934 1151 σύννομε
982 1074 1221 1151 Μιλον,
1268 1049 1434 1150 ὁρῶν
1477 1068 1590 1132 τὰν
1631 1069 1896 1137 Σικελᾶν
1937 1067 2000 1144 ές
2043 1067 2176 1134 αλα.

1350 1188 1667 1241 ΔΑΦΝΙΣ.

473 1260 542 1317 A.
599 1254 870 1337 δένδρεσι
910 1254 1022 1336 μὲν
1065 1256 1286 1337 χειμὼν
1327 1257 1588 1337 φοβερὸν
1631 1257 1854 1336 κακόν,
1899 1253 2084 1319 ῧὸασι
2127 1253 2187 1317 δ’
2238 1252 2501 1337 αὐχμός,

688 1340 921 1419 ὄρνισιν
965 1339 1022 1402 δ’
1069 1341 1370 1423 ὕσπλαγξ,
1408 1338 1746 1422 ἀγροτέροις
1794 1341 1858 1404 δὲ
1899 1342 2065 1449 λίνα,

595 1423 771 1507 ἀνδρὶ
814 1424 885 1501 δὲ
925 1433 1298 1529 παρθενικᾶς
1341 1425 1584 1502 ἁπαλοῖς
1629 1428 1843 1503 πόθος.
1920 1419 1966 1489 ὦ
2009 1426 2195 1510 πάτερ
2239 1454 2286 1491 ω
2334 1430 2484 1509 Ζεῦ,

687 1508 760 1572 οὐ
803 1510 983 1589 μόνος
1026 1506 1335 1592 ἠράσθην·
1381 1512 1482 1574 καὶ
1524 1511 1599 1574 τὺ
1644 1516 2095 1596 γυναικοφίλας.

470 1595 545 1659 ι’.
683 1597 882 1657 Ταῦτα
924 1594 1037 1676 μὲν
1079 1592 1170 1660 ὦν
1212 1595 1297 1659 δι’
1341 1594 1679 1679 άμοιβαίων
1723 1599 1785 1659 οἱ
1821 1599 2030 1671 παῖδες
2075 1598 2317 1661 αεισαν·

596 1681 707 1741 τᾶν
748 1693 1028 1761 πυματᾶν
1075 1680 1132 1742 δ’
1180 1680 1346 1767 ᾠδάν
1387 1680 1583 1757 οὑτως
1628 1681 1831 1763 έξαρχε
1877 1678 2236 1757 Μενάλκας·

467 1768 541 1825 Ε.
672 1766 926 1870 „melden
969 1770 1079 1829 τᾶν
1121 1746 1367 1848 ἐρίφων,
1412 1768 1622 1845 φείὸευ
1669 1767 1810 1830 λύκε
1854 1776 1968 1829 ταν
2011 1763 2284 1830 τοκάδων
2324 1790 2471 1848 μεν,
2720 1786 2780 1835 19

598 1846 739 1930 μηδ’
786 1847 984 1913 άδίκει
1026 1846 1114 1932 μ’,
1161 1876 1252 1913 οτι
1293 1851 1501 1953 μικκὸς
1547 1851 1665 1913 έῶν
1707 1857 2023 1913 πολλαῖσιν
2066 1849 2348 1934 ὁμαρτέω.

684 1930 737 1996 ὦ
781 1932 1112 2018 Λάμπουρε
1157 1934 1341 2014 κύων,
1386 1932 1543 1999 οὕτω
1585 1936 1794 2018 βαθύς
1839 1960 2030 2012 νπνος
2076 1937 2190 2017 ἔχει
2236 1962 2334 2007 τυ;
2619 1950 2684 1998 65

602 2010 675 2081 οὗ
718 2019 828 2102 χρὴ
876 2024 1206 2124 κοιμᾶσθαι
1248 2021 1486 2102 βαθέως
1533 2022 1650 2083 σὺν
1692 2023 1863 2086 παιδὶ
1908 2022 2178 2103 νέμοντα.

687 2103 782 2165 ταὶ
831 2103 888 2164 δ’
937 2102 1088 2181 ὄιες,
1131 2105 1275 2187 μηδ’
1322 2130 1512 2187 νμμες
1554 2102 1797 2169 ὀκνεῖθ’
1843 2105 2081 2181 άπαλᾶς
2127 2106 2489 2189 κορέσασθαι

599 2190 809 2264 ποίας·
855 2213 985 2252 ουτι
1030 2188 1342 2271 καμεῖσθᾎ
1386 2190 1541 2253 ὅκκα
1585 2189 1768 2254 πάλιν
1810 2185 1917 2254 αδε
1963 2192 2212 2272 φύηται.

686 2277 849 2337 σίττα
897 2274 1150 2355 νέμεσθε
1198 2276 1464 2357 νέμεσθε,
1509 2301 1582 2338 τα
1629 2273 1688 2337 δ’
1735 2276 1972 2339 οὔθατα
2015 2273 2276 2356 πλήσατε
2318 2287 2527 2356 πᾶσαι,

601 2358 681 2435 ὥς
728 2353 790 2422 τὸ
835 2359 949 2437 μὲν
991 2384 1180 2442 ωρνες
1227 2361 1455 2442 ἔχωντι,
1502 2357 1568 2424 vd
1612 2355 1669 2422 δ’
1719 2360 1776 2435 ές
1819 2359 2080 2467 ταλάρους
2124 2357 2468 2440 άπόθωμαι
2476 2364 2517 2399 “
2621 2372 2689 2421 ’10

484 2445 569 2509 κ’.
699 2440 971 2549 δεύτερος
1017 2440 1100 2507 αὖ
1149 2446 1388 2526 Δάφνις
1433 2450 1685 2546 λιγυρῶς
1727 2443 2076 2547 άνεβάλλετ’
2121 2443 2349 2508 άείδεν·

490 2534 560 2598 Ε.
690 2525 881 2611 ,,κήμέ
926 2555 1014 2607 τις
1060 2529 1126 2593 έκ
1170 2528 1409 2614 τῶντρω
1452 2528 1759 2632 σύνοφρυς
1795 2526 1945 2630 κόρα
1988 2528 2163 2612 ἐχθὲς
2209 2533 2404 2595 ἰδοῖσα

603 2615 708 2690 τὰς
743 2616 1038 2723 δαμάλας
1060 2624 1299 2717 παρελᾶ
1298 2642 1401 2679 ντα
1444 2612 1629 2679 καλὸν
1670 2609 1924 2679 καλὸνς
1897 2612 2063 2697 εἶμεν
2107 2615 2430 2696 ἔφασκεν·

689 2697 762 2762 οὐ
803 2699 927 2782 μάν
971 2697 1149 2765 οὐδὲν
1192 2696 1343 2784 έγών
1386 2702 1643 2807 έκρίθην
1684 2725 1826 2802 απο,
1870 2702 2214 2782 τωμπικρον
2257 2701 2435 2791 αὐτᾷ,

601 2779 747 2850 ἄλλα
794 2785 956 2848 κάτω
998 2788 1228 2891 βλέψας
1276 2813 1389 2852 ταν
1406 2783 1723 2894 ἁμετέραν
1766 2778 1908 2850 ὁδὸν
1950 2781 2175 2869 εἷρπον.
2624 2801 2688 2850 75

682 2867 846 2934 ἆδεῖ’
893 2869 932 2933 ἆ
977 2867 1149 2951 φωνά
1194 2875 1298 2949 τάς
1342 2871 1614 2980 πόρτιος,
1658 2865 1778 2934 ἆὸυ
1822 2863 1890 2933 τὸ
1929 2883 2196 2952 πνεῦμα·

600 2953 724 3019 άδὺ
770 2955 833 3018 δὲ
876 2958 957 3019 τῶ
999 2957 1208 3064 θέρεος
1237 2955 1381 3041 παρ’
1430 2954 1596 3057 ὕδωρ
1641 2958 1777 3039 ῥέον
1819 2958 2262 3039 αὗθριοκοιτεῖν.
2624 2969 2688 3018 78

568 3039 575 3044 ’
684 3049 760 3125 τᾷ
804 3042 942 3121 δρυι
984 3065 1079 3102 ται
1124 3044 1376 3123 βάλανοι
1419 3038 1671 3124 κόσμος,
1718 3053 1794 3128 τᾷ
1833 3043 2042 3123 μαλίδι
2085 3047 2283 3144 μᾶλα,

599 3129 673 3212 τᾷ
717 3127 825 3205 βοῒ
858 3124 919 3188 δ’
968 3123 1007 3188 ἆ
1052 3128 1306 3210 μόσχος,
1354 3130 1433 3214 τῷ
1470 3129 1788 3235 βουκόλῳ
1791 3130 1860 3189 αἱ
1896 3125 2033 3236 βόες
2076 3122 2317 3192 αὖταί.“
2625 3139 2692 3187 80

477 3208 566 3271 κ’.
699 3235 782 3285 ως
826 3212 890 3272 οἱ
925 3215 1135 3287 παῖδες
1178 3192 1414 3293 ἄεισαν,
1459 3237 1491 3276 ο
1538 3208 1597 3273 δ
1646 3213 1890 3285 αἰπόλος
1937 3205 2049 3275 τόδ’
2098 3209 2411 3295 άγόρευεν·

473 3291 562 3359 λ’.
694 3294 857 3377 ,,ἆδύ
901 3321 955 3358 τι
1000 3319 1065 3358 το
1109 3301 1296 3378 στόμα
1339 3322 1428 3360 τοι
1470 3296 1571 3360 καὶ
1617 3295 1923 3403 ἐφίμερος,
1971 3322 2018 3360 ω
2070 3299 2308 3377 Δάφνι,
2354 3296 2554 3375 φωνά·

613 3382 863 3463 κρέσσον
901 3382 1247 3462 μελπομένω
1291 3406 1393 3445 τεν
1435 3374 1725 3463 ἀκουέμεν
1767 3379 1811 3459 ἢ
1852 3381 1984 3462 μέλι
2026 3384 2238 3462 λείχεν.

611 3469 779 3542 λάζεο
822 3476 928 3541 τᾶς
970 3467 1275 3549 σύριγγος·
1326 3467 1603 3542 ένίκασας
1646 3466 1760 3575 γὰρ
1802 3460 2039 3530 ἀείδων.

486 3545 559 3614 λ’.
690 3556 757 3615 αἰ
795 3552 863 3614 δέ
907 3576 961 3614 τι
1003 3560 1136 3657 λῇς
1156 3577 1227 3632 με
1272 3553 1373 3615 καὶ
1419 3545 1606 3615 αὖτόν
1646 3549 1753 3633 ἅμ’
1801 3551 2149 3614 αἰπολέοντα
2194 3547 2454 3630 διδάξαι,
2625 3562 2690 3610 85

610 3636 796 3738 τήναν
841 3628 953 3699 τάν
992 3633 1249 3720 μιτύλαν
1290 3639 1468 3699 dmoni
1511 3637 1583 3700 τὰ
1630 3635 1920 3716 δίδακτρά
1964 3659 2052 3698 τοι
2096 3629 2258 3717 αἶγα,

609 3747 737 3796 ατις
783 3719 937 3804 ὑπὲρ
982 3727 1245 3804 κεφαλᾶς
1288 3722 1402 3786 αἰεὶ
1451 3723 1574 3785 τὸν
1599 3717 1854 3826 άμολγέα
1894 3725 2127 3804 πληροῖ.
2134 3724 2176 3759 “

478 3807 566 3883 μ’.
701 3804 783 3880 ὥς
826 3807 940 3888 μὲν
981 3807 1013 3869 ὁ
1060 3813 1203 3882 παῖς
1247 3805 1425 3889 ἐχάρη
1468 3808 1565 3869 καὶ
1608 3802 1868 3870 άνάλατο
1914 3806 2016 3868 καὶ
2060 3801 2434 3889 πλατάγησεν

613 3892 902 3971 νικάσας,
946 3890 1102 3954 οὕτω
1147 3889 1208 3952 κ’
1258 3892 1354 3954 ἐπὶ
1397 3892 1601 3973 ματέρι
1646 3885 1854 3971 νεβρὸς
1896 3890 2131 3952 αλοιτο·

479 3974 571 4054 μ’.
706 4002 786 4050 ως
830 3977 897 4039 δὲ
941 3971 1326 4058 κατεσμύχθη
1372 3977 1471 4039 καὶ
1514 3974 1870 4080 ἀνετράπετο
1918 3975 2108 4056 φρένα
2153 3974 2313 4037 λύπα
2627 3986 2695 4033 90

607 4062 857 4141 ωτερος,
903 4061 1060 4124 οὕτω
1104 4086 1183 4123 κα
1226 4060 1432 4143 νύμφα
1482 4059 1763 4141 δμαθεῐσ’
1811 4058 2107 4141 ἀκάχοιτο.

480 4144 568 4224 μ’.
699 4143 817 4226 κήκ
863 4144 1052 4210 τούτω
1095 4148 1317 4229 πράτος
1360 4143 1519 4227 παρὰ
1564 4146 1801 4226 ποιμέσι
1847 4143 2091 4223 Δάφνις
2136 4144 2351 4227 ἔγεντο,

610 4231 710 4293 καὶ
748 4231 1036 4313 Νύμφαν
1078 4232 1342 4316 ἅκρηβος
1388 4231 1504 4293 έῶν
1547 4231 1632 4293 ἔτι
1680 4231 1884 4295 Ναΐδα
1927 4232 2135 4311 γᾶμεν.

529 4386 712 4450 Vides
742 4409 997 4466 cannen,
1034 4390 1207 4466 quale
1239 4393 1347 4466 est,
1380 4388 1455 4448 ad
1486 4388 1846 4464 strophicam
1870 4406 2140 4448 normam
2168 4388 2436 4446 accurate
2458 4405 2695 4463 compo-

357 4475 537 4533 situm
590 4494 737 4551 esse,
785 4476 942 4552 quod
988 4477 1186 4551 ipsum
1215 4474 1501 4535 indicium
1529 4477 1624 4535 est
1652 4474 1779 4534 eius
1807 4472 2173 4551 integritatis
2200 4470 2364 4531 haud
2395 4472 2694 4550 exiguum.

2179 4570 2287 4625 31*
