3132 5129
1311 374 1767 438 —108—

370 532 494 604 hic,
554 531 653 589 ubi
710 535 907 589 tamen
963 535 1207 606 propter
1252 531 1369 588 231
1405 550 1493 607 sq.
1539 533 1828 591 removeri
1866 551 1994 590 non
2038 537 2303 607 possunt.
2392 532 2703 591 Postremo

369 615 526 691 quod
562 617 710 674 Aiax
759 615 1076 674 Hectorem
1120 617 1357 689 invitat,
1405 620 1474 673 ut
1517 616 1684 692 prior
1725 615 1955 675 hastam
1999 618 2271 692 proiciat,
2319 636 2705 693 quaecunque

371 719 546 760 causa
589 705 681 760 est
710 734 792 742 -
821 700 998 758 nimis
1043 701 1310 776 quaesite
1354 719 1424 758 ex
1455 701 1512 755 Φ
1543 702 1666 760 439
1711 697 1878 778 ἄρχε,
1924 699 2000 759 σὺ
2045 698 2158 780 γὰρ
2199 708 2447 780 γενεῆφι
2495 697 2701 759 νεώτε-

370 805 470 862 ρος
529 785 945 844 contumeliam
1003 786 1300 861 quandam
1356 781 1689 844 intulerunt
1741 818 1854 861 —-,
1925 787 2122 846 verbis
2182 788 2449 861 profecto
2506 787 2706 846 minus

267 873 333 920 24
365 871 624 946 propriis
680 889 820 929 usus
877 874 995 929 est:
1051 867 1196 946 ἄρχε
1246 863 1436 946 μάχης
1491 863 1600 946 ἠδὲ
1655 866 1978 948 πτολέμοιο.
2078 871 2205 931 Nec
2258 872 2514 947 quadrat
2569 888 2704 929 cum

368 976 439 1014 ea
493 955 877 1029 invitatione,
934 975 1294 1031 quamquam
1351 955 1498 1030 scio,
1556 956 1850 1030 quomodo
1905 956 1959 1015 ei
2010 956 2362 1031 adaptetur,
2428 956 2705 1015 Hectoris

369 1059 713 1117 responsum
761 1060 819 1098 v.
853 1041 974 1097 242
1006 1060 1093 1116 sq.

624 1150 756 1215 ἄλλ’
805 1151 877 1216 οὐ
918 1152 1030 1235 γάρ
1076 1151 1134 1214 σ’
1183 1153 1372 1216 ἐθέλω
1416 1154 1653 1233 βαλέειν
1697 1166 1966 1218 τοιοῦτον
2010 1156 2182 1218 ἐόντα

623 1236 819 1322 λάθρῃ
862 1236 1223 1318 ὀπιπεύσας,
1269 1236 1398 1301 ἀλλ’
1447 1236 1756 1318 ἀμφαδόν,
1802 1242 1879 1301 αἴ
1913 1265 1979 1302 κε
2026 1243 2266 1320 τύχωμι.

539 1364 595 1421 N
599 1383 663 1421 ec
694 1362 942 1420 verbosa
973 1361 1246 1420 Hectoris
1275 1361 1518 1420 iactatio
1549 1363 1732 1421 variis
1761 1367 1922 1421 caret
1968 1365 2412 1423 offensionibus
2474 1358 2703 1437 Ἁφαυ-

370 1445 472 1522 ρός
518 1447 807 1524 positivus
854 1451 920 1504 ut
964 1447 1267 1520 epitheton
1311 1446 1455 1504 alibi
1501 1466 1622 1505 non
1667 1448 1993 1506 invenitur:
2051 1446 2266 1519 παιδὸς
2309 1443 2595 1524 οἱφαυροῦ
2641 1450 2703 1506 in

371 1533 478 1592 hac
521 1533 761 1608 quidem
806 1551 1008 1590 versus
1053 1532 1190 1588 sede
1234 1551 1302 1589 ex
1349 1533 1632 1590 memoria
1675 1534 1705 1589 λ
1752 1534 1874 1592 492
1920 1530 2133 1603 παιδὸς
2186 1528 2421 1610 ἀγαυοῦ
2480 1533 2705 1592 dictum

372 1617 625 1676 videtur.
698 1615 848 1673 'rum
880 1621 986 1673 aut
1031 1635 1122 1673 me
1170 1615 1326 1673 fallit
1371 1618 1655 1675 memoria
1697 1621 1805 1676 aut
1850 1619 1909 1676 in
1956 1622 2239 1694 sequente
2283 1611 2351 1693 ἠὲ
2395 1615 2707 1695 yvvamdg,

367 1697 409 1775 ἢ
463 1720 572 1758 ουκ
633 1700 869 1758 relativi
936 1701 1304 1775 pronominis
1363 1701 1506 1759 baec
1564 1703 1861 1776 correptio
1924 1703 2211 1762 inusitata
2276 1709 2386 1761 est.
2475 1702 2706 1760 Ibidem

369 1790 527 1844 recte
582 1784 819 1860 quidem
877 1785 1059 1843 habet
1116 1775 1279 1842 οἶδεν
1327 1783 1622 1886 πολεμήια
1666 1781 1834 1862 ἔργα,
1891 1787 1992 1846 sed
2038 1788 2288 1846 nimium
2334 1791 2426 1846 est
2471 1791 2531 1844 et
2572 1806 2708 1861 por·

367 1874 667 1929 tentosum
711 1869 868 1944 quod
915 1870 1237 1945 opponitur
1281 1890 1348 1927 ευ
1407 1860 1540 1927 οἶδα
1585 1867 1775 1946 μάχας
1832 1864 1887 1928 τ’
1946 1864 2379 1948 ἀνδροκτασίας
2428 1891 2502 1929 τε.
2593 1870 2707 1929 Cui

367 1954 728 2030 hyperbolae
772 1972 841 2011 eo
886 1954 1082 2013 minus
1115 1954 1396 2013 convenit
1423 1955 1583 2030 quod
1616 1957 2005 2031 sequentibus
2037 1976 2205 2014 suam
2237 1957 2298 2015 in
2331 1956 2705 2015 defendendo

369 2040 569 2115 potius
612 2058 789 2114 quam
836 2041 896 2097 in
940 2039 1197 2114 petendo
1245 2039 1412 2098 hoste
1459 2040 1786 2099 sollertiam
1835 2041 2017 2100 iactat
2064 2042 2232 2099 miris
2279 2040 2549 2100 versibus

623 2147 738 2214 οἷδ’
789 2151 885 2216 ἐπὶ
930 2153 1113 2231 δεξιά,
1159 2146 1279 2213 οἶδ’
1328 2151 1425 2216 ἐπ’
1472 2148 1745 2234 ἆριστερᾶ
1794 2179 2060 2235 νωμησαι
2103 2159 2236 2236 βῶν

621 2236 894 2317 ἀζαλέην,
942 2234 1003 2299 τό
1045 2261 1142 2317 μοι
1188 2238 1309 2300 ἐστι
1355 2241 1718 2316 ταλαύρινον
1762 2241 2108 2320 πολεμίζειν.

370 2362 558 2438 Clipei
604 2360 966 2437 singularem
1014 2360 1553 2420 denominationem
1588 2382 1656 2420 ex
1693 2362 1769 2418 M
1805 2364 1917 2420 137
1964 2358 2146 2438 βόας
2192 2357 2380 2432 αὔας
2421 2359 2431 2435 Ι
2470 2355 2703 2434 ὖψόσ’

367 2443 873 2522 ἀνασχόμενοι
918 2447 1187 2520 sumpsit,
1238 2445 1540 2503 sollertem
1588 2448 2003 2506 tractationem
2049 2466 2118 2505 ex
2167 2447 2244 2503 M
2274 2449 2395 2504 239
2428 2467 2517 2523 sq.
2567 2446 2706 2504 illu-

371 2537 601 2606 stravit,
634 2531 736 2589 ubi
768 2531 838 2589 de
869 2529 1115 2588 alitibus
1147 2524 1260 2588 etz-⁹
1308 2526 1425 2588 ἐπὶ
1455 2524 1634 2602 δεξί’
1682 2528 1858 2590 ἴωσιν
1887 2564 1959 2574 --
1988 2524 2101 2590 ειτ’
2151 2524 2261 2589 ἐπ’
2308 2525 2705 2608 &prot-qni:

369 2626 669 2697 postremo
725 2616 974 2674 obscura
1026 2615 1131 2672 illa
1183 2616 1387 2690 glossa
1435 2612 1623 2694 ’Ἀρηα
1681 2609 2038 2691 ταλαύρινον
2076 2616 2449 2714 πολεμιστήν
2494 2617 2551 2672 Ε
2581 2618 2705 2675 289

372 2708 582 2780 (1³78.
633 2701 696 2755 X
721 2696 893 2773 267),
942 2701 1001 2757 in
1031 2719 1146 2774 qua
1177 2703 1238 2757 et
1283 2702 1406 2775 ipse
1451 2706 1580 2761 sine
1627 2702 1812 2760 dubio
1859 2695 2031 2777 ρινόν
2072 2702 2336 2760 invenire
2382 2702 2496 2760 sibi
2545 2702 2707 2759 vide-

370 2792 563 2864 batur,
611 2784 755 2843 satis
801 2784 1000 2858 inepte
1043 2782 1264 2843 abusus
1311 2790 1417 2844 est.
1505 2785 1631 2844 Nec
1676 2785 1887 2845 ultima
1931 2786 2296 2846 commodius
2341 2786 2500 2844 dicta
2543 2788 2704 2859 sunt,

370 2896 509 2935 nam
553 2877 614 2932 et
657 2859 790 2926 οἶδα
836 2861 897 2924 δ’
948 2861 1190 2940 ἐπαῖξαι
1242 2862 1439 2945 μόθον
1492 2869 1698 2929 ἵππων
1742 2872 2043 2929 detortum
2088 2890 2159 2928 ex
2205 2872 2261 2926 E
2292 2871 2411 2928 263
2461 2868 2710 2928 Αἰνείαο

371 2954 433 3017 ‹5'
510 2948 752 3026 ἐπαῖξαι
815 2949 1182 3029 μεμνημένος
1244 2974 1449 3012 ιππων
1491 2959 1766 3031 equestre
1810 2956 2105 3030 proelium
2154 2956 2401 3013 innuero
2471 2955 2709 3014 videtur

371 3045 615 3103 Homeri
671 3056 913 3114 prorsus
970 3038 1339 3115 incognitum
1395 3059 1504 3100 noc
1557 3042 1707 3100 satis
1762 3044 1897 3115 apte
1944 3040 2268 3115 opponitur
2309 3038 2551 3119 σταδίῃ,
2613 3041 2706 3098 cui

370 3148 604 3205 pugnae
662 3124 1076 3182 comminus
1134 3127 1477 3185 commissae
1535 3127 1735 3201 potius
1783 3126 1903 3183 tela
1962 3126 2248 3184 eminus
2294 3125 2473 3183 missa
2521 3142 2703 3200 oppo-

368 3209 566 3272 nenda
623 3210 804 3271 fuisse
852 3208 914 3264 N
946 3210 1088 3266 314.
1151 3210 1271 3266 713
1303 3229 1432 3285 sqq.
1493 3210 1544 3267 Ο
1590 3212 1709 3269 282
1756 3230 1842 3284 sq.
1891 3210 2121 3270 docent.
2214 3208 2330 3266 Sed
2388 3209 2534 3284 quid
2596 3209 2708 3267 hoc

370 3299 443 3357 ad
491 3300 790 3363 nostrum,
849 3293 951 3368 qui
1007 3312 1185 3367 quem
1229 3313 1335 3353 suo
1381 3294 1557 3354 modo
1604 3295 1934 3354 inflecteret
1980 3292 2236 3352 babebat
2281 3292 2464 3351 alium
2513 3295 2706 3351 locum

373 3382 440 3440 N
467 3384 590 3441 513
622 3401 711 3457 sq.

624 3473 752 3539 οὔτ’
799 3472 901 3555 ἄρ’
952 3470 1265 3551 ἔπαῗξαι
1308 3474 1478 3555 μεθ’
1528 3474 1653 3540 ἕὸν
1693 3475 1864 3555 βέλος
1907 3472 2038 3538 οὔτ’
2086 3473 2408 3537 ἀλέασθαι·

627 3573 705 3648 τῷ
751 3563 825 3644 ῥα
870 3560 968 3621 καὶ
1015 3559 1095 3622 ἐν
1140 3564 1408 3645 σταδίῃ
1449 3559 1559 3642 μὲν
1603 3558 1859 3640 ἀμύνετο
1906 3558 2104 3641 νηλεὲς
2149 3555 2329 3639 ἦμαρ,

372 3670 536 3729 cuius
592 3668 706 3727 loci
763 3665 909 3726 illud
962 3657 1136 3741 μεθ’
1196 3658 1319 3724 ἒόν
1375 3669 1521 3726 adeo
1578 3670 1782 3726 nostro
1837 3663 2081 3741 μόθον
2135 3665 2428 3742 originem
2473 3665 2707 3724 dedisse

370 3755 622 3826 nemini,
668 3754 769 3828 qui
815 3752 1026 3809 borum
1070 3750 1438 3810 imitatorum
1484 3757 1642 3812 artes
1688 3770 2031 3826 moremque
2088 3750 2296 3824 callet,
2362 3750 2706 3811 incredibile

371 3839 689 3899 videbitur.

541 3922 824 3998 Sequitur
876 3921 1063 3995 ipsius
1117 3939 1350 3996 pugnae
1409 3921 1729 3998 descriptio
1776 3920 2109 3978 244-278
2155 3920 2369 3979 misere
2412 3920 2592 3979 variis
2637 3938 2704 3977 ex

371 4008 518 4067 locis
576 4008 848 4066 conflata.
955 4003 1069 4062 Sed
1125 4006 1364 4080 singula
1430 4005 1876 4066 demonstrandi
1931 4004 2132 4063 labore
2184 4008 2252 4062 ut
2306 4004 2400 4063 hic
2466 4003 2707 4080 quidem

373 4092 756 4167 supersedere
788 4090 1029 4166 possim,
1076 4089 1393 4165 Kayseri
1441 4090 1639 4150 effecit
1668 4090 1999 4165 diligentia,
2046 4090 2242 4165 quiin
2289 4088 2707 4147 dissertatione

375 4196 554 4252 supra
584 4196 639 4251 p.
677 4178 793 4235 104
830 4172 1072 4232 laudata
1099 4193 1156 4249 p.
1189 4176 1268 4233 23
1301 4194 1389 4250 sq.
1422 4176 1660 4252 singula
1690 4176 1877 4234 totius
1909 4174 2233 4249 fragmenti
2277 4174 2506 4233 verba
2550 4174 2706 4232 unde

372 4263 588 4320 hausta
630 4260 753 4319 sint
781 4260 1069 4334 appositis
1099 4259 1245 4318 locis
1276 4259 1578 4332 indicavit,
1625 4260 1697 4318 de
1742 4259 2168 4334 argumenti
2216 4276 2353 4317 vero
2399 4258 2707 4316 ieiunitate

373 4346 515 4404 ibid.
550 4365 609 4422 p.
648 4347 718 4402 11
769 4345 1146 4404 verissimum
1189 4344 1301 4403 hoc
1341 4346 1488 4403 tulit
1529 4345 1847 4403 iudicium:
1906 4344 2173 4419 „scilicet
2231 4345 2358 4402 tota
2401 4362 2497 4402 res
2541 4355 2703 4398 σκια-

372 4428 551 4506 μαχία
591 4430 800 4505 -potius
843 4448 1020 4504 quam
1065 4427 1391 4505 μονομαχία
1437 4428 1746 4488 dicenda.“
