3132 5129
1276 404 1736 467 ...435-

346 562 578 636 omisit3
623 561 884 636 itemque
928 560 1108 618 ibid.
1157 563 1257 623 26.
1333 560 1465 619 Ηιιο
1519 561 1699 618 etiam
1752 560 2057 634 pertinent
2100 559 2266 635 XIX,
2316 561 2394 618 25
2457 560 2672 634 Μαρία

335 640 376 718 ἡ
428 644 559 703 τοῦ
606 643 912 717 Κλωπᾶ,
960 644 1135 705 ibid.
1182 647 1262 704 38
1303 639 1526 720 Ἰωσὴφ
1572 640 1604 701 ὁ
1647 636 1785 702 ἀπὸ
1826 638 2264 723 Ἀριμαθίας
2307 648 2370 703 οι
2420 645 2586 719 XXI,
2635 647 2670 703 2

341 720 689 804 Ναθαναὴλ.
733 719 766 787 ὁ
819 720 960 787 ἀπὸ
1032 728 1244 788 Κανᾶ
1311 728 1435 803 τῆς
1504 727 1954 803 Γαλιλαίας,
2011 748 2259 806 quorum
2313 730 2466 788 nihil
2515 730 2672 806 apud

339 816 624 875 Nonnum
670 815 991 874 invenitur.

508 900 582 976 V,
631 900 711 958 23
757 889 862 957 τὸν
907 894 1228 974 πέμψαντα
1270 892 1454 957 αὐτὸν
1497 900 1598 958 hic
1640 900 1909 974 quidem,
1960 900 2058 957 ubi
2103 900 2451 960 brevissime
2497 903 2667 975 pater

336 989 516 1061 atque
568 947 727 1044 'filius
786 988 1224 1081 componuntur
1277 1018 1359 1028 -
1416 982 1518 1042 ἴνα
1575 981 1793 1056 πάντες
1849 983 2052 1061 τιμῶσι
2108 974 2213 1042 τὸν
2275 981 2412 1041 υἱὸν
2464 980 2676 1053 καθώς
2711 985 2800 1039 15·

337 1076 553 1146 τιμαῖσι
596 1066 699 1127 τὸν
743 1065 998 1147 πατέρα·
1052 1058 1084 1126 ὃ
1126 1092 1207 1145 μη
1250 1069 1438 1146 τιμῶν
1480 1059 1585 1128 τὸν
1631 1060 1766 1129 υἷὸν
1810 1090 1883 1127 ου
1942 1067 2083 1149 τιμοὶ
2142 1065 2244 1126 τὸν
2299 1064 2523 1142 πατέρα
2570 1103 2672 1143 —-‚

340 1174 474 1213 cum
518 1156 736 1213 Nonno
782 1155 994 1213 melius
1026 1156 1168 1214 reici
1213 1156 1512 1217 videntur.
1590 1155 1878 1232 Sequenti
1925 1172 2098 1214 versu
2144 1152 2222 1235 τῷ
2269 1150 2577 1229 πέμψαντί
2600 1175 2673 1229 με

340 1240 693 1315 simpliciter
749 1240 812 1298 in
869 1235 997 1320 ἔμῳ
1051 1244 1227 1315 τοκῆι
1284 1242 1754 1300 transformavit.
1852 1240 2023 1310 Quod
2090 1239 2325 1313 saepius
2384 1239 2547 1314 fecit,
2607 1242 2674 1297 ιιι

339 1324 1132 1400 VI11‚16.18.X11,49.

509 1409 621 1483 VI,
673 1411 748 1467 19
809 1404 911 1466 καὶ
967 1405 1143 1487 ἐγγὺς
1200 1417 1305 1468 τοῦ
1346 1408 1555 1468 πλοίου
1607 1405 1922 1488 γινομένου
1979 1429 2336 1486 quamquam
2395 1409 2540 1467 facit
2594 1408 2670 1466 ad

341 1496 700 1553 narrationis
746 1496 1014 1553 tenorem
1061 1495 1511 1569 illustrandum,
1564 1497 1709 1571 quin
1756 1497 1932 1554 etiam
1978 1496 2183 1554 abesse
2226 1496 2447 1571 possit,
2495 1512 2669 1552 nemo

341 1598 463 1637 non
509 1579 810 1639 concedet.
885 1580 1086 1681 Magis
1107 1580 1291 1639 etiam
1333 1584 1674 1656 suspectum
1719 1580 1892 1640 ibid.
1942 1581 2022 1638 24
2069 1579 2373 1656 ζητοῦντες
2419 1575 2524 1636 τὸν
2562 1570 2668 1651 ’-Ιη

340 1671 490 1721 σοῦν
536 1659 665 1742 (ubi
711 1664 773 1722 in
820 1664 953 1724 aliis
1011 1657 1196 1723 αὐτὸν
1248 1666 1525 1741 legitur),
1586 1667 1867 1742 quoniam
1923 1666 2090 1723 nulla
2143 1685 2320 1724 causa
2365 1665 2509 1738 fuit,
2569 1682 2673 1722 cur

341 1749 665 1808 multitudo
713 1749 936 1825 Iesum,
999 1770 1175 1826 quem
1220 1770 1340 1810 non
1386 1751 1633 1809 vidisset
1681 1770 1893 1811 navem
1937 1750 2357 1824 conscendere,
2416 1748 2670 1823 Caphar-

339 1835 544 1892 naumi
590 1853 716 1893 esse
763 1836 1186 1910 suspicaretur.

511 1919 659 1994 VH,
699 1921 777 1978 10
820 1923 1054 1979 tantum
1085 1920 1295 1978 habuit
1324 1914 1409 1990 ὥς
1455 1915 1517 1978 δὲ
1546 1912 1854 1997 ἀνέβησαν
1897 1918 1960 1978 οἱ
1995 1914 2243 1994 αδελφοὶ
2287 1912 2507 1993 αὐτοῦ,
2557 1912 2680 1975 τότε

342 1999 444 2060 καὶ
486 1996 664 2071 αὐτὸς
707 1997 896 2081 ἀνέβη
942 2003 1026 2072 εἰς
1072 2000 1180 2081 τὴν
1225 2000 1441 2081 ἑορτήν
1484 2001 1694 2107 (sicl),
1757 2006 1914 2063 haud
1975 2006 2094 2064 scio
2151 2024 2226 2062 an
2269 2007 2449 2062 recte.
2525 2003 2679 2060 Nam

344 2106 498 2163 quae
543 2091 811 2163 proxima
856 2094 999 2149 sunt
1042 2109 1113 2147 ου
1163 2097 1473 2165 φανερῶς,
1518 2083 1663 2148 ἄλλα
1710 2084 1792 2159 ὥς
1822 2086 2011 2168 (quod
2042 2090 2218 2147 multi
2264 2084 2581 2165 οιιιιιιιιιιι)
2615 2082 2681 2143 ἐν

337 2172 589 2275 κρυπτῷ
634 2176 862 2234 intrusa
905 2175 1185 2234 videntur
1253 2179 1505 2250 propter
1548 2194 1645 2250 ea,
1705 2194 1852 2250 quae
1906 2176 2022 2232 iam
2078 2178 2408 2248 sequuntur
2461 2172 2523 2231 οῖ
2569 2161 2683 2229 ουν

337 2232 619 2316 Ἰουδαῖοι
663 2253 907 2335 ἐζήτουν
948 2252 1141 2317 αυτόν
1184 2264 1292 2318 οιο.
1369 2259 1594 2319 Verum
1626 2261 1783 2319 enim
1815 2278 1955 2318 vero
1999 2278 2119 2318 non
2163 2259 2304 2333 quia
2348 2258 2526 2332 clam,
2574 2256 2678 2316 sed

344 2343 486 2418 quia
529 2344 714 2404 serius
760 2364 937 2420 quam
969 2345 1182 2405 fratres
1226 2345 1302 2402 ad
1350 2345 1569 2403 festum
1602 2345 1895 2419 ascendit,
1943 2342 2310 2419 aliquamdiu
2341 2361 2475 2399 eum
2504 2360 2680 2417 quae·

341 2428 555 2487 rebant
597 2429 820 2492 Iudaei.

516 2513 674 2588 XIV,
709 2516 787 2574 26
821 2515 1178 2591 simpliciter
1221 2503 1420 2610 legit‘
1398 2534 1430 2573 ο
1474 2508 1540 2573 δὲ
1584 2511 1954 2612 παράκλητος
1998 2504 2154 2610 ὑμᾶς
2200 2507 2430 2607 διδάξει
2461 2512 2681 2571 omissa

346 2598 616 2675 longiore
663 2601 866 2677 glossa
919 2596 983 2657 τὸ
1029 2607 1267 2675 πνεῦμα
1324 2591 1388 2658 τό
1429 2620 1603 2678 αγιον
1647 2591 1681 2659 ὃ
1723 2596 1946 2675 πέμψει
1993 2589 2024 2655 ὁ
2071 2585 2264 2674 πατὴρ
2309 2592 2376 2655 ἐν
2420 2598 2499 2679 τῷ
2542 2589 2676 2655 ὀνό-

347 2681 493 2759 ματί
528 2703 673 2759 μου,
720 2680 976 2761 ἐκεῖνος,
1021 2705 1170 2761 quae
1213 2685 1587 2744 incommode
1631 2690 1767 2762 post
1809 2682 2179 2761 παράκλητος
2222 2683 2571 2741 ιιιιιιιᾱιιιιι.

512 2768 829 2830 Postremo
873 2770 1068 2830 abfuit
1112 2790 1146 2828 a
1191 2770 1392 2829 Nonni
1424 2770 1626 2830 codice
1655 2770 1877 2844 XVIII,
1912 2770 1992 2827 28
2036 2760 2117 2845 ἦν
2161 2763 2225 2825 δὲ
2269 2766 2429 2844 πρωί
2467 2767 2679 2825 inutile

344 2856 482 2928 post
525 2854 669 2930 galli
714 2859 956 2914 cantum
998 2855 1173 2915 modo
1220 2858 1643 2931 memoratum,
1703 2856 1872 2930 XIX,
1924 2857 2001 2913 13
2057 2849 2153 2911 ἐπὶ
2209 2849 2468 2951 βήματος
2523 2855 2680 2910 certe

346 2941 938 3082 ιιοιιωῖοοοεεειιιιιιιις
998 2941 1115 2999 fuit
1158 2941 1220 2999 in
1265 2959 1334 2999 eo
1378 2941 1518 3015 XX,
1573 2944 1647 3001 16
1704 2941 1895 3000 solum
1942 2930 2266 3018 Ῥαββουνί
2312 2939 2438 2997 sine
2493 2938 2679 2996 inter-

347 3041 451 3096 pre
547 3042 679 3082 ione

518 3108 670 3167 Aliis
714 3110 859 3169 locis
903 3110 1153 3169 Nonnus
1196 3129 1267 3168 ea
1311 3110 1580 3186 ignorat,
1642 3129 1793 3185 quae
1837 3110 2139 3168 aliunde
2197 3108 2540 3184 repetita
2593 3107 2680 3164 vi-

349 3191 581 3251 dentur.
656 3194 769 3289 {lic
813 3197 952 3254 ante
999 3197 1200 3254 omnia
1241 3196 1283 3253 ιι
1331 3195 1445 3254 loci
1484 3196 1765 3258 enotandi
1814 3197 1982 3268 sunt,
2029 3196 2093 3253 in
2139 3194 2354 3269 quibus
2398 3191 2682 3250 sollemne
2763 3249 2768 3256 ,

347 3277 499 3336 illud
542 3269 735 3354 α’μὴν
779 3267 977 3354 ἀμήν
1019 3277 1196 3356 λέγω
1253 3270 1436 3354 ὑμῖν
1489 3283 1596 3338 aut
1640 3299 1758 3339 non
1816 3281 1966 3356 legit
2021 3282 2125 3337 aut
2185 3296 2358 3337 versu
2413 3280 2680 3351 repetere

350 3361 706 3438 dedignatus
750 3367 862 3424 est..
946 3364 1232 3424 Reddidit
1274 3383 1416 3423 sane
1461 3364 1509 3440 Ι,
1558 3366 1638 3422 25
1685 3384 1741 3426 v.
1791 3366 1946 3422 209:

598 3479 900 3561 μάρτυρον
945 3477 1372 3558 ἐμπεδόμυθον
1416 3470 1577 3559 ἀμην
1621 3476 1788 3557 ἀμὴν
1833 3477 2012 3557 σέβας
2058 3477 2202 3539 ἔστω

353 3618 615 3694 itemque
658 3619 742 3694 V,
789 3621 869 3677 24
917 3641 969 3682 v.
1013 3621 1093 3678 89
1140 3619 1469 3678 substituto
1513 3615 1697 3676 πάλιν
1740 3637 1851 3693 pro
1897 3615 2104 3695 σέβας,
2151 3620 2278 3676 ιιιιιι
2325 3616 2406 3693 X,
2458 3620 2488 3674 1
2536 3611 2681 3692 μάρ·

355 3722 528 3775 τυρος
569 3696 991 3777 ἆστυφέλικτος
1033 3694 1193 3780 αμὴν
1234 3693 1396 3780 ἀμὴν
1440 3696 1611 3778 λόγος
1655 3699 1836 3778 ἔστω,
1881 3705 2144 3778 itemque
2187 3702 2415 3777 111,2o
2457 3701 2678 3760 substi-

351 3791 486 3847 tuto
530 3783 943 3863 ἕμπεὸόμυθος
991 3807 1099 3882 pro
1142 3781 1586 3862 ἆστυφὲλικτος.
1665 3788 1817 3846 Τιιιιι
1863 3788 2022 3861 XVI,
2058 3788 2141 3844 20
2184 3805 2290 3861 per
2332 3805 2542 3864 ορκιον
2587 3779 2678 3860 ἐμ-

351 3869 705 3949 πεδόμυθον
745 3866 911 3948 ἀμὴν
950 3861 1114 3946 ἀμὴν
1154 3864 1439 3948 αγορεύω.
1515 3872 1631 3931 Sed
1678 3873 1879 3932 omisit
1919 3873 2028 3946 III,
2078 3874 2135 3930 3
2183 3871 2242 3934 5.
2291 3869 2363 3945 V,
2412 3872 2510 3929 25.
2573 3867 2678 3942 VI,

353 3959 453 4016 26.
502 3959 602 4016 32.
650 3955 815 4031 VIII,
863 3959 961 4020 34.
1005 3959 1104 4016 58.
1150 3959 1221 4032 Χ,
1272 3959 1326 4016 7.
1373 3958 1517 4032 XII,
1568 3959 1666 4015 24.
1713 3956 1877 4031 XIII,
1929 3959 2025 4016 16.
2075 3957 2174 4015 21.
2224 3956 2321 4014 38.
2368 3952 2527 4027 XIV,
2580 3955 2676 4011 12.

352 4040 513 4118 XVI,
561 4043 662 4102 23.
708 4002 865 4116 XX’1,
917 4044 1013 4101 18.
1089 4042 1176 4100 De
1220 4041 1311 4099 his
1354 4042 1703 4118 singulatim
1747 4041 1941 4099 dicere
1987 4039 2198 4100 inutile
2242 4042 2350 4100 est.

523 4127 766 4186 Maioris
810 4128 1095 4186 momenti
1139 4127 1244 4186 alii
1288 4130 1431 4185 sunt
1476 4125 1610 4185 loci.
1682 4125 1777 4184 Ita
1818 4124 1929 4200 III,
1978 4128 2051 4184 31
2089 4144 2175 4199 sq.
2222 4126 2458 4199 recepta
2501 4122 2678 4181 lectio

352 4210 495 4270 haec
537 4215 655 4272 est.
711 4231 744 4268 ο
785 4207 1031 4271 ανωθεν
1075 4206 1383 4289 ἐρχόμενος
1439 4207 1643 4268 ἒπανω
1695 4203 1936 4268 πάντων
1980 4206 2158 4267 ἐστίν.
2232 4203 2263 4265 ὁ
2308 4229 2399 4267 ων
2452 4203 2518 4265 ἐκ
2573 4213 2682 4283 τῆς

352 4301 463 4390 γῆς
510 4290 576 4353 ἔκ
621 4304 723 4372 τῆς
767 4296 878 4375 γῆς
921 4292 1081 4355 ἐστὶν
1121 4292 1222 4355 καὶ
1270 4291 1334 4352 ἐκ
1380 4303 1482 4373 τῆς
1534 4294 1642 4396 γῆς
1688 4296 1874 4354 λαλεῖ·
1938 4314 1970 4351 ο
2018 4290 2082 4352 ἐκ
2127 4292 2231 4351 τοῦ
2276 4283 2535 4369 ουρανοῦ
2581 4289 2675 4367 ἕρ-

332 4370 599 4456 ’χόμενος
653 4377 855 4440 ἐπάνω
908 4400 1151 4441 παντων
1201 4377 1391 4456 ἐστίν,
1446 4377 1548 4438 καὶ
1600 4370 1633 4436 ὁ
1687 4372 1947 4456 ἑώρακεν
2000 4374 2102 4436 καὶ
2152 4373 2449 4452 ἤκουσεν,
2509 4377 2680 4434 τοῦτο

354 4469 652 4543 μαρτυρεῖ.
738 4466 937 4526 Verba
990 4472 1126 4543 post
1175 4468 1489 4526 minimum
1554 4465 1814 4541 spatium
1867 4464 2127 4539 repetita
2182 4456 2382 4521 ἐπάνω
2437 4452 2681 4521 πάντων

2181 4560 2287 4612 28*
