3132 5129
1366 354 1783 416 -14—

406 537 540 576 nem
586 515 940 588 defendant,
989 515 1082 575 vel
1128 513 1275 572 illud
1310 513 1501 572 Ulixis
1546 507 1691 587 ἄχος
1735 532 1790 571 v.
1831 514 1943 570 171
1981 513 2369 571 demonstrat.
2447 507 2573 579 Quo
2607 529 2745 569 cum

410 602 781 677 simpliciter
808 619 1035 659 moeror
1090 599 1461 675 significetur
1506 598 1578 656 de
1625 598 1785 672 turpi
1832 597 1974 673 fuga
2021 604 2371 673 conceptus,
2430 614 2547 671 quo
2605 597 2742 669 ipso

409 706 542 744 eum
590 705 730 761 prae
791 686 1005 744 ceteris
1063 685 1335 743 idoneum
1390 684 1573 741 fuisse
1631 682 2022 756 exsequendis
2081 683 2386 740 Minervae
2441 681 2741 738 mandatis

412 771 735 842 indicatur,
785 769 1214 845 Naegelsbach.
1261 769 1398 826 inde
1443 770 1552 826 hoc
1597 768 1710 827 sibi
1757 767 1989 825 effinxit
2031 786 2091 842 p.
2130 770 2279 824 161:
2355 765 2510 834 „Die
2552 764 2740 835 Krasl

406 858 509 916 der
564 857 846 922 Farsten,
903 857 995 913 die
1045 858 1150 912 mit
1205 857 1287 912 im
1333 852 1723 911 Geheimnisse
1776 852 1943 920 sind,
1997 854 2092 919 ist,
2165 854 2298 910 wie
2354 851 2741 923 beispiels-

406 942 614 999 weise
671 960 767 999 an
824 938 1190 1014 odysseus
1242 939 1578 997 sichtbar
1628 938 1815 995 wird
1871 942 1957 1012 (v.
2012 936 2189 1012 170),
2235 955 2364 995 vom
2418 934 2739 1008 Unyestiim

407 1027 511 1084 der
568 1025 771 1083 Vo'lker
808 1026 1118 1099 qeldhmt.“
1195 1024 1355 1093 Quae
1402 1023 1603 1081 omnia
1647 1040 1765 1079 non
1796 1022 1988 1079 solum
2035 1022 2302 1096 ignorari
2347 1020 2419 1078 ab
2455 1019 2739 1087 Homer-0,

407 1111 509 1169 sed
555 1110 804 1169 refutari
850 1112 1033 1184 patet.
1107 1108 1263 1166 Nam
1308 1111 1376 1164 ut
1418 1106 1623 1165 Ulixes
1657 1110 1962 1180 tamquam
2009 1106 2337 1181 exemplum
2387 1105 2738 1163 exhibeatur

409 1195 626 1255 ducum
672 1214 705 1251 a
750 1195 893 1270 fuga
935 1194 1376 1252 abhorrentium
1409 1190 1646 1250 tantum
1676 1191 1872 1263 abest,
1920 1195 1988 1249 ut
2017 1191 2342 1249 secundum
2376 1211 2429 1249 v.
2470 1189 2586 1248 188
2608 1207 2737 1263 sqq.

410 1281 451 1336 ii
497 1299 696 1338 omnes
744 1280 804 1336 in
860 1280 1003 1355 fuga
1055 1267 1320 1353 paranda
1374 1277 1643 1351 occupati
1700 1276 2033 1334 videantur.
2126 1275 2330 1333 Simile
2387 1278 2585 1333 tamen
2640 1273 2739 1331 hic

409 1382 643 1439 quoque
689 1382 935 1422 acumen
980 1363 1355 1438 praeiverant
1398 1360 1788 1420 Alexandrini
1841 1360 1924 1437 [v.
1958 1359 2152 1418 Schol.
2190 1358 2296 1417 LV
2328 1360 2400 1418 ad
2448 1379 2504 1417 v.
2563 1351 2733 1437 1551:

412 1444 443 1504 ὁ
485 1443 803 1516 Ὀδυσσεὺς
835 1482 914 1488 ——
948 1445 1178 1504 ἵσταται
1219 1443 1299 1522 μὴ
1344 1441 1660 1503 καθέλκων
1705 1435 1812 1520 τὴν
1859 1451 2034 1520 ναῦν,
2081 1441 2181 1501 διὰ
2228 1442 2439 1501 τούτου
2486 1439 2726 1510 δεικνὺς

409 1528 443 1591 ὃ
490 1529 762 1610 ἐβούλετο
805 1529 904 1590 καὶ
948 1527 1084 1602 τοὺς
1129 1527 1348 1600 ἄλλους
1392 1534 1602 1593 ποιεῖν.

580 1618 669 1675 De
713 1637 771 1676 v.
813 1618 1138 1676 188—205
1185 1614 1354 1691 (nam
1400 1636 1454 1674 v.
1489 1616 1608 1675 206
1655 1615 1891 1690 quidem
1938 1618 2142 1688 aperte
2185 1634 2256 1672 ex
2293 1614 2329 1670 I
2358 1617 2436 1673 99
2476 1613 2742 1672 effictum

411 1721 586 1760 nemo
633 1702 807 1760 hodie
853 1700 1159 1777 defendet)
1192 1704 1253 1758 et
1282 1702 1423 1758 olim
1458 1710 1519 1758 et
1561 1719 1719 1758 nunc
1765 1701 2019 1758 multum
2051 1699 2393 1758 dubitatum
2428 1703 2534 1757 est.
2609 1699 2743 1755 Ari-

414 1787 681 1845 starchus
727 1786 965 1861 quidem
1010 1806 1065 1845 v.
1109 1787 1432 1844 193-197
1482 1786 1652 1844 obelo
1698 1784 2027 1843 transfixit:
2075 1778 2191 1841 ἀπὸ
2238 1782 2447 1841 τούτου
2480 1778 2588 1852 ἕως
2633 1787 2743 1838 τοῦ

414 1866 599 1948 ,,τιμὴ
645 1864 702 1925 δ’
753 1867 817 1928 ἐκ
855 1868 1000 1940 Διός
1057 1866 1223 1927 ἑστι“
1265 1862 1627 1928 ἇθετοῦνται
1671 1868 1856 1944 στίχοι
1902 1865 1978 1942 ε’,
2035 1863 2127 1926 ὅτι
2169 1863 2507 1937 «ἐπεοικότες
2553 1865 2615 1924 οἱ
2651 1858 2744 1923 λό-

417 1977 509 2032 γοι
552 1952 652 2012 καὶ
701 1948 771 2013 οὐ
820 1952 1228 2034 προτρεπτικοὶ
1283 1952 1365 2024 εἰς
1410 1951 1799 2029 καταστολήν.
1862 1954 2001 2012 AL.
2079 1953 2494 2012 Lachmannus
2539 1971 2610 2010 ex
2651 1952 2746 2009 his

418 2061 473 2099 v.
525 2042 646 2098 193
691 2041 938 2113 retinet,
986 2040 1091 2098 sed
1137 2044 1196 2098 et
1244 2040 1575 2098 194—197
1623 2043 1686 2098 et
1731 2039 2065 2098 203--205
2121 2058 2229 2113 pro
2294 2039 2510 2114 spuriis
2566 2037 2748 2094 habet

415 2125 865 2197 additamentis,
910 2125 1124 2199 quibus
1156 2126 1320 2201 regia
1348 2127 1614 2200 potestas
1659 2143 1694 2182 a
1735 2123 1876 2182 Iove
1923 2124 2061 2182 data
2091 2124 2390 2183 illustrata
2421 2123 2520 2181 sit.
2597 2120 2747 2180 Con—

416 2211 602 2268 sentit
632 2208 871 2268 Curtius
916 2231 973 2285 p.
1013 2211 1116 2281 12,
1164 2210 1281 2268 nisi
1325 2210 1486 2284 quod
1530 2229 1663 2269 cum
1698 2209 2042 2268 Aristarcho
2089 2209 2270 2267 etiam
2315 2229 2370 2267 v.
2424 2209 2542 2266 193
2576 2206 2748 2265 reicit

418 2298 480 2353 et
523 2294 930 2353 additamenta
975 2293 1081 2353 illa
1112 2295 1227 2353 alio
1261 2294 1498 2366 ordine,
1547 2313 1725 2370 quam
1765 2311 1884 2368 quo
1914 2311 2073 2352 nune
2100 2293 2404 2368 leguntur,
2448 2312 2506 2350 v.
2541 2293 2747 2351 203-

417 2381 537 2439 205
583 2379 655 2437 ad
707 2380 856 2451 192,
922 2399 979 2438 v.
1031 2381 1169 2438 196.
1220 2381 1358 2437 197.
1412 2381 1529 2438 195
1576 2375 1755 2455 (sicl)
1803 2378 1875 2435 ad
1922 2380 2043 2437 202
2090 2379 2319 2436 adiecta
2360 2379 2556 2452 putat.
2633 2375 2748 2435 Sed

414 2465 557 2522 haec
602 2463 839 2539 quidem
885 2464 1058 2523 valde
1102 2466 1329 2523 incerta
1373 2467 1539 2522 sunt:
1602 2463 1793 2521 multo
1837 2463 2205 2537 probabilius
2260 2466 2385 2534 est,
2440 2462 2604 2520 varia
2647 2460 2748 2517 ad-

417 2549 743 2608 ditamenta
786 2582 869 2592 —
924 2569 1087 2627 nam,
1116 2568 1248 2608 cum
1306 2548 1685 2607 Lachmanno
1744 2550 1805 2606 et
1849 2546 2056 2607 Curtio
2112 2548 2418 2607 consentio
2474 2547 2749 2622 primitus

322 2647 383 2695 18
415 2637 650 2692 tantum
693 2653 764 2692 ex
810 2634 986 2693 trinis
1031 2635 1300 2694 versibus
1348 2632 1745 2710 (190-192,
1796 2632 2158 2709 200-202)
2205 2633 2398 2691 Ulixis
2442 2649 2746 2691 sermones

417 2719 758 2778 constitisse
808 2751 877 2759 ——
927 2719 1089 2778 varie
1131 2738 1289 2777 nunc
1350 2719 1461 2777 hoc
1507 2737 1664 2776 nunc
1719 2718 1824 2776 illo
1870 2717 2028 2790 loce,
2087 2736 2244 2777 nunc
2298 2717 2534 2793 plenius
2591 2733 2750 2775 nunc

418 2805 653 2879 parcius
697 2805 927 2862 intrusa
981 2822 1136 2876 esse,
1193 2804 1380 2862 donec
1426 2823 1457 2861 a
1501 2803 1872 2862 Pisistrateis
1927 2808 2092 2861 certa
2135 2798 2198 2861 in
2243 2803 2503 2861 statione
2551 2801 2752 2859 omnia

419 2889 870 2947 collocarentur.
946 2887 1016 2945 In
1049 2907 1117 2947 eo
1147 2892 1345 2946 autem
1378 2888 1609 2946 fallitur
1632 2887 2077 2960 Lachmannus,
2125 2887 2286 2962 quod
2315 2907 2374 2945 v.
2414 2886 2748 2945 203—205

419 2973 620 3032 statim
684 2976 824 3047 post
886 2974 1000 3031 192
1068 2974 1209 3049 poni
1277 2973 1551 3032 debuisse
1616 2973 1734 3030 iam
1788 2972 2203 3031 Aristarchum
2264 2972 2520 3030 sensisse
2577 2971 2749 3028 dicit:

419 3058 601 3116 immo
646 3058 896 3115 aliorum
941 3057 1091 3116 hanc
1138 3059 1332 3117 fuisse·
1351 3058 1739 3130 sententiam,
1787 3056 1889 3115 sed
1933 3057 2007 3115 ab
2048 3056 2394 3117 Aristarcho
2427 3056 2750 3114 refutatam

420 3163 489 3200 ex
546 3147 716 3215 nota,
773 3161 923 3217 quae
983 3143 1048 3201 in
1090 3142 1273 3200 ABL
1333 3144 1407 3200 ad
1464 3162 1520 3200 v.
1571 3143 1691 3200 203
1747 3142 1999 3217 legitur,
2066 3142 2347 3200 conicias:
2416 3134 2526 3197 οὐκ
2590 3135 2750 3196 ἔσται

418 3225 781 3304 δημοκρατία
850 3225 1057 3302 φησίν.
1144 3225 1199 3284 εἰ
1251 3221 1316 3283 δὲ
1383 3231 1503 3297 τοῖς
1572 3225 1791 3301 μείζοσι
1853 3233 2037 3283 ταῦτα
2098 3223 2320 3303 ἔλεγεν,
2376 3221 2585 3301 ἐξῆπτε
2641 3219 2755 3298 τὴν

421 3309 659 3384 στάσιν,
717 3310 1174 3388 σπουδαρχιδῶν
1227 3304 1469 3386 ἀνδρῶν
1534 3307 1602 3368 ἐν
1657 3306 1913 3390 τοσούτῳ
1968 3308 2216 3391 θορύβῳ
2271 3301 2751 3382 καθαπτόμενος.

422 3396 646 3478 Contra
706 3397 814 3455 hos
870 3395 1299 3472 Naegelsbach.
1358 3416 1415 3471 p.
1477 3396 1810 3455 299-302
1880 3396 2238 3471 disputavit,
2307 3401 2476 3454 acute
2543 3413 2751 3454 versus

422 3499 625 3539 omnes
670 3484 732 3538 et
776 3481 1067 3557 genuinos
1114 3500 1239 3540 esse
1296 3485 1357 3538 et
1411 3500 1515 3540 suo
1579 3482 1708 3540 loco
1765 3480 1993 3555 positos
2050 3480 2585 3542 demonstraturus,
2664 3479 2753 3536 Ea

422 3567 619 3624 omnia
664 3569 1022 3640 pertractare
1069 3567 1282 3624 inutile
1339 3570 1457 3637 est,
1518 3566 1797 3640 quoniam
1855 3565 2005 3622 nihil
2061 3566 2245 3624 refert
2299 3565 2373 3622 ad
2431 3585 2616 3624 meam
2678 3564 2751 3622 de

422 3654 547 3709 toto
594 3650 748 3709 libro
794 3651 1181 3720 sententiam,
1243 3655 1391 3726 quot
1446 3655 1551 3708 aut
1596 3651 1699 3725 qui
1746 3650 1956 3707 horum
2003 3668 2279 3709 versuum
2335 3654 2398 3709 et
2456 3668 2576 3724 quo
2621 3649 2750 3707 loco

424 3736 517 3794 hic
561 3735 977 3797 admittantur.
1054 3735 1252 3793 Unum
1301 3738 1417 3808 est,
1476 3735 1635 3811 quod
1682 3739 1836 3794 recte
1882 3734 2222 3793 observavit
2273 3767 2345 3777 —-
2393 3753 2753 3810 quamquam

422 3839 490 3878 eo
551 3839 661 3878 nec
716 3819 1129 3880 Lachmannus
1196 3839 1306 3878 nec
1364 3819 1605 3879 Curtius
1666 3821 1939 3896 tangitur
1986 3851 2095 3893 -—,
2152 3839 2272 3878 non
2332 3838 2501 3895 posse
2540 3811 2752 3877 >solum

424 3924 659 3964 versum
710 3906 826 3963 194
875 3906 1163 3981 expungi,
1223 3906 1500 3980 quoniam
1547 3909 1678 3962 tum
1721 3905 1876 3962 male
1921 3904 2012 3962 bis
2057 3904 2262 3963 eadem
2310 3904 2573 3963 clausula
2615 3893 2752 3972 υἷας

416 3982 671 4063 Ἀχαιῶν
714 3990 1019 4048 inferatur.
1098 3989 1213 4048 Sed
1261 3991 1323 4048 in
1368 3990 1501 4065 ipso
1547 3991 1651 4048 illo
1701 4009 1900 4062 versu,
1962 3990 2193 4048 exiliter
2246 3993 2495 4049 consuto
2544 3988 2645 4065 (cf.
2697 4008 2748 4046 v.

424 4076 566 4132 ⁶203.
616 4072 649 4128 ὃ
695 4074 810 4132 281
865 4079 925 4132 et
970 4075 1041 4131 H
1079 4075 1223 4133 455.
1272 4073 1324 4130 Θ
1362 4076 1497 4132 152.
1548 4074 1604 4136 Ξ
1633 4076 1734 4133 95.
1783 4073 1993 4131 11·49.
2040 4074 2103 4128 Χ
2134 4076 2272 4135 178.
2319 4096 2354 4132 ν
2403 4075 2546 4147 140,
2594 4073 2752 4131 unde

423 4164 629 4216 contra
658 4158 1041 4218 Homericum
1086 4178 1260 4218 usum
1303 4159 1359 4217 h.
1407 4160 1446 4217 l.
1496 4151 1625 4217 οἷον
1670 4155 1864 4216 ἔειπεν
1908 4158 2168 4231 positum
2214 4178 2339 4218 esse
2386 4151 2752 4234 intelleges),

422 4261 571 4316 quae
617 4244 816 4301 omnia
872 4245 1139 4303 invenire
1199 4244 1311 4302 sibi
1358 4245 1522 4302 visus
1568 4248 1685 4314 est,
1746 4243 1935 4318 ipsius
1995 4243 2191 4303 verbis
2249 4243 2465 4303 addere
2524 4244 2750 4318 placet:

422 4372 459 4396 ‚‚
474 4327 617 4386 Was
659 4329 823 4386 kann
874 4328 980 4399 fiir
1022 4330 1405 4404 Beruhiquny
1448 4331 1549 4387 der
1592 4326 1850 4387 Fitrsten
1891 4328 2229 4387 wirksamer
2272 4330 2399 4389 und
2431 4328 2755 4401 pass-ander

421 4431 592 4488 seyn,
638 4414 728 4472 als
757 4413 896 4484 dass
923 4416 1006 4472 sie
1038 4413 1325 4489 odysseus
1366 4432 1468 4473 vor
1495 4413 1684 4472 Allem
1726 4415 1856 4471 mit
1897 4414 2018 4471 ins
2063 4411 2517 4484 Geheimniss
2545 4413 2753 4482 nieht,
