3132 5129
1197 394 1658 457 -157—

524 547 887 645 δαιομένων·
933 538 976 621 ἢ
1020 543 1078 604 δ’
1127 545 1303 607 ἔνδον
1343 537 1680 607 άοιδιάουσ’
1732 537 1831 606 ὀπὶ
1877 548 2028 628 καλῇ

524 625 686 695 ἰστὸν
730 628 1082 729 ἐποιχομένη
1125 621 1365 740 χρυσείῃ
1393 629 1639 730 κερκίδ’
1688 630 1967 708 ὕφαινεν.

444 743 475 782 ο
556 717 670 796 ὕλη
715 716 783 779 δὲ
827 715 1000 788 σπέος
1041 710 1197 794 ἀμφὶ
1243 711 1524 814 πεφύκει
1548 715 1924 794 τηλεθόωσα,

516 798 749 880 κλήθρη
796 796 847 862 τ’
897 798 1161 882 αἴγειρός
1206 825 1266 863 τε
1310 800 1416 862 καὶ
1461 791 1693 877 εὐώδης
1737 801 2134 881 κυπάρισσος·

518 887 667 948 ἔνθα
714 886 774 952 δέ
819 883 877 946 τ’
924 884 1173 966 ὄρνιθες
1217 888 1630 983 τανυσίπτεροι
1676 882 2025 964 εὐνάζοντο,

515 971 744 1045 σκῶπές
787 969 843 1031 τ’
893 971 1098 1050 ἴρηκές
1140 995 1200 1033 τε
1245 967 1654 1051 τανύγλωσσοί
1693 993 1753 1032 τε
1797 994 2084 1048 κορωναι.

449 1081 480 1120 ο
561 1053 600 1137 ἣ
646 1055 702 1116 δ’
751 1050 937 1116 αὐτοῦ
984 1055 1303 1120 τετάνυστο
1347 1056 1484 1136 περὶ
1527 1058 1767 1129 σπείους
1809 1061 2142 1137 γλαφυροῖο

519 1140 720 1222 ἡμερὶς
765 1133 1058 1221 ηβώωσα,
1103 1137 1340 1220 τεθήλει
1388 1140 1455 1203 δε
1499 1147 1865 1226 σταφυλῇσι·

518 1229 736 1306 κρῆναι
780 1222 842 1286 δ’
893 1225 1080 1305 ἑξείης
1123 1231 1366 1303 πίσυρες
1410 1225 1550 1307 ῥέον
1593 1226 1774 1288 υδατι
1820 1229 2041 1326 λευκῷ,

517 1315 758 1390 πλησίαι
803 1300 1102 1391 αλλήλων,
1150 1311 1539 1389 τετραμμέναι
1582 1309 1828 1384 ἄλλυδις
1871 1289 2038 1387 ἄλλη

451 1421 482 1460 e
562 1393 718 1475 ἆμφι
763 1393 826 1456 δὲ
872 1399 1151 1475 λειμῶνες
1193 1396 1446 1474 μαλακοὶ
1494 1397 1596 1458 ἴου
1638 1386 1746 1472 ἠδὲ
1787 1398 2025 1456 σελίνου

516 1481 758 1561 θήλεον.
821 1479 977 1541 ενθα
1022 1479 1080 1541 κ’
1128 1480 1327 1542 ἔπειτα
1371 1479 1474 1541 καὶ
1518 1477 1825 1554 ἀθάνατός
1869 1504 1978 1560 περ
2025 1478 2302 1541 ἐπελθών

519 1563 816 1665 θηήσαιτο
855 1558 1006 1629 ίδων
1046 1565 1147 1627 καὶ
1194 1568 1483 1645 τερφθείη
1528 1564 1741 1646 φρεσὶν
1784 1559 1949 1649 ᾗσιν.

519 1652 672 1713 ἔνθα
715 1645 857 1723 στὰς
900 1657 1115 1752 θηεῖτο
1158 1651 1468 1729 διάκτορος
1510 1648 1931 1756 ἀργεϊφόντης.

437 1743 473 1800 d
557 1730 747 1817 αὖταρ
793 1733 919 1797 ἕπει
965 1729 1043 1814 δὴ
1085 1738 1281 1797 πάντα
1326 1734 1405 1819 έῷ
1447 1736 1724 1815 θηήσατο
1768 1737 1987 1840 θυμῷ,

521 1818 717 1883 αυτίκ’
763 1811 867 1899 αρ’
916 1824 1000 1894 εἰς
1043 1818 1189 1898 εὖρύ
1236 1798 1413 1892 σπέος
1447 1821 1709 1901 ἤλυθεν.
1770 1797 1926 1881 οὐδέ
1955 1843 2059 1898 μιν
2100 1815 2296 1897 όῖντην

517 1903 849 2005 ἠγνοίησεν
886 1906 1100 1967 ἰδοῦσα
1145 1897 1418 1983 Καλυψω
1465 1907 1564 1966 δῖα
1608 1899 1846 1966 θεάων·

516 1991 589 2054 οὐ
631 1989 824 2092 γάρτ
896 1989 1154 2090 ἀγνῶτες
1197 1992 1333 2053 θεοὶ
1374 1979 1688 2068 άλλήλυισῖ
1728 1989 2005 2051 πέλονται

515 2076 856 2154 αθάνατοι,
900 2068 1034 2138 οὐδ’
1086 2077 1149 2137 εἴ
1186 2100 1274 2148 τις
1318 2072 1627 2154 ἀπόπροθι
1672 2074 1918 2153 δωματα
1961 2074 2137 2136 ναίει.

434 2169 470 2226 d
555 2155 686 2224 οὐδ’
737 2184 829 2261 αρ
860 2159 1153 2240 Ὀδυσσηα
1196 2156 1562 2242 μεγαλήτορα
1607 2161 1783 2222 ἔνδον
1828 2160 2093 2237 ετετμεν,

513 2243 644 2308 ἄλλ’
690 2271 722 2309 ο
770 2238 829 2328 γ’
879 2244 969 2307 ἐπ’
1017 2244 1201 2325 ἀκτῆς
1247 2250 1413 2307 κλαῖε
1456 2242 1830 2325 καθήμενος,
1878 2244 2032 2304 ἔνθα
2076 2246 2266 2321 πάρος
2310 2266 2454 2320 περ,

513 2333 781 2411 δάκρυσι
826 2331 927 2392 καὶ
972 2333 1293 2412 στοναχῇσι
1339 2330 1440 2391 καὶ
1485 2331 1691 2410 ἄλγεσι
1735 2322 1943 2408 θυμὸν
1986 2327 2280 2407 ἐρέχθων·

503 2413 786 2498 Ἑρμείαν
827 2414 885 2477 δ’
936 2415 1150 2496 ἐρέεινε
1198 2415 1471 2495 Καλυψω
1517 2418 1620 2477 δια
1662 2412 1900 2494 θεάων,

510 2502 574 2563 ἕν
617 2502 826 2586 θρόνω
869 2499 1162 2580 ἱδρύσασα
1209 2506 1468 2586 φαεινῷ,
1515 2497 1884 2599 σιγαλόεντι·

444 2611 474 2653 c
559 2590 766 2668 ,,τίπτε
808 2607 942 2667 μοι,
980 2585 1220 2668 Ἑρμεία
1262 2587 1666 2691 χρυσόρραπι,
1713 2581 2064 2664 εἰλήλουθας

515 2672 745 2746 αἰδοῖός
789 2696 849 2734 τε
892 2674 1065 2751 φίλος
1109 2694 1203 2747 τες
1248 2671 1435 2746 πάρος
1480 2695 1544 2753 γε
1588 2669 1697 2749 μὲν
1742 2670 1822 2732 ου
1864 2694 1918 2730 τι
1960 2668 2251 2747 θαμίζεις.

514 2758 670 2819 αὔδα
716 2758 753 2819 δ’
799 2781 851 2818 τι
897 2756 1200 2837 φρονέεις·
1247 2758 1475 2819 τελέσαι
1523 2755 1589 2818 δέ
1631 2780 1703 2834 με
1746 2753 1946 2832 θυμὸς
1989 2752 2259 2834 ἄνωγεν,

518 2846 573 2907 εἰ
583 2844 877 2952 δυ’ναμαι
923 2841 1149 2903 τελέσαι
1192 2866 1258 2924 γε
1302 2841 1403 2903 καὶ
1451 2842 1505 2902 εί
1544 2840 1947 2920 τετελεσμένον
1992 2837 2212 2899 gottw

436 2933 472 2990 d
559 2955 638 3002 ως
682 2930 800 3003 ἄρα
846 2927 1176 3005 φωνήσασα
1220 2928 1338 2989 θεα
1386 2926 1693 3007 παρέθηκε
1737 2922 2029 3005 τράπεζαν

516 3011 840 3119 άμβροσίης
875 3010 1195 3120 πλήσασα,
1234 3012 1482 3115 κέρασσε
1526 3009 1593 3072 δὲ
1637 3011 1852 3089 νέκταρ
1899 3007 2190 3113 ἐρυθρόν·

517 3122 703 3177 αυταρ
746 3121 779 3158 ο
824 3119 959 3158 πινε
1004 3120 1106 3157 και
1149 3104 1308 3176 ησθε
1352 3094 1661 3179 διάκτορος
1704 3093 2120 3197 ἀργεϊφόντης.

518 3184 705 3259 αὐτὰρ
752 3182 878 3244 ἐπεὶ
920 3183 1200 3259 δείπνησε
1246 3181 1346 3242 καὶ
1392 3182 1579 3264 ἤραρε
1622 3173 1827 3261 θυμόν
1871 3179 2097 3263 ἐδωδῇ,

524 3293 618 3330 και
667 3267 801 3332 τότε
846 3267 923 3346 δή
967 3291 1071 3347 μιν
1115 3268 1352 3328 επεσσιν
1393 3264 1805 3368 ἀμειβόμενος
1826 3242 2207 3342 προσέειπεν·

601 3355 888 3436 ,,είρωτᾰς
929 3350 995 3430 μ’
1043 3350 1298 3415 ἐλθόντα
1340 3346 1457 3413 θεα
1501 3351 1683 3412 θεόν·
1729 3347 1917 3428 αὐταρ
1965 3344 2077 3427 ἐγω
2122 3370 2210 3408 τοι

526 3438 851 3517 νημερτέως
896 3432 996 3498 τὸν
1039 3445 1244 3517 μῦθον
1289 3433 1618 3515 ἐνισπήσω·
1668 3435 1861 3497 κέλεαι
1906 3429 2037 3514 γάρ.

523 3524 670 3597 Ζεὺς
715 3522 815 3602 ἐμέ
858 3520 918 3602 γ’
968 3519 1185 3605 ἠνώγει
1230 3520 1391 3603 δεῦρ’
1441 3521 1692 3598 ἐλθέμεν
1737 3517 1848 3583 οὐκ
1893 3518 2199 3579 ἐθέλοντα.

524 3610 604 3681 τίς
647 3604 707 3668 δ’
751 3633 836 3670 αν
880 3607 1036 3669 έκων
1084 3608 1361 3669 τοσσόνδε
1406 3603 1727 3686 διαδράμοι
1768 3603 2038 3685 ἁλμυρὸν
2080 3601 2243 3683 υδωρ

519 3693 804 3769 ἅσπετον;
851 3688 990 3753 ουδέ
1035 3717 1119 3766 τις
1162 3715 1300 3771 αγχι
1345 3695 1582 3771 βροτων
1625 3690 1829 3768 πόλις,
1877 3690 1943 3751 οι
1979 3711 2037 3750 τε
2080 3694 2316 3750 θεοῖσιν

525 3775 650 3859 ἱερά
696 3802 754 3841 τε
789 3742 1036 3884 ’,ῥέζουσι
1079 3777 1181 3840 καὶ
1229 3777 1494 3852 ἐξαίτους
1541 3774 1887 3855 ἑκατόμβας.

518 3862 664 3924 ἄλλα
707 3854 846 3945 μάλ’
894 3861 975 3924 οὔ
1016 3885 1144 3937 πως
1188 3860 1307 3922 ἔστι
1360 3857 1503 3934 Διὸς
1548 3857 1689 3922 νόον
1731 3858 2022 3966 αἰγιόχοιο

519 3949 655 4011 οὔτε
697 3950 1088 4028 παρεξελθειν
1132 3947 1316 4008 ἄλλον
1357 3943 1508 4008 θεὸν
1552 3943 1700 4008 ουθ’
1749 3941 2017 4007 αλιοόσαι.

559 4036 716 4134 φησί
753 4057 842 4096 τοι
885 4032 1085 4108 ανδρα
1127 4055 1409 4112 παρειναι
1448 4029 1854 4109 ὀιζυρώτατον
1894 4024 2122 4099 αλλων,

521 4121 637 4180 τῶν
680 4112 951 4202 ἀνδρῶν,
997 4122 1059 4180 οἳ
1102 4118 1257 4179 αστυ
1300 4116 1428 4199 πέρι
1481 4115 1779 4198 Πριάμοιο
1822 4111 2078 4196 μάχοντο

520 4203 805 4281 εἰνάετες,
854 4199 1076 4267 δεκάτω
1120 4201 1187 4264 δὲ
1231 4203 1409 4263 πόλιν
1450 4200 1770 4310 πέρσαντες
1816 4201 2056 4279 ἔβησαν.

525 4288 632 4351 τδν
680 4301 792 4351 νῦν
835 4286 901 4349 σ’
943 4285 1206 4390 ἠνώγειν
1247 4286 1669 4369 ἀποπεμπέμεν
1712 4288 1838 4349 ὄττι
1885 4282 2147 4384 τάχιστα.

520 4396 589 4435 ου
629 4371 742 4478 γάρ
789 4375 857 4434 οἱ
891 4370 1024 4457 τῇδ
1073 4369 1212 4435 αἶσα
1255 4375 1447 4450 φίλων
1488 4370 1832 4450 ἀπονόσφιν
1875 4362 2152 4446 ολέσθαι,

518 4452 621 4520 ἇλλ
692 4460 776 4521 ἔτι
823 4460 892 4520 οἱ
925 4451 1088 4539 μοῖρ’
1137 4457 1259 4519 ἔστι
1304 4460 1518 4537 φίλους
1562 4454 1612 4519 τ’
1661 4458 1842 4520 ἰδέειν
1886 4453 1988 4515 καὶ
2034 4453 2275 4515 ἱκέσθαι

2534 897 2599 944 65

2532 1066 2598 1114 68

2532 1236 2599 1282 70

2533 1660 2597 1708 75

2532 2085 2599 2133 80

2531 2424 2596 2471 85

2532 2850 2599 2896 90

2530 2934 2596 2981 92

2530 3189 2599 3236 95

2503 3614 2600 3661 100

2503 4040 2599 4087 105

2501 4294 2597 4341 112
2628 4292 2659 4338 9
