3132 5129
1414 351 1788 412 „7-

422 508 679 585 tellegit.
769 506 965 577 Quare
1009 506 1232 566 frustra
1290 510 1411 579 est,
1483 507 1554 567 de
1608 526 1724 583 quo
1781 527 1960 583 supra
2011 507 2248 579 monui,
2311 506 2762 584 Naegelsbachii

424 602 702 651 acumen·
721 589 954 665 ψεῦδος
999 592 1056 653 h.
1103 592 1141 650 1.
1193 592 1264 650 de
1308 592 1511 651 Iovis
1557 591 1864 651 mendacio
1909 592 2380 667 interpretantis,
2456 591 2765 651 Praeterea

426 698 658 737 memor
701 681 828 735 erat
873 677 1105 751 aliquot
1148 678 1296 736 locis
1342 673 1578 747 ἐνίσπες
1624 710 1704 718 -
1750 676 2249 752 quemadmodum
2293 695 2452 735 nunc
2483 676 2763 736 scribitur

424 796 505 805 ——
564 764 624 821 in
679 780 884 821 versus
936 762 1205 820 clausula
1264 762 1419 839 legi3
1488 765 1683 821 cetera
1747 765 1943 820 autem
2010 755 2141 838 μέγ’
2209 757 2446 837 ἄριστος
2505 754 2763 837 Ἀχαιῶν

425 844 666 923 εὔχεται
708 837 861 905 εἶναι
908 865 977 905 ex
1022 846 1155 906 aliis
1201 847 1347 906 locis
1392 847 1539 907 bene
1587 847 1792 905 multis
1838 847 2210 922 compilavit,
2258 847 2321 905 in
2368 846 2583 921 quibus
2627 840 2755 922 μέγ’

418 930 684 1007 ἄριστος,
726 932 889 1007 quod
936 932 1001 988 Π
1029 932 1171 990 271.
1224 931 1274 987 Ρ
1315 933 1431 990 164
1479 933 1549 991 de
1596 931 1827 991 Achille
1871 932 2093 1007 legitur
2136 927 2234 1009 (ut
2272 928 2505 1007 ἄριστος
2550 930 2607 986 Φ
2639 933 2758 988 279

423 1018 500 1076 de
546 1017 830 1089 Hectore,
880 1008 974 1091 ὄχ’
1020 1012 1081 1074 ἅ.
1135 1016 1205 1072 Ψ
1243 1017 1364 1074 357
1415 1017 1486 1075 de
1531 1013 1876 1096 Diomede),
1935 1017 2089 1074 male
2135 1016 2207 1074 ad
2255 1017 2760 1093 Agamemnonem

423 1103 735 1162 transferri
778 1102 896 1159 iam
941 1120 1123 1175 supra
1164 1103 1388 1161 notavi·

595 1186 667 1248 V.
703 1188 783 1245 83
829 1187 1195 1261 ineptissime
1239 1206 1310 1245 ex
1354 1207 1409 1246 v.
1445 1187 1522 1245 72
1570 1186 1877 1262 repetitur.

594 1271 666 1329 V.
701 1272 951 1329 84—86
1005 1271 1183 1330 simili
1244 1272 1417 1331 modo
1472 1291 1541 1331 ex
1599 1271 1931 1330 Homericis
1988 1271 2223 1329 laciniis
2285 1270 2517 1330 consuti
2584 1273 2754 1329 sunt:

419 1351 505 1426 ὥς
550 1353 669 1430 ἄρα
711 1352 1000 1431 φωνήσας
1046 1375 1227 1431 supra
1254 1376 1312 1415 v.
1347 1358 1425 1414 35
1473 1360 1534 1414 et
1589 1357 1932 1431 saepissime
1977 1357 2225 1432 legitur3
2271 1345 2411 1431 ἦρχε
2442 1356 2554 1413 hoc
2584 1355 2759 1412 modo

422 1442 683 1517 positum
732 1443 791 1497 A
836 1442 959 1499 495
1006 1447 1066 1499 et
1095 1440 1256 1511 alibi,
1302 1430 1436 1516 ἦρχ’
1487 1438 1623 1517 ἴμεν
1668 1442 1730 1498 Ν
1764 1442 1905 1513 329,
1953 1447 2014 1499 et
2058 1441 2128 1500 cf.
2160 1441 2311 1498 illud
2357 1436 2557 1516 ἐξῆρχε
2599 1436 2760 1516 γόοιο

420 1529 483 1585 in
515 1527 624 1585 hac
655 1526 791 1584 sede
837 1527 1073 1601 saepius
1118 1527 1470 1601 repetitum3
1518 1523 1768 1582 νέεσθαι
1811 1529 1903 1584 est
1946 1526 2210 1584 clausula
2239 1525 2644 1583 usitatissima.
2681 1556 2753 1565 —-

419 1607 833 1685 ἐπανέστησαν
875 1610 950 1667 ab
997 1629 1109 1669 usu
1139 1609 1451 1670 Homerico
1496 1611 1793 1684 abhorret,
1837 1630 1907 1668 ex
1953 1629 2070 1686 quo
2115 1603 2373 1667 ἀνέσταν
2415 1610 2759 1684 ponendum

424 1702 575 1766 erat,
625 1695 783 1770 quod
832 1696 1012 1753 etiam
1059 1695 1288 1770 antiqui
1336 1695 1523 1753 critici
1570 1696 1826 1754 sensisse
1872 1696 2178 1763 videntur,
2227 1713 2587 1769 quamquam
2632 1713 2758 1768 pra-

417 1800 557 1839 vam
614 1780 962 1838 medicinam
1021 1784 1371 1854 quaerentes
1428 1779 1742 1839 scribendo
1800 1778 1862 1837 οἱ
1911 1775 1978 1836 δὲ
2020 1776 2432 1854 πανέστησαν,
2478 1772 2613 1836 ἀντὶ
2658 1784 2763 1836 τοῦ

416 1862 640 1934 πάντες
703 1858 1055 1939 ἀνέστησαν.
1166 1864 1318 1922 Tum
1385 1858 1672 1922 πείθοντό
1737 1885 1795 1922 τε
1857 1860 2094 1938 ποιμένι
2156 1866 2320 1922 λαῶν
2385 1870 2451 1922 ut
2517 1864 2760 1922 omnino

418 1950 696 2009 Nestoris
741 1966 937 2007 sermo
982 1968 1051 2007 ex
1098 1950 1158 2005 A
1202 1950 1324 2009 273

723 2080 825 2142 καὶ
866 2078 977 2160 μέν
1016 2104 1129 2159 μευ
1173 2079 1439 2161 βουλέων
1482 2081 1687 2158 ξύνιεν
1730 2077 2014 2144 πείθοντό
2058 2105 2118 2143 τε
2159 2080 2377 2165 μύθῳ,

415 2206 809 2280 depromptus
855 2206 966 2263 est.
1058 2200 1309 2279 Ποιμένι
1355 2205 1536 2280 λαῶν,
1585 2208 1651 2263 ut
1694 2205 1850 2262 infra
1893 2225 1951 2264 v.
1989 2207 2127 2276 105,
2175 2204 2260 2261 ita
2305 2222 2478 2277 saepe
2521 2222 2760 2262 versum
2794 2222 2856 2269 10

414 2290 660 2349 claudit.
736 2294 1100 2365 σκηπτοῦχοι
1127 2287 1404 2364 βασιλῆες
1436 2290 1608 2348 initio
1637 2289 1816 2348 habes
1848 2291 1897 2344 θ
1925 2290 2024 2361 41,
2073 2294 2440 2364 σκηπτοῦχος
2484 2281 2759 2363 βασιλεύς

418 2378 479 2430 A
513 2376 635 2432 279
683 2377 746 2431 et
788 2374 952 2431 alibi.
1028 2367 1409 2432 ἐπεσσεύοντο
1454 2393 1525 2432 ex
1569 2394 1625 2433 v.
1661 2376 1781 2434 ‘208
1828 2376 2136 2431 mutuatus
2183 2379 2294 2445 est,
2340 2373 2442 2431 sed
2487 2373 2759 2447 imperite

416 2459 632 2517 addere
679 2460 900 2531 omisit,
949 2476 1065 2534 quo
1110 2458 1380 2517 ferantur
1421 2458 1712 2517 homines·

544 2616 556 2626 ⁸
589 2542 705 2603 Sed
734 2543 880 2603 haec
910 2544 1056 2603 satis
1086 2547 1285 2604 sunto,
1359 2543 1491 2603 Hoc
1519 2543 1639 2603 iam
1672 2544 1867 2620 quivis
1898 2543 2080 2616 videt,
2126 2542 2259 2602 illas
2292 2542 2756 2618 Agamemnonis

412 2634 479 2689 et
523 2629 800 2688 Nestoris
846 2629 1144 2688 orationes
1191 2629 1597 2688 infelicissime
1643 2648 1713 2687 ex
1770 2629 2044 2688 versibus
2089 2627 2483 2704 frustulisque
2518 2627 2754 2686 'Home-

413 2715 555 2773 ricis
586 2718 866 2772 consutas
899 2732 1083 2788 paene
1113 2714 1262 2771 nihil
1296 2715 1602 2773 continere
1645 2714 1827 2789 idque
1871 2715 2067 2789 ipsum
2111 2714 2316 2788 inepte
2360 2714 2754 2771 enuntiatum.

413 2801 512 2859 Ita
545 2802 985 2875 Agamemnon,
1032 2802 1350 2874 postquam
1379 2799 1513 2873 plus
1560 2799 1763 2857 decem
1808 2800 2077 2858 versibus
2124 2816 2360 2857 omnem
2391 2797 2593 2856 Somni
2626 2816 2754 2856 ora-

414 2886 645 2943 tionem
691 2883 766 2940 ad
825 2885 1072 2942 verbum
1120 2884 1375 2958 repetiit,
1423 2887 1551 2941 tum
1584 2884 1837 2942 exilibus
1872 2887 2153 2959 quattuor
2186 2882 2454 2942 versibus
2486 2882 2755 2940 tentandi

415 2969 746 3046 periculum
804 2987 838 3025 a
882 2987 943 3026 se
990 2968 1349 3039 faciendum,
1405 2972 1465 3026 et
1512 2969 1656 3043 quid
1701 2988 1735 3025 a
1780 2968 2029 3027 ducibus
2073 2967 2198 3026 fieri
2244 2967 2412 3041 velit,
2459 2966 2616 3024 nude
2662 2968 2754 3024 in-

415 3054 605 3124 dicat,
668 3053 835 3111 nulla
889 3058 994 3110 aut
1049 3053 1281 3111 consilii
1338 3072 1516 3112 causa
1573 3058 1678 3111 aut
1730 3054 1959 3111 ratione
2015 3052 2276 3111 reddita!
2349 3052 2439 3110 De
2483 3050 2754 3110 Nestoris

415 3156 561 3196 vero
606 3155 891 3213 responso
937 3139 1081 3197 satis
1126 3137 1314 3196 habeo
1370 3139 1560 3212 ipsius
1617 3137 2070 3214 Naegelsbachii
2126 3137 2308 3196 verba
2373 3135 2754 3211 adscripsisse

418 3244 480 3298 p.
521 3225 673 3280 145:
724 3222 923 3296 „Dass
965 3223 1114 3281 diese
1157 3223 1361 3281 Part-ie
1398 3224 1611 3298 yerade
1654 3225 1787 3282 kein
1829 3223 2231 3281 Meisterstilck
2275 3224 2380 3289 ist,
2421 3222 2602 3295 yeben
2645 3223 2756 3280 wir

410 3326 590 3383 yeme
635 3326 745 3376 ειη
802 3309 1150 3366 namemlich
1192 3308 1381 3366 haben
1424 3307 1666 3366 Nestor-s
1721 3307 1914 3366 Wortc
1955 3326 2006 3365 ν.
2043 3306 2290 3365 79-83
2333 3309 2540 3364 immeo·
2581 3311 2756 3365 etwas

418 3393 848 3464 Aussallendes.
927 3391 997 3450 Ν
994 3392 1103 3452 ioht
1135 3393 1341 3465 jedoch
1386 3394 1476 3451 als
1518 3393 1589 3451 ob
1635 3410 1696 3451 er
1735 3391 1975 3451 Unsinn
2017 3393 2292 3465 ψώθια
2335 3409 2458 3450 was
2501 3409 2563 3449 er
2605 3396 2751 3465 says,

414 3479 537 3545 hat,
585 3480 689 3535 wie
732 3479 842 3534 wir
884 3478 1028 3535 oben
1063 3479 1279 3552 yezeiyt
1321 3495 1396 3536 zu
1439 3478 1629 3536 haben
1667 3479 1950 3552 ylauben,
1995 3480 2163 3535 einen
2207 3478 2274 3534 in
2316 3475 2754 3551 Ayamemnons

431 3561 787 3632 Verbaltniss
829 3579 905 3620 zu
948 3561 1100 3621 Zeus
1142 3563 1517 3620 volllwmmen
1561 3563 1948 3636 beyrilndeten
1976 3562 2131 3620 Βίην
2176 3561 2261 3636 (id
2306 3562 2422 3618 iam
2469 3560 2753 3618 refutavi-

417 3666 552 3705 mus
597 3665 779 3721 supra
823 3666 878 3721 p.
912 3642 1010 3727 4);
1066 3665 1184 3705 uns
1229 3647 1534 3719 bcfremdet
1577 3648 1845 3705 vielmehr
1889 3648 1980 3706 die
2023 3647 2281 3706 treckene
2323 3645 2524 3704 Kilrze
2565 3647 2756 3703 seincr

416 3733 873 3805 Ertoiedemny,
918 3732 1117 3790 welche
1160 3733 1268 3789 mit
1313 3732 1413 3789 der
1453 3733 1655 3791 senilis
1697 3733 2042 3804 loquacitas,
2088 3733 2178 3790 die
2219 3733 2330 3790 wir
2373 3748 2456 3788 cm
2496 3730 2618 3787 ihm
2656 3747 2753 3804 ye-

416 3820 608 3876 wolmt
653 3817 809 3884 sind,
855 3817 1191 3891 unlduybar
1233 3818 1582 3875 conto-asim.
1649 3816 1875 3875 Nimmt
1919 3817 2074 3876 man*
2105 3817 2306 3884 hinzu,
2351 3813 2485 3886 class
2529 3832 2591 3873 er
2632 3816 2752 3873 sich

414 3905 561 3962 iiber
614 3902 728 3961 den
780 3903 1016 3959 aweiten
1058 3901 1452 3974 Hauptpunkt
1506 3904 1573 3959 in
1616 3900 2053 3977 Ayamemnons
2095 3902 2268 3969 Rode,
2313 3900 2568 3958 ndmlich
2609 3900 2753 3958 iiber

416 3990 508 4047 die
568 3985 841 4059 Priifunq
898 3987 996 4044 des
1047 3986 1295 4054 Heme-3,
1351 3988 1418 4044 in
1474 3987 1586 4044 den
1638 3988 1780 4060 Jctzt
1847 3988 2244 4062 vorlieyemlen
2301 3984 2513 4044 Ver-sen
2574 3986 2752 4044 wider

416 4073 733 4131 Erwarten
774 4070 978 4129 nicht
1022 4070 1276 4142 (iusseri,
1319 4089 1382 4130 so
1425 4072 1558 4146 lieyt
1602 4072 1693 4130 die
1751 4071 2147 4144 Vermutlzuny
2190 4071 2346 4128 nicht
2389 4070 2572 4141 ferne,
2617 4070 2752 4142 dass

402 4160 513 4216 τίη
559 4157 724 4216 ΤῙιειῖῑ
763 4158 955 4215 seiner
999 4156 1266 4214 Antwort
1308 4157 1565 4215 verloren
1616 4174 1916 4232 yeyanyen
1969 4156 2105 4218 istst
2199 4151 2407 4227 Vides,
2453 4155 2748 4228 quomodo

417 4242 689 4301 veritatis
734 4242 825 4301 vis
870 4241 964 4298 vel
1010 4241 1199 4299 invito
1245 4258 1369 4298 sese
1414 4240 1725 4299 obtrudat!

588 4326 714 4384 Iam
769 4328 1088 4400 postquam
1142 4321 1367 4401 βουλὴν
1423 4317 1746 4401 γερόντων,
1802 4345 1980 4401 quam
2038 4324 2428 4384 necessariam
2491 4343 2616 4383 esse
2673 4324 2747 4380 ad

420 4430 516 4484 ea,
574 4430 724 4486 quae
770 4406 1134 4485 sequuntur,
1189 4409 1621 4468 introducenda
1662 4413 1821 4471 recte
1865 4413 2072 4469 contra
2118 4410 2560 4469 Lachmannum
2607 4427 2745 4467 con-
