3132 5129
1365 344 1889 458 -2ιο-·

431 552 650 611 videar.
726 550 843 610 Sed
871 551 1001 627 hoc,
1049 552 1206 627 quod
1237 571 1381 627 pace
1413 552 1847 613 Germaniae
1880 553 2127 611 dixerim
2160 554 2487 611 communis
2514 553 2764 629 patriae,

429 656 464 694 a
507 657 622 712 qua
666 656 991 711 numquam
1036 656 1130 696 me
1174 638 1494 696 alienatum
1537 657 1665 698 esse
1711 638 1867 713 scio,
1923 657 1998 695 ne
2054 642 2160 696 aut
2203 637 2590 697 inhumanius
2634 657 2766 698 sen·

431 724 576 781 sisse
633 724 738 779 aut
790 722 1040 781 calidius
1096 722 1412 782 iactavisse
1469 741 1786 799 coarguar,
1850 722 2138 781 natalis
2195 741 2335 781 sane
2380 722 2525 781 soli
2583 722 2767 798 illam,

429 825 546 880 qua
589 807 841 865 cuncti
884 806 1167 865 mortales
1213 806 1377 865 duci
1422 812 1583 866 recte
1627 806 1935 881 dicuntur,
1982 806 2453 865 dulcedinem
2498 806 2772 866 confiteri

429 891 570 950 licet
614 890 737 949 fere
781 909 853 949 ex
895 892 1091 950 animo
1135 910 1267 950 meo
1313 893 1762 951 exterminatam
1809 910 1935 950 esse
1982 910 2068 966 eo,
2116 891 2274 966 quod
2318 891 2492 950 nobis
2540 891 2769 951 Saxo·

427 975 681 1049 nibus,
730 976 832 1050 qui
876 979 1015 1033 ante
1061 979 1153 1035 tot
1197 995 1383 1035 annos
1428 976 1658 1051 expulsi
1702 976 2142 1052 proscriptique
2187 994 2422 1051 sumus,
2469 976 2533 1034 in
2576 977 2771 1051 ipsam

430 1057 573 1117 Sax
591 1059 832 1118 oniam
899 1061 1124 1119 reditus
1186 1062 1524 1120 etiamnunc
1582 1080 1701 1120 non
1758 1064 1923 1136 patet
1977 1061 2093 1120 nisi
2159 1060 2332 1136 quasi
2397 1060 2508 1122 sub
2560 1060 2771 1137 iugum

430 1145 655 1218 missia,
713 1144 938 1203 scilicet
992 1163 1246 1220 poenam
1289 1145 1663 1220 deprecando
1706 1150 2013 1220 peccatum
2058 1144 2363 1219 professis.
2454 1144 2767 1220 „Tantae“

429 1228 550 1287 illic
593 1229 845 1303 „animis
889 1230 1241 1289 caelestibus
1285 1230 1464 1303 irae“,
1528 1233 1699 1288 tanta
1743 1228 1959 1288 Terrae
2002 1229 2139 1288 filiis
2184 1233 2288 1287 aut
2331 1230 2619 1306 segnities
2665 1234 2775 1289 aut

435 1313 626 1372 nostri
657 1312 914 1372 oblivio!
989 1313 1200 1389 Itaque
1229 1332 1338 1373 nec
1368 1316 1722 1373 miraturum
1767 1332 2120 1389 quemquam
2168 1332 2275 1372 nec
2319 1313 2773 1389 indignaturum

430 1415 632 1473 sper0,
695 1399 746 1456 si
804 1398 865 1456 in
912 1402 1219 1473 posterum
1264 1418 1497 1474 quoque
1541 1417 1893 1474 quamquam
1942 1396 2293 1457 Germaniae
2337 1398 2604 1458 redditus
2650 1418 2773 1458 non

427 1482 897 1557 Lipsiensem
941 1483 1044 1541 sed
1075 1483 1555 1543 Turicensem
1600 1502 1693 1541 me
1740 1486 1800 1541 et
1844 1502 1971 1542 esse
2000 1482 2137 1542 volo
2169 1487 2231 1541 et
2261 1501 2469 1542 vocare
2500 1502 2768 1560 pergam.
2844 1548 2867 1556 ,

598 1565 717 1624 Sed
761 1586 1043 1642 quorsum
1086 1568 1231 1626 haec
1274 1570 1398 1626 tam
1443 1568 1677 1626 multa?
1766 1566 1851 1626 Ut
1893 1567 2159 1642 profecto
2203 1567 2518 1644 intellegas
2564 1568 2629 1626 in
2671 1568 2767 1628 bis

425 1652 709 1726 temporis
755 1652 1048 1729 angustiis
1093 1655 1268 1727 atque
1314 1653 1375 1711 in
1420 1670 1491 1711 ea
1536 1671 1694 1727 cura,

732 1789 921 1845 „quae
964 1789 1124 1829 nunc
1167 1790 1262 1829 me
1308 1772 1512 1847 coquit
1556 1774 1617 1829 et
1659 1772 1856 1830 versat
1899 1771 1963 1828 in
2006 1774 2242 1845 pectore
2284 1769 2403 1829 fixa

432 1905 516 1963 sic
560 1907 886 1979 noctesque
932 1904 1235 1980 diesque,“
1278 1905 1425 1963 mihi
1473 1923 1707 1981 quoque
1752 1924 1910 1963 nunc
1954 1905 2029 1963 ad
2073 1904 2223 1963 illud
2269 1907 2533 1964 omnium
2563 1906 2769 1965 suffra·

423 1989 538 2064 giis
595 1988 912 2062 probatum
968 2020 1052 2030 —
1110 1989 1315 2048 ultra
1382 2007 1596 2064 posse
1661 1991 2022 2048 neminem
2092 1988 2426 2065 obligari
2485 2023 2559 2031 —
2621 2010 2766 2049 con-

425 2072 779 2147 fugiendum
825 2078 1000 2149 atque
1046 2074 1378 2132 accuratius
1404 2074 1775 2132 ‘tractandae
1820 2073 2079 2149 Necyiae
2124 2074 2435 2133 consilium
2469 2074 2767 2149 deponen-

429 2156 568 2214 dum
625 2158 829 2218 fuisse.
929 2158 1206 2217 Poteram
1259 2176 1399 2217 vero
1467 2158 1528 2216 id
1597 2159 1788 2217 facere
1850 2176 1920 2216 eo
1985 2157 2410 2233 confidentius,
2481 2160 2767 2234 quoniam

428 2240 687 2317 Necyiae
742 2247 802 2301 et
859 2263 928 2301 ex
985 2243 1253 2318 reliquae
1316 2240 1616 2317 Odysseae
1675 2261 1956 2318 compage
2011 2242 2350 2301 eximendae
2408 2245 2472 2300 et
2526 2262 2561 2300 a
2613 2243 2764 2302 varii

428 2327 662 2400 generis
708 2327 1273 2401 interpolationibus
1315 2326 1654 2385 liberandae
1688 2326 1884 2385 varios
1916 2344 2133 2401 eosque
2164 2326 2310 2385 satis
2340 2346 2553 2402 graves
2584 2327 2766 2385 habui

427 2414 695 2469 auctores
752 2412 827 2470 ab
874 2412 1413 2470 Alexandrinorum
1470 2411 1702 2469 saeculo
1761 2411 1833 2468 ad
1890 2410 2032 2469 haec
2088 2430 2278 2485 usque
2322 2415 2588 2486 tempora
2631 2431 2763 2486 per-

426 2494 714 2570 tinenteS,
774 2496 861 2554 ita
914 2500 983 2554 ut
1027 2496 1237 2556 studiis
1283 2514 1489 2554 eorum
1534 2499 1804 2553 accurate
1849 2495 2198 2554 examinatis
2245 2499 2426 2572 atque
2469 2496 2530 2554 in
2576 2514 2765 2554 unum

426 2580 758 2639 coniunctis
816 2599 936 2639 non
993 2582 1249 2640 multum
1307 2582 1446 2639 novi
1513 2581 1659 2638 mihi
1728 2580 2064 2639 addendum
2119 2581 2579 2656 relinqueretur.
2668 2581 2762 2639 Ex

423 2664 851 2724 recentioribus
882 2666 1224 2724 auctoribus
1267 2669 1407 2741 post
1434 2664 1915 2726 Nitzschium
1959 2665 2250 2740 imprimis
2281 2665 2328 2723 F
2348 2665 2762 2725 ranciscum

421 2747 782 2806 Lauerum
827 2753 1002 2824 atque
1035 2749 1537 2808 Hermannum
1570 2750 2247 2809 Brausewetterum
2289 2749 2528 2808 laudare
2572 2750 2758 2824 iuvat,

421 2851 667 2906 quorum
726 2832 829 2890 ille
883 2853 935 2891 a.
1001 2835 1160 2892 1843
1231 2834 1300 2892 de
1366 2835 1475 2893 hoc
1539 2834 1695 2892 libro
1759 2835 2174 2908 quaestionum
2241 2837 2420 2909 caput
2471 2833 2502 2891 I
2556 2835 2762 2894 emisit

318 2927 384 2975 20
427 2920 636 2990 postea
688 2920 926 2975 auctum
971 2921 1032 2976 et
1074 2918 1472 2993 emendatum,
1518 2919 1615 2976 hic
1659 2919 2020 2994 singularem
2064 2917 2136 2976 de
2181 2918 2421 2995 Necyia
2448 2918 2765 2978 Homerica

428 3000 932 3077 dissertationem,
981 3022 1156 3077 quam
1204 3003 1316 3061 hoc
1359 3003 1488 3078 ipso
1533 3021 1688 3061 anno
1732 3002 2074 3079 Regimonti
2121 3003 2335 3077 edidit,
2382 3004 2638 3079 benigne
2683 3003 2761 3062 ad

421 3104 514 3141 me
560 3086 908 3145 transmisit.
1000 3087 1115 3146 Sed
1166 3106 1336 3162 quem
1385 3087 1786 3161 Adolphus
1832 3086 2342 3146 Herrmannus
2387 3107 2440 3144 a.
2476 3089 2638 3146 1833
2685 3087 2759 3146 de

418 3168 623 3227 eadem
678 3171 994 3245 rhapsodia
1052 3172 1382 3248 publicavit
1436 3171 1737 3246 libellum,
1795 3190 1928 3229 eum
1973 3190 2095 3230 non
2140 3173 2266 3268 ipse
2312 3172 2583 3230 manibus
2629 3191 2758 3230 ver-

419 3254 564 3311 savi.
658 3252 883 3314 Horum
940 3256 1128 3333 igitur
1183 3254 1699 3332 disquisitionibus
1766 3274 2012 3330 meoque
2075 3257 2263 3331 ipsius
2327 3257 2547 3315 iudicio
2617 3275 2759 3316 usus

417 3339 785 3412 genuinae
840 3339 1175 3416 Necyiae
1232 3341 1372 3399 olim
1428 3341 1783 3399 ambitum
1850 3340 1959 3399 bos
2024 3342 2263 3399 tantum
2318 3359 2526 3400 versus
2592 3359 2753 3400 com·

417 3421 657 3496 plexum
703 3442 832 3483 esse
875 3426 1112 3484 inveni.

586 3508 992 3568 nso-537.
1029 3509 1171 3568 541.
1205 3510 1851 3580 546—5742111—5.
1889 3511 2005 3567 9—
2020 3512 2114 3567 13.
2165 3510 2434 3571 20-37,
2480 3506 2752 3568 44—59.

418 3594 687 3651 61—68.
735 3594 1000 3653 72—91.
1050 3595 1362 3654 93—156.
1415 3594 1768 3653 160—224.
1828 3595 1951 3653 465
1985 3612 2072 3668 sq.
2132 3594 2487 3653 387—427.
2544 3595 2753 3652 429—

415 3677 563 3734 434.
609 3677 967 3737 444—453.
1017 3679 1374 3737 457—524.
1424 3678 1779 3737 526—546.
1826 3678 2181 3737 548—564.
2216 3679 2569 3738 628—630.
2604 3679 2748 3738 632.
2853 3681 2865 3692 '

418 3762 688 3820 38—43.
737 3763 858 3821 633
893 3761 1004 3840 (=
1035 3763 1141 3839 43)
1175 3764 1401 3823 -640,
1450 3783 1492 3836 μ
1530 3763 1751 3820 1-22,
1805 3763 2153 3821 127-146.
2203 3763 2556 3822 260-404.

589 3844 812 3906 Versus
859 3866 893 3903 a
936 3866 1029 3905 me
1075 3849 1279 3907 omissi
1324 3849 1443 3906 iam
1490 3847 1564 3905 ab
1611 3848 1745 3905 aliis
1790 3850 1927 3905 ante
1974 3865 2067 3904 me
2112 3849 2348 3905 tantum
2393 3866 2513 3906 non
2545 3865 2752 3906 omnes

414 3929 681 3989 damnati
727 3933 885 3989 sunt.
962 3931 1057 3990 Ita
1090 3933 1121 3988 λ
1156 3935 1254 3991 60.
1297 3934 1398 3991 92.
1435 3931 1789 3993 157—159.
1838 3932 1982 3989 428.
2007 3931 2363 3990 435—443.
2388 3933 2747 3990 454-456.

417 4015 556 4072 525.
597 4016 740 4076 547.
782 4015 1115 4075 565—627
1154 4018 1215 4075 et
1250 4017 1394 4076 olim
1435 4016 1509 4074 ab
1546 4016 1807 4091 antiquis
1843 4017 2060 4091 partim
2090 4015 2278 4074 obelis
2310 4016 2502 4076 notati
2531 4016 2753 4091 partim

415 4117 660 4173 prorsus
689 4101 861 4159 eiecti
897 4104 960 4159 et
999 4120 1156 4159 nunc
1192 4102 1588 4161 recentiorum
1629 4100 1929 4178 suffragiis
1972 4100 2273 4175 reprobati
2302 4103 2461 4159 sunt.
2519 4100 2752 4160 Catalo-

415 4201 559 4258 gum
591 4184 907 4244 mulierum
947 4189 1145 4244 autem
1173 4186 1247 4244 ab
1275 4186 1390 4248 Ad.
1428 4184 1806 4245 Herrmanno
1839 4185 2068 4260 „serius
2095 4186 2378 4244 iniectum
2407 4184 2751 4262 perhiberi“

415 4266 571 4342 apud
603 4267 1146 4329 Brausewetterum
1191 4290 1249 4345 p.
1285 4272 1363 4329 23
1406 4270 1527 4346 legi
1561 4265 1825 4346 [Herrm.
1858 4290 1916 4345 p.
1951 4271 1986 4327 9
2020 4269 2203 4347 sqq.]‚
2249 4290 2284 4329 a
2327 4288 2445 4344 quo
2489 4274 2551 4329 et
2592 4270 2752 4329 bunc

417 4352 544 4410 sine
589 4352 965 4413 dubitatione
1020 4358 1316 4415 retentum
1362 4358 1423 4413 et
1465 4353 1970 4413 defendendorum
2023 4373 2302 4414 versuum
2352 4354 2383 4409 λ
2413 4355 2749 4414 565-627

414 4436 820 4496 infelicissime
864 4439 1194 4514 periculum
1240 4440 1459 4497 factum
1508 4457 1638 4497 esse
1683 4438 1828 4497 satis
1874 4438 2074 4496 mirari
2118 4458 2382 4515 nequeo,
2430 4458 2562 4497 cum
2607 4444 2749 4515 post
