3132 5129
1243 398 1699 461 ..387-

967 584 1046 595 --
1094 545 1423 626 ἐννύχιον
1464 548 1530 609 δὲ

563 623 747 696 οὐδὲν
785 630 1138 738 ἆλιτρύτῃσι
1182 631 1487 712 δυνήσατο
1531 636 1691 713 χερσὶ
1734 633 1952 707 πιέζειν

560 710 818 797 ἕσμός”
776 741 954 789 απας.

307 840 471 898 nullo
515 839 692 898 modo
738 839 974 899 defendi
1020 844 1220 916 potest
1264 841 1411 899 illud
1459 836 1810 916 ἐννύχιον,
1867 843 1968 900 sed
2014 844 2341 902 necessario
2387 842 2643 902 scriben-

309 924 485 983 dum:
533 918 874 1000 ἐννύχιος.
950 925 1038 983 Cf.
1089 926 1266 984 Hom.
1312 929 1375 983 A
1406 927 1546 984 683.
1596 929 1738 985 716.
1778 927 1847 982 ,Φ
1880 928 1980 985 37.
2028 949 2065 1003 γ
2099 929 2240 986 178.
2288 961 2362 969 -
2412 928 2648 987 Similia

306 1009 522 1068 menda
576 1011 795 1085 passim
853 1011 1260 1069 inveniuntur.
1354 1010 1483 1085 Sic,
1545 1011 1702 1086 quod
1750 1011 1909 1086 apud
1950 1013 2253 1093 Musaeum
2300 1014 2420 1070 311
2469 1012 2645 1070 hodie

305 1094 532 1168 legitur
584 1095 657 1153 de
700 1097 929 1154 ventis:
985 1088 1245 1167 ἀθρόον
1287 1091 1679 1171 ἐμπίπτουσιν
1720 1090 1816 1151 ἐπὶ
1874 1093 2117 1173 ῥηγμῖνι
2172 1092 2513 1194 θαλάσσης
2573 1116 2645 1155 ex

305 1183 403 1237 tot
461 1180 727 1239 loeorum
794 1180 1245 1239 Homericorum
1313 1200 1605 1240 consensu
1673 1181 2024 1239 mutandum
2090 1187 2217 1241 erat
2282 1183 2341 1240 in
2399 1176 2643 1257 ἀθρόοι

308 1259 715 1337 ἐμπίπτουσιν.
810 1264 902 1323 Cf.
948 1267 1127 1324 etiam
1174 1264 1374 1334 Quint.
1423 1265 1545 1323 Sm.
1592 1266 1702 1340 ΙΠ,
1753 1268 1892 1340 710,
1940 1268 2042 1325 ubi
2086 1267 2294 1325 itidem
2343 1267 2416 1324 de
2447 1268 2643 1325 ventis

307 1349 562 1406 dietum:
608 1339 767 1421 αἶψα
811 1356 974 1430 πυρῇ
1020 1342 1350 1424 ἕνόρουσαν
1390 1341 1708 1419 ἀολλέες.

475 1434 665 1510 XXII,
712 1435 834 1492 313
860 1452 988 1511 sqq.
1033 1435 1106 1494 de
1150 1436 1302 1495 Indo
1345 1436 1660 1503 Erechthei
1705 1437 1876 1494 hasta
1920 1436 2235 1496 transfixo:

557 1546 706 1610 ἆλλᾰ
749 1572 855 1625 μιν
897 1549 1060 1628 ἔγχει
1098 1546 1231 1623 νύξε
1274 1547 1418 1628 παρ’
1471 1546 1748 1627 ὀιιφαλὸν
1788 1550 1979 1630 ἄκρον
2016 1546 2371 1629 Ἐρεχθεύς,

557 1636 659 1696 καὶ
704 1635 896 1718 φονίω
940 1632 1121 1712 μέσον
1159 1636 1354 1713 ανδρα
1399 1635 1877 1714 πεπαρμένον
1922 1635 2127 1696 ἕλκει
2164 1643 2472 1715 χαλκοῦ,

563 1720 645 1793 εἰς
690 1696 876 1780 πέδον
917 1714 1244 1797 ἠκόντιζεν.

309 1842 389 1900 Et
434 1834 597 1899 ἕλκει
631 1844 854 1917 χαλκοῦ
883 1842 1159 1917 offendit,
1208 1816 1366 1917 quod
1411 1844 1591 1918 paulo
1636 1844 1989 1903 insolentius
2033 1845 2255 1903 dietum
2289 1865 2408 1905 non
2439 1846 2641 1903 inveni

305 1930 610 2001 praeterea
664 1928 822 2003 apud
866 1926 974 2001 N.,
1033 1933 1094 1986 et
1144 1929 1365 1985 locutio
1421 1924 1796 2004 πεπαρμένος
1842 1925 2015 1986 ἕλκεϊ.
2109 1930 2257 1987 Nam
2305 1931 2508 2005 potius
2555 1932 2640 1988 in-

306 2015 731 2086 strumentum,
790 2031 907 2087 quo
963 2012 1098 2087 quis
1142 2012 1518 2086 vulneratur,
1581 2015 1755 2073 tertio
1812 2032 1950 2071 casu
1995 2014 2131 2072 huic
2174 2016 2492 2090 participio
2537 2015 2641 2072 ad-

305 2097 476 2173 iungi
536 2097 705 2159 solet.
794 2096 928 2155 Vid.
975 2096 1198 2171 XXVI,
1247 2099 1392 2155 321.
1464 2098 1752 2173 XXVIII,
1807 2101 1947 2157 107.
2024 2100 2158 2157 121.
2228 2100 2448 2171 XXIX,
2504 2101 2639 2160 176.

305 2180 584 2255 XXXVI,
632 2183 777 2239 455.
837 2180 1180 2256 XXXVIII,
1232 2183 1330 2239 65.
1390 2181 1643 2257 XLVII,
1693 2185 1833 2241 643.
1922 2182 2068 2239 Inde
2113 2185 2235 2241 tela
2279 2185 2433 2258 ipsa,
2492 2203 2641 2259 quae

305 2266 480 2324 alicui
513 2268 595 2323 rei
630 2266 991 2341 infiguntur,
1039 2266 1322 2324 dicuntur
1351 2263 1695 2342 πεπαρμένα
1727 2267 1970 2342 XXXII,
2011 2270 2148 2325 196.
2196 2268 2461 2341 XXXIX,
2498 2271 2639 2341 316,

304 2354 372 2407 ut
428 2351 606 2408 etiam
658 2351 817 2426 apud
865 2351 1071 2420 Quint.
1118 2348 1242 2408 Sm.
1275 2350 1376 2425 IX,
1413 2353 1532 2409 259
1578 2345 1609 2408 ὁ
1659 2346 1714 2406 δ’
1764 2348 1822 2421 ές
1869 2347 2080 2425 κενέην
2126 2345 2298 2426 δόρυ
2343 2349 2579 2421 τύψει
2632 2386 2637 2430 1

305 2426 457 2507 ἠέρα
509 2439 571 2494 et
626 2436 686 2494 in
745 2435 949 2510 Eurip.
1010 2435 1203 2497 Orest.
1270 2437 1432 2492 1472
1456 2455 1546 2510 sq.
1605 2436 1860 2494 παίειν
1931 2437 2156 2508 λαιμωι
2214 2433 2444 2511 ἕμελλει
2500 2434 2643 2492 εἴσω

303 2515 531 2596 μέλαν
575 2518 784 2618 ξίφος
829 2522 1155 2582 invenitur.
1244 2519 1476 2578 Nititur
1517 2525 1721 2579 autem
1767 2522 1828 2579 in
1875 2520 1951 2580 N.
1997 2521 2155 2597 1000,
2205 2540 2380 2597 quem
2428 2524 2640 2580 tracta·

305 2624 464 2679 mus,
525 2606 630 2663 illa
685 2607 814 2681 ipsa
868 2606 1163 2681 scriptura
1221 2606 1636 2664 tantummodo
1694 2605 1912 2665 Graefli
1970 2607 2401 2666 emendatione.
2488 2607 2640 2664 Nam

307 2691 368 2747 in
415 2690 678 2765 antiquis
723 2690 1115 2764 editionibuS,
1161 2691 1377 2749 vitiose
1421 2691 1694 2766 quidem,
1742 2692 2078 2767 legebatur:

555 2805 657 2867 καὶ
698 2806 891 2890 φονίῳ
933 2803 1112 2885 μέσον
1151 2803 1348 2886 ἄνδρα
1391 2805 1766 2886 πεπαρμένον
1812 2806 2019 2887 ἔγχεϊ
2057 2813 2333 2891 χαλκῷ,

304 2926 459 2986 unde
506 2927 580 2986 N.
627 2948 868 2987 manum
911 2928 997 2986 sio
1039 2928 1472 2987 restituendam
1517 2947 1645 2988 esse
1690 2933 1866 3005 puto:
1926 2961 1999 2970 —-
2070 2925 2446 3004 πεπαρμένον
2490 2922 2643 3000 ὀξέι

305 3016 432 3087 χαλ
452 3018 565 3094 nep.
619 3045 697 3054 -
743 3013 956 3089 Pergit
998 3016 1199 3072 autem
1242 3018 1419 3088 poeta
1463 3014 1503 3072 1.
1536 3032 1586 3073 e.
1620 3015 1731 3072 sio:

963 3108 999 3172 ὃ
1043 3109 1107 3172 δὲ
1150 3106 1583 3191 στροφᾶδεσσιν
1626 3110 1833 3191 έρωαῖς

565 3191 823 3275 ἠερόθεν
864 3197 1241 3277 προκᾶρηνος
1285 3196 1652 3277 έπωλίσθησε
1698 3199 1871 3281 κονίῃ
1885 3242 1901 3272 ,

565 3291 753 3361 κρᾶτα
798 3284 1201 3362 κυβιστητῆρα
1244 3281 1446 3361 φέρων
1489 3285 1579 3363 βη
1594 3307 1622 3342 τ
1636 3282 1675 3344 οἱ
1689 3307 1723 3364 ρ
1736 3307 1776 3361 μ
1791 3305 1822 3342 ο
1839 3306 1873 3340 ν
1887 3308 1908 3344 ι
1955 3306 1997 3343 π
2010 3282 2044 3343 o'
2060 3308 2088 3343 τ
2101 3309 2140 3361 μ
2155 3306 2222 3366 ῳ.

309 3400 458 3462 Cum
513 3403 571 3461 h.
618 3404 658 3462 l.
716 3409 1047 3479 exponatur
1089 3405 1161 3462 de
1205 3405 1539 3465 vehementi
1598 3408 1790 3480 motu,
1848 3425 1964 3481 quo
2016 3406 2202 3464 Indus
2246 3407 2639 3481 procumbens

308 3494 480 3562 caput
511 3488 866 3564 vibraverit,
914 3508 1035 3548 non
1077 3490 1335 3564 quadrat
1375 3487 1651 3569 πότμῳ,
1698 3492 1793 3548 oui
1823 3491 2003 3549 verbo
2048 3495 2355 3566 praeterea
2398 3510 2471 3548 ne
2516 3492 2636 3565 epi·
2667 3491 2762 3539 651

306 3572 516 3632 theton
573 3573 809 3649 quidem
869 3571 1193 3651 βητάρμων
1248 3575 1546 3634 convenit.
1643 3575 1854 3650 Itaque
1909 3576 2055 3634 nihil
2116 3581 2235 3649 est,
2294 3575 2453 3651 quod
2508 3577 2641 3650 quis

303 3658 514 3717 afferre
557 3658 752 3734 possit
793 3658 1049 3734 XXXII,
1098 3660 1218 3718 236

561 3755 663 3818 καὶ
708 3755 883 3830 νέκυς
926 3757 1263 3838 αἰματόεντι
1314 3755 1475 3838 Κύης
1522 3757 1859 3821 ἐκυλίνδετο
1902 3758 2138 3843 πότμῳ,

305 3880 405 3939 ubi
439 3875 659 3955 πότμος
691 3882 752 3938 et
781 3879 853 3937 de
899 3879 1032 3955 ipso
1079 3881 1318 3941 homine
1361 3881 1652 3940 moriente
1698 3881 1946 3955 dicitur,
1992 3883 2056 3939 et
2098 3884 2240 3957 apto
2285 3881 2639 3939 instructum

307 3969 400 4023 est
427 3964 742 4023 adiectivo.
818 3965 1026 4040 Itaque
1058 3965 1317 4025 dubitari
1364 3967 1606 4041 nequit,
1654 3967 1795 4040 quin
1826 3966 1901 4023 N.
1936 3967 2267 4040 scripserit:
2319 3998 2392 4007 —
2443 3960 2642 4041 φέρων

305 4045 632 4127 βητάρμονι
675 4051 954 4130 παλμςὸ.
1043 4051 1206 4110 Haeo
1250 4053 1406 4110 enim
1452 4054 1543 4109 est
1587 4052 1839 4125 loeutiO,
1896 4051 1959 4108 in
2004 4070 2208 4110 versus
2262 4051 2424 4110 exitu
2478 4050 2640 4126 apud

307 4133 378 4191 N.
426 4135 929 4210 frequentissima.
1016 4134 1155 4195 Vid.
1203 4134 1480 4209 XXVIII,
1533 4136 1652 4194 128
1699 4136 1771 4195 de
1815 4135 2091 4194 bracchio
2134 4136 2399 4195 absciso:

557 4247 598 4329 ἡ
642 4251 709 4312 δὲ
752 4243 1159 4330 κυβιστήσασα
1204 4250 1403 4329 φόνου
1447 4247 1859 4332 βηταρμονι
1900 4255 2191 4334 παλμῷ,
2266 4309 2269 4312 ,

555 4333 775 4415 ἤριπεν
816 4332 1227 4410 admovimus.

308 4453 594 4532 XXXIII,
640 4458 720 4516 87
767 4457 840 4516 de
884 4461 1056 4534 gutta
1097 4459 1223 4518 vini
1268 4458 1329 4517 in
1375 4456 1596 4517 cottabi
1642 4459 1784 4517 ludo
1833 4458 2050 4516 eiecta:

2120 4553 2235 4609 26*
