3132 5129
1414 376 1827 440 —74-

459 555 592 595 cum
639 536 1040 596 celeberrimis
1086 535 1355 595 versibus
1405 535 1459 591 Γ
1486 536 1847 605 156-158,
1907 534 2122 609 quibus
2168 535 2405 610 egregie
2452 531 2788 592 Uhlandius

457 624 662 681 noster
721 621 1215 680 Salamancanum
1275 621 1442 678 illum
1502 622 1739 693 „omnis
1794 619 2180 678 humanitatis
2236 619 2609 678 studiosum“
2658 637 2788 693 per-

457 707 686 765 culsum
743 697 943 779 finxit,
1011 706 1403 765 Troianorum
1447 724 1618 766 senes
1662 707 1865 764 tantae
1910 704 2165 763 feminae
2212 703 2407 779 gratia
2457 702 2530 783 ad
2592 703 2792 760 omnia

457 791 601 849 belli
666 791 820 849 mala
863 791 1277 866 pertoleranda
1318 810 1379 849 se
1425 793 1667 865 paratos
1713 810 1841 849 esse
1884 789 2435 866 pronuntiaverint,
2495 806 2644 863 quae
2688 787 2795 845 illa

456 877 663 934 futura
707 876 829 935 sint
871 876 1028 933 mala
1070 895 1189 934 non
1235 877 1362 934 sine
1392 894 1641 933 uxorum
1686 879 1864 950 atque
1893 874 2220 933 liberorum
2250 873 2551 931 mentione
2581 873 2788 931 statim

457 962 519 1019 in
562 962 753 1036 prima
797 963 1063 1019 oratione
1111 962 1165 1015 A
1189 962 1524 1019 235—239
1572 960 1703 1021 Iovi
1749 960 2002 1018 confisus
2047 958 2332 1034 praedicit
2350 959 2787 1034 Agamemnon.

457 1045 538 1104 Et
582 1049 652 1103 ut
682 1046 739 1100 Γ
767 1048 885 1105 184
902 1066 990 1121 sq.
1050 1045 1321 1103 Priamus
1367 1046 1440 1103 de
1484 1046 1670 1121 copiis
1714 1045 1996 1104 adversus
2028 1046 2356 1102 Amazonas
2390 1042 2790 1119 congregatis„

457 1132 543 1188 ita
591 1132 643 1185 A
674 1132 795 1190 376
815 1151 946 1206 sqq.
1005 1132 1415 1205 Agamemnon
1463 1130 1535 1188 de
1579 1130 1839 1189 exercitu
1884 1132 2089 1187 contra
2134 1127 2366 1186 Thebas
2412 1127 2659 1186 collecto
2705 1146 2783 1183 re-

458 1217 603 1289 fert3
650 1233 756 1273 nec
801 1216 996 1275 minus
1022 1215 1214 1274 Ulixis
1259 1219 1440 1290 atque
1486 1215 1741 1274 Menelai
1788 1214 2076 1288 legationi
2111 1213 2309 1271 P205
2326 1231 2460 1287 sqq.
2492 1212 2791 1287 expositae

458 1300 778 1375 respondet
822 1300 1082 1358 narratio
1128 1300 1201 1357 de
1247 1300 1451 1375 Tydeo
1496 1301 1555 1357 in
1592 1300 1929 1357 Thebarum
1973 1297 2181 1355 urbem
2229 1296 2408 1355 misso
2443 1299 2497 1352 A
2522 1297 2785 1371 384sqq.

630 1385 937 1444 Postremo
984 1385 1046 1442 in
1090 1384 1355 1458 singulas
1393 1384 1691 1481 quasdam
1723 1384 2054 1442 locutiones
2087 1381 2396 1440 attendere
2424 1382 2609 1452 iuvat,
2657 1382 2789 1455 qui-

457 1468 569 1527 bus
599 1469 858 1527 eiusdem
891 1472 1102 1542 poetae
1133 1469 1275 1528 vel
1261 1469 1431 1527 inscii
1462 1471 1639 1543 atque
1670 1467 2066 1543 imprudentis
2093 1485 2301 1524 manus
2325 1466 2497 1540 prodi
2519 1466 2788 1524 videtur:

629 1553 830 1612 Γ146
875 1552 944 1610 αἰ
982 1546 1043 1609 δ’
1089 1546 1582 1629 ἆμφὶΠρίαμον
1612 1556 1724 1612 etc.
1757 1579 1838 1589 -
1873 1554 1927 1607 A
1958 1552 2080 1609 295
2125 1546 2312 1626 ἄμφι
2350 1545 2540 1626 μέγαν
2567 1553 2677 1609 etc.
2711 1583 2784 1590 ——

461 1639 519 1693 Γ
558 1638 682 1695 150
702 1657 792 1712 sq.
838 1630 1207 1715 ἀγορηταὶ
1249 1671 1331 1680 —
1378 1636 1732 1715 τεττίγεσσιν
1776 1632 2025 1705 ἐοικότες
2070 1636 2182 1694 ete.
2228 1662 2310 1684 =
2362 1638 2415 1690 Δ
2445 1637 2567 1694 293
2615 1627 2791 1711 λιγύι

455 1715 856 1799 ἀγορητήν.
907 1754 982 1764 —-
1035 1723 1238 1781 Γ150
1290 1716 1514 1800 γήραϊ
1564 1719 1641 1797 δὴ
1695 1716 1968 1797 πολέμοιο
2024 1714 2390 1795 πεπαυμένοι
2435 1746 2516 1768 =
2566 1721 2620 1774 A
2665 1723 2788 1777 315

455 1805 687 1884 γῆρας
748 1804 919 1882 τείρει
978 1809 1039 1865 et
1084 1808 1203 1865 321
1250 1807 1475 1885 γῆρας
1520 1801 1742 1877 ὀπάζει.
1788 1839 1867 1849 -
1919 1806 2120 1864 Γ184
2166 1801 2439 1881 Φρυγίην
2483 1801 2785 1879 εἰσηλυ-

456 1893 711 1948 θονε
747 1893 800 1946 A
832 1892 953 1950 376
999 1890 1312 1967 εἰσῆλθε
1360 1890 1688 1967 Μυκήνας.
1725 1925 1800 1933 —-
1835 1889 2037 1950 Γ187
2085 1909 2152 1947 οι
2199 1887 2285 1965 ῥα
2331 1882 2475 1946 τότ’
2526 1885 2788 1965 ἕστρα

457 1972 733 2033 τόωντο
776 1970 921 2052 παρ’
969 1979 1080 2036 etc.
1112 2004 1194 2025 =
1230 1980 1435 2035 A378
1482 1997 1547 2034 οι
1595 1999 1684 2055 ρα
1730 1969 1872 2035 τότ’
1923 1966 2433 2052 ἐστρατόωνθ’
2481 1972 2608 2050 ιερὰ
2637 1972 2791 2050 πρὸς

397 2066 428 2113 9
452 2064 562 2119 etc.
598 2092 681 2101 --
716 2061 773 2116 Γ
799 2062 917 2119 188
950 2057 1350 2160 ἐπίκουρος
1383 2054 1497 2118 ἔων
1525 2089 1608 2111 ===
1643 2064 1698 2118 A
1728 2063 1849 2120 379
1880 2057 2064 2135 δόμεν
2094 2092 2172 2102 --
2205 2055 2664 2134 ἐπικούρους.
2698 2092 2781 2100 ——

460 2146 518 2201 Γ
550 2147 672 2205 206
734 2152 843 2204 σεῦ
898 2137 1053 2204 ἕνεκ’
1100 2140 1439 2224 ἀγγελίης
1487 2174 1569 2195 =
1616 2150 1668 2203 A
1699 2147 1819 2204 384
1865 2139 2217 2245 ἀγγελίην
2261 2139 2372 2203 ἔπι.
2438 2175 2503 2185 -
2572 2145 2628 2199 Γ
2660 2145 2787 2203 209

454 2225 868 2307 ἀγρομένοισιν
912 2257 993 2279 ---
1044 2234 1096 2287 A
1141 2233 1262 2291 385
1308 2226 1522 2301 πολέας
1568 2235 1631 2290 et
1675 2233 1796 2290 388
1842 2224 2098 2288 πολέσιν.
2153 2262 2226 2271 υ·-
2274 2230 2332 2285 Γ
2367 2229 2490 2288 223
2538 2224 2788 2304 ἐρίσσειε

456 2343 537 2364 ==
569 2317 623 2370 A
647 2316 768 2373 389
814 2309 1133 2374 ἆεθλευειν
1174 2313 1566 2391 προκαλίζετο.

624 2400 803 2459 Plura
847 2401 1134 2459 eiusmodi
1182 2403 1388 2459 afferre
1432 2419 1700 2475 possum,
1756 2400 1855 2459 sed
1903 2399 2045 2457 baec
2089 2398 2417 2459 sufficiunt.
2508 2399 2644 2456 Alia
2687 2418 2784 2458 res

459 2485 600 2545 haec
643 2488 752 2544 est.
815 2486 1025 2544 Miram
1074 2485 1367 2560 quandam
1412 2486 1572 2544 inter
1615 2485 1965 2559 Epipolesin
2009 2487 2190 2559 atque
2223 2485 2272 2540 Β
2309 2484 2553 2541 1-483
2600 2484 2784 2541 inter-

455 2572 662 2630 cedere
716 2570 1167 2631 similitudinem
1214 2571 1332 2629 iam
1376 2572 1628 2629 Hoffm
1645 2589 1879 2628 annus
1923 2569 2210 2628 indicavit
2253 2570 2316 2628 in
2361 2571 2619 2645 quaestt.
2669 2569 2789 2627 Ho-

456 2675 628 2713 merr.
674 2653 715 2730 ξ
761 2657 904 2714 306.
942 2660 970 2711 1
1023 2652 1164 2734 [vol.
1199 2655 1256 2713 II
1286 2676 1344 2731 p.
1378 2651 1546 2732 2531.
1634 2654 1927 2713 Similiter
1970 2658 2149 2730 atque
2195 2653 2397 2713 Ulixes
2432 2655 2481 2710 B
2517 2654 2785 2728 188sqq.

454 2739 571 2797 alia
622 2757 893 2814 proceres
952 2741 1069 2798 alia
1123 2740 1386 2813 plebeios
1444 2740 1715 2799 oratione
1771 2740 2066 2814 increpat,
2139 2738 2316 2796 etiam
2369 2740 2788 2814 Agamemnon

459 2827 512 2879 A
543 2824 664 2881 232
679 2843 808 2898 sqq.
854 2842 974 2882 non
1018 2823 1224 2883 eodem
1271 2824 1445 2882 modo
1491 2843 1696 2883 omnes
1742 2823 1994 2882 Graecos
2039 2823 2333 2882 admonet.
2397 2823 2552 2881 Tum
2594 2842 2789 2897 neque

454 2908 563 2965 hoc
605 2907 953 2980 fortuitum,
1012 2908 1170 2982 quod
1216 2909 1470 2980 Nestor,
1529 2909 1631 2984 qui
1680 2910 1729 2965 B
1774 2911 1899 2967 360
1923 2928 2053 2983 sqq.
2101 2911 2306 2966 auctor
2349 2907 2786 2983 Agamemnoni

456 2992 717 3068 exstitit,
777 2995 846 3049 ut
889 2994 1092 3066 copias
1135 2993 1210 3050 ad
1255 2994 1521 3068 gentium
1569 2994 2043 3068 familiarumque
2089 2992 2442 3050 affinitatem
2488 2993 2786 3067 disponat,

455 3077 614 3134 idem
665 3078 719 3131 A
749 3078 869 3135 297
894 3097 1023 3152 sqq.
1071 3077 1369 3151 duplicem
1428 3079 1612 3136 aciem
1668 3079 1913 3137 instruit
1969 3077 2223 3151 priorem
2270 3078 2544 3152 equitum
2591 3080 2786 3150 poste-

455 3162 669 3219 riorem
728 3161 997 3235 peditum
1057 3181 1307 3237 eamque
1355 3164 1666 3239 phalangis
1711 3163 1900 3221 instar
1943 3181 2061 3219 uno
2105 3161 2311 3220 ordine
2355 3164 2537 3237 atque
2581 3165 2787 3219 tenore

455 3245 737 3321 progredi
794 3245 978 3304 iubet.
1069 3247 1333 3322 Utroque
1377 3248 1563 3322 igitur
1607 3248 1738 3306 loco
1783 3247 2149 3306 tacticum
2214 3247 2366 3322 agit,
2425 3266 2784 3321 quamquam

458 3329 694 3388 diverso
739 3329 943 3388 modo:
992 3332 1213 3390 etenim
1262 3331 1418 3407 quod
1463 3332 1563 3390 ille
1608 3332 1671 3390 in
1702 3331 2068 3390 Contione
2111 3332 2427 3406 praecipit,
2470 3331 2623 3389 nihil
2652 3349 2787 3388 con-

454 3414 610 3472 tinet
652 3415 767 3472 nisi
813 3415 970 3489 quod
1015 3435 1086 3473 ex
1132 3417 1434 3475 constanti
1481 3417 2031 3492 antiquissimorum
2076 3419 2408 3490 temporum
2455 3431 2623 3473 more
2655 3414 2784 3473 ubi·

458 3517 571 3573 que
628 3498 1007 3558 observatum
1067 3502 1430 3573 invenimus,
1494 3504 1700 3559 eontra
1744 3501 1903 3577 quod
1948 3501 2009 3557 in
2055 3500 2457 3574 Epipolesi
2503 3501 2779 3576 imperat,

456 3601 549 3642 res
593 3586 687 3642 est
730 3586 789 3642 et
832 3602 989 3642 nova
1032 3585 1251 3660 quippe
1296 3607 1365 3644 ex
1392 3584 1768 3644 Doriensium
1812 3585 2078 3661 peditum
2123 3603 2233 3644 usu
2279 3585 2632 3661 deprompta
2674 3603 2812 3660 nec

453 3668 515 3726 in
562 3668 771 3726 ceteris
802 3667 1008 3728 Iliadis
1053 3670 1410 3729 carminibus
1456 3674 1709 3745 recepta,
1759 3672 1980 3746 quippe
2024 3669 2086 3727 in
2131 3668 2347 3743 quibus
2395 3670 2516 3727 sere
2559 3669 2784 3744 ubique

455 3753 677 3830 singuli
722 3752 1055 3826 bellatores,
1101 3773 1221 3813 non
1268 3755 1524 3814 universi
1572 3755 1867 3813 exercitus
1907 3754 2249 3827 confligant.

624 3839 933 3897 Postremo
978 3857 1098 3896 sex
1146 3839 1392 3909 duceS,
1439 3859 1588 3914 quos
1634 3839 2044 3916 Agamemnon
2078 3838 2127 3893 Β
2159 3838 2492 3896 404-407
2540 3838 2614 3895 ad
2644 3857 2788 3911 epu·

456 3925 544 3981 las
589 3924 826 3995 invitat,
878 3955 948 3964 —
983 3919 1221 3994 Nesto'r,
1266 3923 1639 3997 Idomeneus,
1690 3925 1831 3983 Aias
1876 3925 2143 3998 uterque,
2192 3922 2535 3994 Diomedes,
2581 3922 2786 3981 Ulixes

457 4008 751 4066 —iidem
794 4007 970 4065 etiam
1017 4007 1078 4066 in
1123 4007 1406 4082 epipolesi
1455 4009 1694 4068 obviam
1738 4009 1922 4082 fiunt3
1968 4026 2094 4081 nec,
2143 4007 2287 4081 quin
2332 4008 2474 4066 haec
2519 4008 2650 4081 ipsa
2696 4008 2784 4064 in-

455 4092 667 4151 vitatio
699 4092 771 4150 ab
798 4092 1245 4166 Agamemnone
1279 4095 1339 4151 et
1362 4094 1416 4147 A
1438 4094 1559 4151 257
1576 4114 1707 4169 sqq.
1729 4094 1791 4151 in
1823 4092 2123 4152 Idomenei
2155 4091 2394 4149 laudem
2424 4095 2486 4150 et
2518 4092 2639 4149 343
2653 4111 2781 4166 sqq.

457 4175 517 4233 in
564 4175 755 4234 Ulixis
803 4176 1162 4252 vituperium
1210 4183 1725 4252 commemoretur,
1772 4177 2032 4235 dubitari
2075 4179 2293 4251 potest.

623 4259 748 4318 Nec
792 4261 940 4320 aliae
984 4262 1406 4322 similitudines
1451 4263 1671 4323 desunt
1710 4280 1819 4320 nec
1847 4261 1993 4320 adeo
2024 4280 2228 4320 versus
2271 4261 2530 4335 repetiti,
2579 4263 2646 4318 ut
2677 4260 2783 4317 im·

455 4344 666 4419 primis
714 4345 763 4400 Β
792 4347 1126 4405 371-374
1170 4374 1254 4397 ----
1302 4351 1357 4405 Δ
1401 4349 1754 4407 288-291,
1844 4344 1960 4404 Sed
2010 4346 2150 4404 nolo
2205 4346 2377 4419 haec,
2436 4365 2588 4420 quae
2633 4344 2782 4403 indi-

454 4448 618 4488 easse
665 4429 811 4488 satis
863 4433 983 4503 est,
1039 4433 1313 4507 pluribus
1358 4433 1618 4508 exsequi.
1705 4431 1852 4491 Inde
1895 4449 2036 4490 vero
2083 4431 2187 4506 qui
2230 4433 2505 4489 nostrum
2548 4448 2785 4489 carmen
