<?xml version="1.0" encoding="UTF-8"?>
<!DOCTYPE html PUBLIC "-//W3C//DTD XHTML 1.0 Transitional//EN"
    "http://www.w3.org/TR/xhtml1/DTD/xhtml1-transitional.dtd">
<html xmlns="http://www.w3.org/1999/xhtml" xml:lang="en" lang="en">
 <head>
  <title>
</title>
<meta http-equiv="Content-Type" content="text/html;charset=utf-8" />
  <meta name='ocr-system' content='tesseract 3.04.00' />
  <meta name='ocr-capabilities' content='ocr_page ocr_carea ocr_par ocr_line ocrx_word'/>
</head>
<body>
  <div class='ocr_page' id='page_1' title='image "./opusculaphilolo00koecgoog_0256.png"; bbox 0 0 3132 5129; ppageno 0'>
   <div class='ocr_carea' id='block_1_1' title="bbox 371 1732 402 1777">
    <p class='ocr_par' dir='ltr' id='par_1_1' title="bbox 371 1732 402 1777">
     <span class='ocr_line' id='line_1_1' title="bbox 371 1732 402 1777; baseline 0 0"><span class='ocrx_word' id='word_1_1' title='bbox 371 1732 402 1777; x_wconf 91' lang='lat'><strong>3</strong></span> 
     </span>
    </p>
   </div>
   <div class='ocr_carea' id='block_1_2' title="bbox 1502 1212 1732 1295">
    <p class='ocr_par' dir='ltr' id='par_1_2' title="bbox 1502 1212 1732 1295">
     <span class='ocr_line' id='line_1_2' title="bbox 1502 1212 1732 1295; baseline 0 0"><span class='ocrx_word' id='word_1_2' title='bbox 1502 1212 1732 1295; x_wconf 85' lang='lat' dir='ltr'>XIII.</span> 
     </span>
    </p>
   </div>
   <div class='ocr_carea' id='block_1_3' title="bbox 525 1356 2699 1499">
    <p class='ocr_par' dir='ltr' id='par_1_3' title="bbox 525 1356 2699 1499">
     <span class='ocr_line' id='line_1_3' title="bbox 525 1356 2699 1499; baseline 0.001 -27"><span class='ocrx_word' id='word_1_3' title='bbox 525 1404 618 1474; x_wconf 85' lang='lat' dir='ltr'><strong>De</strong></span> <span class='ocrx_word' id='word_1_4' title='bbox 657 1403 953 1474; x_wconf 74' lang='lat' dir='ltr'><strong>(liversis</strong></span> <span class='ocrx_word' id='word_1_5' title='bbox 990 1356 1361 1472; x_wconf 77' lang='lat' dir='ltr'><strong>Hesiodeae</strong></span> <span class='ocrx_word' id='word_1_6' title='bbox 1399 1402 1824 1488; x_wconf 85' lang='lat' dir='ltr'><strong>Theogoniae</strong></span> <span class='ocrx_word' id='word_1_7' title='bbox 1863 1402 2173 1491; x_wconf 81' lang='lat' dir='ltr'><strong>partibus</strong></span> <span class='ocrx_word' id='word_1_8' title='bbox 2211 1402 2606 1475; x_wconf 79' lang='lat' dir='ltr'><strong>dissertatio</strong></span> <span class='ocrx_word' id='word_1_9' title='bbox 2624 1399 2699 1499; x_wconf 92' lang='lat'><strong>¹).</strong></span> 
     </span>
    </p>
   </div>
   <div class='ocr_carea' id='block_1_4' title="bbox 1459 1573 1779 1584">
    <p class='ocr_par' dir='ltr' id='par_1_4' title="bbox 1459 1573 1779 1584">
     <span class='ocr_line' id='line_1_4' title="bbox 1459 1573 1779 1584; baseline 0 0"><span class='ocrx_word' id='word_1_10' title='bbox 1459 1573 1779 1584; x_wconf 95' lang='lat' dir='ltr'><strong> </strong></span> 
     </span>
    </p>
   </div>
   <div class='ocr_carea' id='block_1_5' title="bbox 446 1691 2783 2008">
    <p class='ocr_par' dir='ltr' id='par_1_5' title="bbox 446 1691 2783 2008">
     <span class='ocr_line' id='line_1_5' title="bbox 795 1691 2434 1793; baseline 0.001 -4"><span class='ocrx_word' id='word_1_11' title='bbox 795 1691 1648 1791; x_wconf 78' lang='lat' dir='ltr'><strong>UNIVERSITATIS</strong></span> <span class='ocrx_word' id='word_1_12' title='bbox 1704 1693 2434 1793; x_wconf 82' lang='lat' dir='ltr'><strong>LITTERARIAE</strong></span> 
     </span>
     <span class='ocr_line' id='line_1_6' title="bbox 446 1871 2783 2008; baseline 0.002 -6"><span class='ocrx_word' id='word_1_13' title='bbox 446 1871 1586 2006; x_wconf 81' lang='lat' dir='ltr'><strong>FRIDERIOAE</strong></span> <span class='ocrx_word' id='word_1_14' title='bbox 1663 1872 2783 2008; x_wconf 79' lang='lat' dir='ltr'><strong>GUILELMAE</strong></span> 
     </span>
    </p>
   </div>
   <div class='ocr_carea' id='block_1_6' title="bbox 1024 2089 2194 2395">
    <p class='ocr_par' dir='ltr' id='par_1_6' title="bbox 1024 2089 2194 2395">
     <span class='ocr_line' id='line_1_7' title="bbox 1024 2089 2194 2158; baseline 0 0"><span class='ocrx_word' id='word_1_15' title='bbox 1024 2089 1486 2158; x_wconf 73' lang='lat' dir='ltr'><strong>REO&#39;PORI</strong></span> <span class='ocrx_word' id='word_1_16' title='bbox 1543 2089 1679 2156; x_wconf 76' lang='grc' dir='ltr'><strong>ΕΤ</strong></span> <span class='ocrx_word' id='word_1_17' title='bbox 1737 2089 2194 2158; x_wconf 80' lang='lat' dir='ltr'><strong>SENA&#39;I&#39;UI</strong></span> 
     </span>
     <span class='ocr_line' id='line_1_8' title="bbox 1095 2219 2123 2276; baseline 0 -2"><span class='ocrx_word' id='word_1_18' title='bbox 1095 2219 1660 2275; x_wconf 81' lang='lat' dir='ltr'>UNIVERSITATIS</span> <span class='ocrx_word' id='word_1_19' title='bbox 1691 2219 2123 2276; x_wconf 80' lang='lat' dir='ltr'>TURICENSIS</span> 
     </span>
     <span class='ocr_line' id='line_1_9' title="bbox 1221 2345 1996 2395; baseline 0.004 -3"><span class='ocrx_word' id='word_1_20' title='bbox 1221 2345 1496 2393; x_wconf 83' lang='lat' dir='ltr'>RECTOR</span> <span class='ocrx_word' id='word_1_21' title='bbox 1543 2346 1634 2392; x_wconf 84' lang='lat' dir='ltr'><strong>ET</strong></span> <span class='ocrx_word' id='word_1_22' title='bbox 1683 2345 1996 2395; x_wconf 82' lang='lat' dir='ltr'>SENATUS</span> 
     </span>
    </p>
   </div>
   <div class='ocr_carea' id='block_1_7' title="bbox 1580 2448 1647 2516">
    <p class='ocr_par' dir='ltr' id='par_1_7' title="bbox 1580 2448 1647 2516">
     <span class='ocr_line' id='line_1_10' title="bbox 1580 2448 1647 2516; baseline 0.015 -1"><span class='ocrx_word' id='word_1_23' title='bbox 1580 2448 1647 2516; x_wconf 79' lang='lat' dir='ltr'><strong>S.</strong></span> 
     </span>
    </p>
   </div>
   <div class='ocr_carea' id='block_1_8' title="bbox 438 2594 2783 3418">
    <p class='ocr_par' dir='ltr' id='par_1_8' title="bbox 438 2594 2783 3418">
     <span class='ocr_line' id='line_1_11' title="bbox 617 2594 2782 2671; baseline 0 -17"><span class='ocrx_word' id='word_1_24' title='bbox 617 2596 768 2654; x_wconf 89' lang='lat' dir='ltr'><strong>Miro</strong></span> <span class='ocrx_word' id='word_1_25' title='bbox 834 2595 1100 2671; x_wconf 87' lang='lat' dir='ltr'><strong>profecto</strong></span> <span class='ocrx_word' id='word_1_26' title='bbox 1167 2594 1441 2653; x_wconf 79' lang='lat' dir='ltr'><strong>fortunae</strong></span> <span class='ocrx_word' id='word_1_27' title='bbox 1507 2613 1646 2654; x_wconf 86' lang='lat' dir='ltr'><strong>casu</strong></span> <span class='ocrx_word' id='word_1_28' title='bbox 1709 2596 1953 2670; x_wconf 84' lang='lat' dir='ltr'><strong>accidit,</strong></span> <span class='ocrx_word' id='word_1_29' title='bbox 2019 2599 2090 2654; x_wconf 93' lang='lat' dir='ltr'><strong>ut</strong></span> <span class='ocrx_word' id='word_1_30' title='bbox 2154 2597 2310 2655; x_wconf 89' lang='lat' dir='ltr'><strong>intra</strong></span> <span class='ocrx_word' id='word_1_31' title='bbox 2366 2596 2543 2655; x_wconf 86' lang='lat' dir='ltr'><strong>breve</strong></span> <span class='ocrx_word' id='word_1_32' title='bbox 2604 2597 2782 2655; x_wconf 85' lang='lat' dir='ltr'><strong>unius</strong></span> 
     </span>
     <span class='ocr_line' id='line_1_12' title="bbox 443 2679 2782 2756; baseline 0 -18"><span class='ocrx_word' id='word_1_33' title='bbox 443 2681 664 2739; x_wconf 83' lang='lat' dir='ltr'>mensis</span> <span class='ocrx_word' id='word_1_34' title='bbox 720 2681 977 2755; x_wconf 88' lang='lat' dir='ltr'><strong>spatium</strong></span> <span class='ocrx_word' id='word_1_35' title='bbox 1035 2679 1494 2738; x_wconf 73' lang='lat' dir='ltr'><strong>universitatum</strong></span> <span class='ocrx_word' id='word_1_36' title='bbox 1548 2684 1611 2738; x_wconf 89' lang='lat' dir='ltr'><strong>et</strong></span> <span class='ocrx_word' id='word_1_37' title='bbox 1654 2679 2068 2739; x_wconf 82' lang='lat' dir='ltr'><strong>Helvetiarum</strong></span> <span class='ocrx_word' id='word_1_38' title='bbox 2114 2681 2537 2756; x_wconf 87' lang='lat' dir='ltr'><strong>antiquissima</strong></span> <span class='ocrx_word' id='word_1_39' title='bbox 2581 2701 2782 2740; x_wconf 87' lang='lat' dir='ltr'><strong>saecu-</strong></span> 
     </span>
     <span class='ocr_line' id='line_1_13' title="bbox 443 2763 2781 2840; baseline 0.001 -18"><span class='ocrx_word' id='word_1_40' title='bbox 443 2765 593 2823; x_wconf 82' lang='lat' dir='ltr'>laria</span> <span class='ocrx_word' id='word_1_41' title='bbox 636 2769 846 2840; x_wconf 83' lang='lat' dir='ltr'><strong>quarta</strong></span> <span class='ocrx_word' id='word_1_42' title='bbox 901 2768 965 2823; x_wconf 93' lang='lat' dir='ltr'><strong>et</strong></span> <span class='ocrx_word' id='word_1_43' title='bbox 1008 2763 1491 2824; x_wconf 84' lang='lat' dir='ltr'><strong>Germanicarum</strong></span> <span class='ocrx_word' id='word_1_44' title='bbox 1535 2764 1861 2824; x_wconf 90' lang='lat' dir='ltr'><strong>novissima</strong></span> <span class='ocrx_word' id='word_1_45' title='bbox 1905 2766 2381 2824; x_wconf 89' lang='lat' dir='ltr'><strong>semisaecularia</strong></span> <span class='ocrx_word' id='word_1_46' title='bbox 2425 2767 2617 2840; x_wconf 82' lang='lat' dir='ltr'><strong>prima</strong></span> <span class='ocrx_word' id='word_1_47' title='bbox 2661 2768 2781 2825; x_wconf 91' lang='lat' dir='ltr'><strong>rite</strong></span> 
     </span>
     <span class='ocr_line' id='line_1_14' title="bbox 442 2850 2783 2925; baseline 0 -18"><span class='ocrx_word' id='word_1_48' title='bbox 442 2850 736 2908; x_wconf 87' lang='lat' dir='ltr'><strong>celebrare</strong></span> <span class='ocrx_word' id='word_1_49' title='bbox 780 2851 1053 2908; x_wconf 85' lang='lat' dir='ltr'><strong>invitatis</strong></span> <span class='ocrx_word' id='word_1_50' title='bbox 1097 2850 1308 2908; x_wconf 90' lang='lat' dir='ltr'><strong>ceteris</strong></span> <span class='ocrx_word' id='word_1_51' title='bbox 1353 2850 1845 2908; x_wconf 80' lang='lat' dir='ltr'><strong>universitatibus</strong></span> <span class='ocrx_word' id='word_1_52' title='bbox 1891 2851 2232 2925; x_wconf 81' lang='lat' dir='ltr'><strong>susceperit.</strong></span> <span class='ocrx_word' id='word_1_53' title='bbox 2321 2851 2405 2908; x_wconf 90' lang='lat' dir='ltr'><strong>Et</strong></span> <span class='ocrx_word' id='word_1_54' title='bbox 2448 2851 2550 2909; x_wconf 87' lang='lat' dir='ltr'><strong>illa</strong></span> <span class='ocrx_word' id='word_1_55' title='bbox 2592 2871 2783 2925; x_wconf 85' lang='lat' dir='ltr'><strong>parva</strong></span> 
     </span>
     <span class='ocr_line' id='line_1_15' title="bbox 442 2934 2781 3010; baseline 0.001 -19"><span class='ocrx_word' id='word_1_56' title='bbox 442 2935 684 3009; x_wconf 89' lang='lat' dir='ltr'><strong>quidem</strong></span> <span class='ocrx_word' id='word_1_57' title='bbox 729 2937 910 3010; x_wconf 87' lang='lat' dir='ltr'><strong>atque</strong></span> <span class='ocrx_word' id='word_1_58' title='bbox 954 2935 1222 2994; x_wconf 83' lang='lat' dir='ltr'><strong>modesta</strong></span> <span class='ocrx_word' id='word_1_59' title='bbox 1266 2934 1365 2994; x_wconf 90' lang='lat' dir='ltr'><strong>sed</strong></span> <span class='ocrx_word' id='word_1_60' title='bbox 1412 2934 1711 2992; x_wconf 89' lang='lat' dir='ltr'><strong>communi</strong></span> <span class='ocrx_word' id='word_1_61' title='bbox 1757 2953 2000 2993; x_wconf 90' lang='lat' dir='ltr'><strong>suorum</strong></span> <span class='ocrx_word' id='word_1_62' title='bbox 2047 2936 2266 2993; x_wconf 85' lang='lat' dir='ltr'><strong>civium</strong></span> <span class='ocrx_word' id='word_1_63' title='bbox 2306 2936 2509 2995; x_wconf 84' lang='lat' dir='ltr'><strong>favore</strong></span> <span class='ocrx_word' id='word_1_64' title='bbox 2541 2941 2606 2993; x_wconf 88' lang='lat' dir='ltr'><strong>ut</strong></span> <span class='ocrx_word' id='word_1_65' title='bbox 2635 2937 2781 2994; x_wconf 91' lang='lat' dir='ltr'><strong>olim</strong></span> 
     </span>
     <span class='ocr_line' id='line_1_16' title="bbox 440 3018 2776 3093; baseline 0.001 -18"><span class='ocrx_word' id='word_1_66' title='bbox 440 3019 527 3076; x_wconf 87' lang='lat' dir='ltr'><strong>ita</strong></span> <span class='ocrx_word' id='word_1_67' title='bbox 581 3020 762 3078; x_wconf 83' lang='lat' dir='ltr'><strong>etiam</strong></span> <span class='ocrx_word' id='word_1_68' title='bbox 818 3038 973 3077; x_wconf 92' lang='lat' dir='ltr'><strong>nunc</strong></span> <span class='ocrx_word' id='word_1_69' title='bbox 1016 3019 1439 3078; x_wconf 84' lang='lat' dir='ltr'><strong>florentissima</strong></span> <span class='ocrx_word' id='word_1_70' title='bbox 1483 3050 1563 3059; x_wconf 91' lang='lat'><strong>—</strong></span> <span class='ocrx_word' id='word_1_71' title='bbox 1610 3019 1769 3093; x_wconf 90' lang='lat' dir='ltr'><strong>quod</strong></span> <span class='ocrx_word' id='word_1_72' title='bbox 1812 3018 2223 3078; x_wconf 86' lang='lat' dir='ltr'><strong>firmissimum</strong></span> <span class='ocrx_word' id='word_1_73' title='bbox 2266 3023 2359 3078; x_wconf 90' lang='lat' dir='ltr'><strong>est</strong></span> <span class='ocrx_word' id='word_1_74' title='bbox 2400 3022 2776 3079; x_wconf 85' lang='lat' dir='ltr'><strong>uniuscuius-</strong></span> 
     </span>
     <span class='ocr_line' id='line_1_17' title="bbox 439 3103 2779 3180; baseline 0.001 -20"><span class='ocrx_word' id='word_1_75' title='bbox 439 3122 554 3177; x_wconf 86' lang='lat' dir='ltr'><strong>que</strong></span> <span class='ocrx_word' id='word_1_76' title='bbox 597 3105 684 3162; x_wconf 91' lang='lat' dir='ltr'><strong>rei</strong></span> <span class='ocrx_word' id='word_1_77' title='bbox 727 3106 789 3162; x_wconf 94' lang='lat' dir='ltr'><strong>in</strong></span> <span class='ocrx_word' id='word_1_78' title='bbox 834 3105 1025 3163; x_wconf 89' lang='lat' dir='ltr'><strong>libera</strong></span> <span class='ocrx_word' id='word_1_79' title='bbox 1068 3104 1311 3162; x_wconf 88' lang='lat' dir='ltr'><strong>civitate</strong></span> <span class='ocrx_word' id='word_1_80' title='bbox 1372 3103 1825 3162; x_wconf 81' lang='lat' dir='ltr'><strong>fundamentum</strong></span> <span class='ocrx_word' id='word_1_81' title='bbox 1876 3137 1951 3145; x_wconf 91' lang='lat'><em>-</em></span> <span class='ocrx_word' id='word_1_82' title='bbox 2000 3109 2225 3180; x_wconf 81' lang='lat' dir='ltr'><strong>quanto</strong></span> <span class='ocrx_word' id='word_1_83' title='bbox 2272 3105 2534 3179; x_wconf 90' lang='lat' dir='ltr'><strong>undique</strong></span> <span class='ocrx_word' id='word_1_84' title='bbox 2580 3105 2779 3163; x_wconf 87' lang='lat' dir='ltr'><strong>studio</strong></span> 
     </span>
     <span class='ocr_line' id='line_1_18' title="bbox 438 3188 2777 3264; baseline 0 -18"><span class='ocrx_word' id='word_1_85' title='bbox 438 3191 709 3263; x_wconf 87' lang='lat' dir='ltr'><strong>acceptas</strong></span> <span class='ocrx_word' id='word_1_86' title='bbox 754 3189 975 3248; x_wconf 87' lang='lat' dir='ltr'><strong>viderit</strong></span> <span class='ocrx_word' id='word_1_87' title='bbox 1017 3208 1153 3248; x_wconf 89' lang='lat' dir='ltr'><strong>suas</strong></span> <span class='ocrx_word' id='word_1_88' title='bbox 1198 3189 1613 3261; x_wconf 82' lang='lat' dir='ltr'><strong>invitationeS‚</strong></span> <span class='ocrx_word' id='word_1_89' title='bbox 1674 3190 1801 3247; x_wconf 88' lang='lat' dir='ltr'><strong>eius</strong></span> <span class='ocrx_word' id='word_1_90' title='bbox 1847 3188 1935 3247; x_wconf 86' lang='lat' dir='ltr'><strong>rei</strong></span> <span class='ocrx_word' id='word_1_91' title='bbox 1980 3191 2161 3248; x_wconf 89' lang='lat' dir='ltr'><strong>testes</strong></span> <span class='ocrx_word' id='word_1_92' title='bbox 2205 3189 2319 3264; x_wconf 86' lang='lat' dir='ltr'><strong>ipsi</strong></span> <span class='ocrx_word' id='word_1_93' title='bbox 2364 3190 2614 3264; x_wconf 87' lang='lat' dir='ltr'><strong>fuimus,</strong></span> <span class='ocrx_word' id='word_1_94' title='bbox 2674 3191 2777 3264; x_wconf 91' lang='lat' dir='ltr'><strong>qui</strong></span> 
     </span>
     <span class='ocr_line' id='line_1_19' title="bbox 439 3272 2777 3350; baseline 0 -20"><span class='ocrx_word' id='word_1_95' title='bbox 439 3272 781 3348; x_wconf 85' lang='lat' dir='ltr'><strong>frequentes</strong></span> <span class='ocrx_word' id='word_1_96' title='bbox 826 3274 902 3332; x_wconf 87' lang='lat' dir='ltr'><strong>ad</strong></span> <span class='ocrx_word' id='word_1_97' title='bbox 947 3273 1433 3332; x_wconf 86' lang='lat' dir='ltr'><strong>consalutandam</strong></span> <span class='ocrx_word' id='word_1_98' title='bbox 1476 3276 1741 3331; x_wconf 88' lang='lat' dir='ltr'><strong>nostram</strong></span> <span class='ocrx_word' id='word_1_99' title='bbox 1784 3274 2036 3348; x_wconf 84' lang='lat' dir='ltr'><strong>profecti</strong></span> <span class='ocrx_word' id='word_1_100' title='bbox 2081 3274 2311 3350; x_wconf 85' lang='lat' dir='ltr'><strong>legatos</strong></span> <span class='ocrx_word' id='word_1_101' title='bbox 2356 3274 2439 3332; x_wconf 92' lang='lat' dir='ltr'><strong>ibi</strong></span> <span class='ocrx_word' id='word_1_102' title='bbox 2485 3275 2777 3333; x_wconf 88' lang='lat' dir='ltr'><strong>inveneri·</strong></span> 
     </span>
     <span class='ocr_line' id='line_1_20' title="bbox 439 3357 2779 3418; baseline 0 -4"><span class='ocrx_word' id='word_1_103' title='bbox 439 3377 572 3417; x_wconf 91' lang='lat' dir='ltr'><strong>mus</strong></span> <span class='ocrx_word' id='word_1_104' title='bbox 638 3360 1096 3418; x_wconf 82' lang='lat' dir='ltr'><strong>universitatum</strong></span> <span class='ocrx_word' id='word_1_105' title='bbox 1166 3361 1227 3415; x_wconf 91' lang='lat' dir='ltr'><strong>et</strong></span> <span class='ocrx_word' id='word_1_106' title='bbox 1279 3357 1734 3417; x_wconf 81' lang='lat' dir='ltr'><strong>Academiarum</strong></span> <span class='ocrx_word' id='word_1_107' title='bbox 1800 3376 1922 3416; x_wconf 89' lang='lat' dir='ltr'><strong>non</strong></span> <span class='ocrx_word' id='word_1_108' title='bbox 1983 3358 2174 3417; x_wconf 91' lang='lat' dir='ltr'><strong>solum</strong></span> <span class='ocrx_word' id='word_1_109' title='bbox 2235 3358 2647 3418; x_wconf 83' lang='lat' dir='ltr'><strong>Helvetiarum</strong></span> <span class='ocrx_word' id='word_1_110' title='bbox 2713 3363 2779 3416; x_wconf 84' lang='lat' dir='ltr'><strong>et</strong></span> 
     </span>
    </p>
   </div>
   <div class='ocr_carea' id='block_1_9' title="bbox 333 3427 2770 3518">
    <p class='ocr_par' dir='ltr' id='par_1_9' title="bbox 333 3427 2770 3518">
     <span class='ocr_line' id='line_1_21' title="bbox 333 3427 2770 3518; baseline 0 -19"><span class='ocrx_word' id='word_1_111' title='bbox 333 3452 339 3458; x_wconf 83' lang='lat'>&#39;</span> <span class='ocrx_word' id='word_1_112' title='bbox 438 3441 923 3501; x_wconf 85' lang='lat' dir='ltr'><strong>Germanicarum</strong></span> <span class='ocrx_word' id='word_1_113' title='bbox 967 3462 1041 3501; x_wconf 91' lang='lat' dir='ltr'><strong>ne</strong></span> <span class='ocrx_word' id='word_1_114' title='bbox 1086 3443 1419 3502; x_wconf 90' lang='lat' dir='ltr'><strong>Austriacis</strong></span> <span class='ocrx_word' id='word_1_115' title='bbox 1462 3442 1705 3518; x_wconf 87' lang='lat' dir='ltr'><strong>quidem</strong></span> <span class='ocrx_word' id='word_1_116' title='bbox 1749 3443 2009 3517; x_wconf 81' lang='lat' dir='ltr'><strong>exceptis</strong></span> <span class='ocrx_word' id='word_1_117' title='bbox 2028 3427 2156 3501; x_wconf 76' lang='lat' dir='ltr'><strong>&#39;sed</strong></span> <span class='ocrx_word' id='word_1_118' title='bbox 2203 3444 2376 3502; x_wconf 88' lang='lat' dir='ltr'><strong>etiam</strong></span> <span class='ocrx_word' id='word_1_119' title='bbox 2407 3442 2770 3503; x_wconf 81' lang='lat' dir='ltr'><strong>Batavarum</strong></span> 
     </span>
    </p>
   </div>
   <div class='ocr_carea' id='block_1_10' title="bbox 435 3527 2774 3944">
    <p class='ocr_par' dir='ltr' id='par_1_10' title="bbox 435 3527 2774 3944">
     <span class='ocr_line' id='line_1_22' title="bbox 435 3527 2768 3604; baseline 0.001 -21"><span class='ocrx_word' id='word_1_120' title='bbox 435 3529 614 3602; x_wconf 87' lang='lat' dir='ltr'><strong>atque</strong></span> <span class='ocrx_word' id='word_1_121' title='bbox 660 3527 1067 3604; x_wconf 82' lang='lat' dir='ltr'><strong>Belgicarum3</strong></span> <span class='ocrx_word' id='word_1_122' title='bbox 1114 3527 1332 3586; x_wconf 82' lang='lat' dir='ltr'><strong>Vestra</strong></span> <span class='ocrx_word' id='word_1_123' title='bbox 1392 3546 1533 3587; x_wconf 83' lang='lat' dir='ltr'><strong>vero</strong></span> <span class='ocrx_word' id='word_1_124' title='bbox 1580 3528 1845 3586; x_wconf 90' lang='lat' dir='ltr'><strong>omnium</strong></span> <span class='ocrx_word' id='word_1_125' title='bbox 1890 3529 2187 3602; x_wconf 87' lang='lat' dir='ltr'><strong>quotquot</strong></span> <span class='ocrx_word' id='word_1_126' title='bbox 2230 3527 2407 3586; x_wconf 91' lang='lat' dir='ltr'><strong>hodie</strong></span> <span class='ocrx_word' id='word_1_127' title='bbox 2454 3531 2595 3587; x_wconf 88' lang='lat' dir='ltr'><strong>sunt</strong></span> <span class='ocrx_word' id='word_1_128' title='bbox 2642 3528 2768 3585; x_wconf 91' lang='lat' dir='ltr'><strong>uni-</strong></span> 
     </span>
     <span class='ocr_line' id='line_1_23' title="bbox 437 3612 2768 3689; baseline 0 -20"><span class='ocrx_word' id='word_1_129' title='bbox 437 3612 789 3670; x_wconf 84' lang='lat' dir='ltr'><strong>versitatum</strong></span> <span class='ocrx_word' id='word_1_130' title='bbox 847 3613 1018 3672; x_wconf 81' lang='lat' dir='ltr'><strong>sacile</strong></span> <span class='ocrx_word' id='word_1_131' title='bbox 1074 3614 1269 3687; x_wconf 89' lang='lat' dir='ltr'><strong>prima</strong></span> <span class='ocrx_word' id='word_1_132' title='bbox 1319 3615 1498 3687; x_wconf 84' lang='lat' dir='ltr'><strong>atque</strong></span> <span class='ocrx_word' id='word_1_133' title='bbox 1555 3612 1846 3688; x_wconf 86' lang='lat' dir='ltr'><strong>singulari</strong></span> <span class='ocrx_word' id='word_1_134' title='bbox 1901 3630 2255 3688; x_wconf 85' lang='lat' dir='ltr'><strong>magnorum</strong></span> <span class='ocrx_word' id='word_1_135' title='bbox 2310 3631 2519 3689; x_wconf 89' lang='lat' dir='ltr'><strong>regum</strong></span> <span class='ocrx_word' id='word_1_136' title='bbox 2576 3613 2768 3670; x_wconf 89' lang='lat' dir='ltr'><strong>muni-</strong></span> 
     </span>
     <span class='ocr_line' id='line_1_24' title="bbox 435 3694 2774 3771; baseline 0.001 -18"><span class='ocrx_word' id='word_1_137' title='bbox 435 3694 674 3755; x_wconf 87' lang='lat' dir='ltr'><strong>ficentia</strong></span> <span class='ocrx_word' id='word_1_138' title='bbox 730 3698 1023 3758; x_wconf 88' lang='lat' dir='ltr'><strong>ditissime</strong></span> <span class='ocrx_word' id='word_1_139' title='bbox 1075 3699 1359 3756; x_wconf 82' lang='lat' dir='ltr'><strong>exornata</strong></span> <span class='ocrx_word' id='word_1_140' title='bbox 1426 3697 1569 3771; x_wconf 89' lang='lat' dir='ltr'><strong>quin</strong></span> <span class='ocrx_word' id='word_1_141' title='bbox 1636 3697 1795 3755; x_wconf 90' lang='lat' dir='ltr'><strong>idem</strong></span> <span class='ocrx_word' id='word_1_142' title='bbox 1855 3697 1916 3754; x_wconf 92' lang='lat' dir='ltr'><strong>in</strong></span> <span class='ocrx_word' id='word_1_143' title='bbox 1976 3698 2098 3755; x_wconf 91' lang='lat' dir='ltr'><strong>suis</strong></span> <span class='ocrx_word' id='word_1_144' title='bbox 2161 3697 2341 3755; x_wconf 85' lang='lat' dir='ltr'><strong>sacris</strong></span> <span class='ocrx_word' id='word_1_145' title='bbox 2409 3697 2774 3755; x_wconf 88' lang='lat' dir='ltr'><strong>celebrandis</strong></span> 
     </span>
     <span class='ocr_line' id='line_1_25' title="bbox 437 3781 2772 3858; baseline 0 -20"><span class='ocrx_word' id='word_1_146' title='bbox 437 3782 758 3840; x_wconf 90' lang='lat' dir='ltr'><strong>eorundem</strong></span> <span class='ocrx_word' id='word_1_147' title='bbox 813 3783 1183 3858; x_wconf 89' lang='lat' dir='ltr'><strong>aliorumque</strong></span> <span class='ocrx_word' id='word_1_148' title='bbox 1240 3782 1652 3839; x_wconf 87' lang='lat' dir='ltr'><strong>institutorum</strong></span> <span class='ocrx_word' id='word_1_149' title='bbox 1706 3782 2025 3840; x_wconf 84' lang='lat' dir='ltr'><strong>inventura</strong></span> <span class='ocrx_word' id='word_1_150' title='bbox 2079 3782 2159 3841; x_wconf 90' lang='lat' dir='ltr'><strong>sit</strong></span> <span class='ocrx_word' id='word_1_151' title='bbox 2210 3781 2473 3840; x_wconf 90' lang='lat' dir='ltr'><strong>studium</strong></span> <span class='ocrx_word' id='word_1_152' title='bbox 2518 3783 2772 3840; x_wconf 86' lang='lat' dir='ltr'><strong>fortasse</strong></span> 
     </span>
     <span class='ocr_line' id='line_1_26' title="bbox 435 3866 2772 3944; baseline 0 -22"><span class='ocrx_word' id='word_1_153' title='bbox 435 3866 759 3925; x_wconf 88' lang='lat' dir='ltr'><strong>maioribus</strong></span> <span class='ocrx_word' id='word_1_154' title='bbox 813 3867 960 3926; x_wconf 85' lang='lat' dir='ltr'><strong>adeo</strong></span> <span class='ocrx_word' id='word_1_155' title='bbox 1030 3866 1649 3944; x_wconf 83' lang='lat' dir='ltr'><strong>splendidioribusque</strong></span> <span class='ocrx_word' id='word_1_156' title='bbox 1716 3866 2087 3925; x_wconf 88' lang='lat' dir='ltr'><strong>documentis</strong></span> <span class='ocrx_word' id='word_1_157' title='bbox 2155 3867 2566 3942; x_wconf 86' lang='lat' dir='ltr'><strong>conspicuum,</strong></span> <span class='ocrx_word' id='word_1_158' title='bbox 2637 3867 2772 3942; x_wconf 87' lang='lat' dir='ltr'><strong>quis</strong></span> 
     </span>
    </p>
   </div>
   <div class='ocr_carea' id='block_1_11' title="bbox 435 3950 2773 4113">
    <p class='ocr_par' dir='ltr' id='par_1_11' title="bbox 435 3950 2773 4113">
     <span class='ocr_line' id='line_1_27' title="bbox 435 3950 1138 4012; baseline 0.006 -6"><span class='ocrx_word' id='word_1_159' title='bbox 435 3950 677 4009; x_wconf 83' lang='lat' dir='ltr'><strong>tandem</strong></span> <span class='ocrx_word' id='word_1_160' title='bbox 724 3951 1138 4012; x_wconf 76' lang='lat' dir='ltr'><strong>dubitaverit?</strong></span> 
     </span>
     <span class='ocr_line' id='line_1_28' title="bbox 603 4034 2773 4113; baseline 0 -21"><span class='ocrx_word' id='word_1_161' title='bbox 603 4036 714 4095; x_wconf 85' lang='lat' dir='ltr'><strong>Est</strong></span> <span class='ocrx_word' id='word_1_162' title='bbox 775 4037 964 4113; x_wconf 85' lang='lat' dir='ltr'><strong>igitur</strong></span> <span class='ocrx_word' id='word_1_163' title='bbox 1026 4035 1268 4112; x_wconf 85' lang='lat' dir='ltr'><strong>aliquod</strong></span> <span class='ocrx_word' id='word_1_164' title='bbox 1350 4034 1652 4094; x_wconf 83' lang='lat' dir='ltr'><strong>vinculum</strong></span> <span class='ocrx_word' id='word_1_165' title='bbox 1718 4035 2018 4094; x_wconf 88' lang='lat' dir='ltr'><strong>communi</strong></span> <span class='ocrx_word' id='word_1_166' title='bbox 2084 4037 2349 4094; x_wconf 87' lang='lat' dir='ltr'><strong>omnium</strong></span> <span class='ocrx_word' id='word_1_167' title='bbox 2415 4036 2773 4094; x_wconf 86' lang='lat' dir='ltr'><strong>conscientia</strong></span> 
     </span>
    </p>
   </div>
   <div class='ocr_carea' id='block_1_12' title="bbox 435 4119 2769 4198">
    <p class='ocr_par' dir='ltr' id='par_1_12' title="bbox 435 4119 2769 4198">
     <span class='ocr_line' id='line_1_29' title="bbox 435 4119 2769 4198; baseline 0.001 -21"><span class='ocrx_word' id='word_1_168' title='bbox 435 4119 782 4195; x_wconf 85' lang='lat' dir='ltr'><strong>colligatum</strong></span> <span class='ocrx_word' id='word_1_169' title='bbox 840 4125 1021 4198; x_wconf 83' lang='lat' dir='ltr'><strong>atque</strong></span> <span class='ocrx_word' id='word_1_170' title='bbox 1071 4122 1406 4193; x_wconf 83' lang='lat' dir='ltr'><strong>firmatum,</strong></span> <span class='ocrx_word' id='word_1_171' title='bbox 1477 4138 1594 4194; x_wconf 89' lang='lat' dir='ltr'><strong>quo</strong></span> <span class='ocrx_word' id='word_1_172' title='bbox 1652 4138 1858 4179; x_wconf 88' lang='lat' dir='ltr'><strong>omnes</strong></span> <span class='ocrx_word' id='word_1_173' title='bbox 1924 4120 2262 4178; x_wconf 84' lang='lat' dir='ltr'><strong>litterarum</strong></span> <span class='ocrx_word' id='word_1_174' title='bbox 2329 4120 2769 4192; x_wconf 61' lang='lat' dir='ltr'><strong>universitatem,</strong></span> 
     </span>
    </p>
   </div>
   <div class='ocr_carea' id='block_1_13' title="bbox 437 4237 838 4245">
    <p class='ocr_par' dir='ltr' id='par_1_13' title="bbox 437 4237 838 4245">
     <span class='ocr_line' id='line_1_30' title="bbox 437 4237 838 4245; baseline 0 884"><span class='ocrx_word' id='word_1_175' title='bbox 437 4237 838 4245; x_wconf 95' lang='lat' dir='ltr'><strong> </strong></span> 
     </span>
    </p>
   </div>
   <div class='ocr_carea' id='block_1_14' title="bbox 434 4281 2768 4407">
    <p class='ocr_par' dir='ltr' id='par_1_14' title="bbox 434 4281 2768 4407">
     <span class='ocr_line' id='line_1_31' title="bbox 574 4281 2765 4351; baseline -0 -15"><span class='ocrx_word' id='word_1_176' title='bbox 574 4285 623 4350; x_wconf 92' lang='lat'><strong>1)</strong></span> <span class='ocrx_word' id='word_1_177' title='bbox 678 4283 1069 4351; x_wconf 86' lang='lat' dir='ltr'><strong>[Universitati</strong></span> <span class='ocrx_word' id='word_1_178' title='bbox 1125 4286 1436 4340; x_wconf 84' lang='lat' dir='ltr'><strong>litterariae</strong></span> <span class='ocrx_word' id='word_1_179' title='bbox 1482 4281 1885 4338; x_wconf 82' lang='lat' dir='ltr'><strong>Fridericae</strong></span> <span class='ocrx_word' id='word_1_180' title='bbox 1934 4282 2331 4337; x_wconf 83' lang='lat' dir='ltr'><strong>Guilelmae</strong></span> <span class='ocrx_word' id='word_1_181' title='bbox 2378 4286 2510 4336; x_wconf 78' lang='lat' dir='ltr'><strong>ante</strong></span> <span class='ocrx_word' id='word_1_182' title='bbox 2557 4284 2660 4336; x_wconf 86' lang='lat' dir='ltr'><strong>hos</strong></span> <span class='ocrx_word' id='word_1_183' title='bbox 2704 4282 2765 4336; x_wconf 92' lang='lat' dir='ltr'><strong>L.</strong></span> 
     </span>
     <span class='ocr_line' id='line_1_32' title="bbox 434 4348 2768 4407; baseline 0.002 -7"><span class='ocrx_word' id='word_1_184' title='bbox 434 4364 609 4402; x_wconf 82' lang='lat' dir='ltr'><strong>annos</strong></span> <span class='ocrx_word' id='word_1_185' title='bbox 653 4351 944 4407; x_wconf 74' lang='lat' dir='ltr'><strong>institutae</strong></span> <span class='ocrx_word' id='word_1_186' title='bbox 991 4353 1043 4406; x_wconf 83' lang='lat' dir='ltr'><strong>d,</strong></span> <span class='ocrx_word' id='word_1_187' title='bbox 1081 4353 1200 4406; x_wconf 86' lang='lat' dir='ltr'><strong>XV.</strong></span> <span class='ocrx_word' id='word_1_188' title='bbox 1241 4371 1313 4407; x_wconf 80' lang='lat' dir='ltr'><strong>m.</strong></span> <span class='ocrx_word' id='word_1_189' title='bbox 1350 4353 1577 4407; x_wconf 77' lang='lat' dir='ltr'><strong>Octobr.</strong></span> <span class='ocrx_word' id='word_1_190' title='bbox 1615 4366 1664 4401; x_wconf 85' lang='lat' dir='ltr'><strong>a.</strong></span> <span class='ocrx_word' id='word_1_191' title='bbox 1701 4348 2059 4404; x_wconf 86' lang='lat' dir='ltr'>MDCCCLX.</span> <span class='ocrx_word' id='word_1_192' title='bbox 2097 4367 2257 4405; x_wconf 82' lang='lat' dir='ltr'><strong>sacra</strong></span> <span class='ocrx_word' id='word_1_193' title='bbox 2300 4350 2613 4405; x_wconf 85' lang='lat' dir='ltr'><strong>celebranti</strong></span> <span class='ocrx_word' id='word_1_194' title='bbox 2661 4351 2768 4404; x_wconf 85' lang='lat' dir='ltr'><strong>rite</strong></span> 
     </span>
    </p>
   </div>
   <div class='ocr_carea' id='block_1_15' title="bbox 432 4417 2179 4487">
    <p class='ocr_par' dir='ltr' id='par_1_15' title="bbox 432 4417 2179 4487">
     <span class='ocr_line' id='line_1_33' title="bbox 432 4417 2179 4487; baseline 0.001 -18"><span class='ocrx_word' id='word_1_195' title='bbox 432 4417 793 4485; x_wconf 80' lang='lat' dir='ltr'><strong>gratulantur</strong></span> <span class='ocrx_word' id='word_1_196' title='bbox 827 4420 1207 4475; x_wconf 83' lang='lat' dir='ltr'><strong>universitatis</strong></span> <span class='ocrx_word' id='word_1_197' title='bbox 1243 4420 1560 4475; x_wconf 85' lang='lat' dir='ltr'><strong>Turicensis</strong></span> <span class='ocrx_word' id='word_1_198' title='bbox 1598 4419 1782 4470; x_wconf 88' lang='lat' dir='ltr'><strong>rector</strong></span> <span class='ocrx_word' id='word_1_199' title='bbox 1818 4420 1875 4470; x_wconf 90' lang='lat' dir='ltr'><strong>et</strong></span> <span class='ocrx_word' id='word_1_200' title='bbox 1908 4419 2179 4487; x_wconf 61' lang='lat' dir='ltr'><strong>senatus]</strong></span> 
     </span>
    </p>
   </div>
  </div>
 </body>
</html>
