3132 5129
1447 384 1908 447 -572—

417 546 474 593 11
515 544 642 593 1246
687 544 895 619 σκιερᾷ
927 530 1286 614 κατάχαλκος
1318 536 1504 619 (quod
1537 542 1616 600 ta·
1732 548 1862 597 1270
1906 535 2045 617 χέρα
2075 527 2332 598 παιδνὸν
2361 534 2553 612 ἕλιξεν
2581 534 2645 597 ἐκ
2670 537 2841 617 Διός,

782 642 920 682 men
949 643 1057 699 pro
1090 628 1370 700 corrupto
1399 626 1464 684 et
1490 625 1619 701 ipse
2131 616 2385 703 θρόνω
2406 647 2438 684 ν

780 705 989 787 habet)
1056 699 1334 790 εὖφύλλῳ
1394 700 1615 791 δάφνᾳ,

687 791 797 871 γᾶς
842 788 1133 870 πελώριον
1177 788 1346 869 τέρας
1387 788 1545 871 ἄμφ-
1906 793 2174 854 Πυθίων
2216 794 2478 871 χθονίαν
2520 789 2767 871 ἀφελεῖν

685 874 846 937 ἐπει
886 881 1164 952 μαντεῖον
1208 870 1474 956 χθόνιον.
1914 879 2060 952 θεᾶς
2103 879 2289 957 μῆνιν
2318 878 2560 959 νυχίους
2604 874 2660 939 τ’
2712 877 2839 941 ε’νο-

2129 983 2269 1036 πας.

507 1142 636 1190 1252
681 1130 914 1207 ἔκανες,
959 1123 1008 1194 ὦ
1052 1133 1269 1211 Φοῖβε,
1314 1156 1464 1208 μαν·
1728 1143 1858 1192 1276
1906 1130 2001 1193 ἐπὶ
2049 1126 2109 1191 δ’
2160 1129 2383 1193 ἔσεισεν
2426 1132 2655 1212 κόμαν,

686 1217 856 1278 τείων
899 1209 958 1277 δ’
1010 1215 1222 1297 ἐπέβας
1269 1216 1504 1291 ζαθέων
1901 1218 2136 1279 παῦσεν
2179 1217 2424 1296 νυχίους
2467 1214 2626 1278 6st-

685 1301 922 1380 τρίποδί
961 1300 1013 1362 τ’
1063 1299 1129 1362 ἕν
1172 1300 1399 1385 χρυσέῳ
1905 1324 2089 1379 ρους,
2129 1297 2249 1362 ἀπὸ
2292 1303 2666 1381 λατροσύναν

684 1388 934 1472 θάσσεις
995 1385 1061 1447 ἓν
1105 1382 1368 1464 ἀψευδεῖ
1403 1382 1613 1469 θρόνῳ
1905 1385 2216 1448 νυκτωπὸν
2261 1385 2484 1461 ἐξεῖλεν
2525 1390 2772 1469 βροτῶν.

506 1493 577 1551 In
620 1493 834 1568 quibus
880 1493 1028 1551 nihil
1074 1493 1233 1566 novi,
1280 1492 1438 1568 quod
1483 1492 1726 1568 probari
1772 1495 1977 1568 queat,
2025 1493 2218 1553 inesse
2261 1496 2442 1568 patet.
2534 1493 2651 1553 Sed
2695 1494 2836 1555 haec

395 1582 404 1587 '
504 1578 576 1636 de
621 1578 864 1637 canticis
908 1577 1083 1637 huius
1127 1576 1465 1654 tragoediae
1510 1578 1656 1637 satis
1700 1576 1907 1637 sunto!

671 1747 978 1806 Postremo
1049 1748 1264 1805 ultima
1317 1747 1432 1805 iam
1491 1748 1704 1806 harum
1761 1748 2245 1807 emendationum
2304 1750 2476 1822 parte
2524 1751 2841 1825 ‘tamquam

508 1831 817 1891 corollario
865 1851 964 1891 eos
1010 1832 1410 1891 diverbiorum
1454 1833 1631 1892 locos·
1665 1836 1923 1892 tractare
1971 1832 2182 1909 placet,
2228 1852 2379 1908 quos
2409 1832 2604 1892 tribus
2631 1834 2843 1909 priori-

502 1916 616 1976 bus
673 1916 929 1976 inserere
986 1919 1089 1975 aut
1141 1934 1261 1974 non
1305 1918 1504 1993 potui,
1565 1937 1701 1977 cum
1760 1937 1892 1977 sero
1936 1920 2000 1976 in
2045 1918 2439 1993 suspicionem
2482 1918 2625 1977 mihi
2670 1938 2842 1977 vene-

500 2002 651 2075 rint,
710 2004 815 2061 aut
869 2002 1062 2076 nolui,
1122 2001 1400 2077 quoniam
1455 2021 1616 2062 nunc
1671 2002 1909 2062 demum
1971 2003 2096 2063 sive
2141 2006 2303 2061 certa
2347 2004 2471 2062 sive
2514 2003 2844 2079 probabilis

501 2086 776 2146 medendi
819 2087 972 2146 ratio
1018 2086 1164 2145 mihi
1209 2088 1515 2147 succurrit.

665 2172 895 2231 Eorum
952 2173 1216 2231 locorum
1273 2173 1527 2249 primuS,
1590 2173 1691 2248 qui
1748 2172 1987 2249 quidem
2044 2172 2117 2231 ad
2162 2173 2550 2249 posteriorem
2595 2173 2838 2233 classem

501 2259 791 2333 pertinet,
837 2258 1058 2334 legitur
1104 2277 1156 2317 v.
1192 2257 1344 2333 246,
1399 2277 1516 2333 quo
1561 2257 1874 2334 Iphigenia
1916 2278 1950 2315 a
1993 2258 2206 2317 nuntio
2253 2258 2325 2316 de
2373 2258 2621 2317 duorum
2677 2278 2837 2335 pere-

501 2344 814 2418 grinorum
859 2349 1100 2418 captura
1144 2344 1363 2401 certior
1405 2343 1564 2402 facta
1608 2362 1679 2401 ex
1710 2342 1931 2417 eodem,
1979 2342 2029 2402 si
2059 2342 2301 2418 quidem
2332 2341 2623 2401 librorum
2654 2345 2837 2420 scrip-

503 2432 696 2486 turam
744 2429 1066 2503 sequimur,
1111 2427 1223 2487 boc
1266 2428 1329 2488 in
1361 2426 1550 2487 ‘solita
1593 2447 1657 2486 re
1701 2428 1846 2487 satis
1891 2427 2196 2487 insolitum
2241 2429 2502 2504 quaerit:

906 2543 1191 2613 ποδαποί;
1236 2543 1393 2617 τίνος
1432 2544 1542 2625 γῆς
1589 2540 1793 2623 ὄνομ’
1845 2542 2078 2623 ἔχουσιν
2121 2543 2185 2603 οἱ
2223 2541 2409 2619 ξένοις

503 2667 720 2723 Mirum
765 2666 969 2742 igitur,
1017 2666 1174 2741 quod
1220 2669 1356 2725 ante
1386 2666 1721 2724 Nauckium
1767 2683 1942 2724 nemo
1989 2665 2050 2723 in
2094 2665 2204 2725 hoc
2246 2665 2534 2725 vocabulo
2567 2666 2832 2742 offendit,

501 2751 690 2826 magis
737 2751 980 2823 mirum,
1038 2750 1194 2825 quod
1248 2754 1384 2825 post
1437 2769 1573 2809 eum
1618 2750 1871 2810 Kvicala
1929 2750 2055 2809 eius
2110 2749 2464 2810 defendendi
2508 2752 2832 2826 periculum

499 2836 643 2894 fecit
671 2854 728 2909 p.
765 2835 886 2893 232
919 2834 1012 2894 his
1043 2834 1270 2916 verbis:
1319 2836 1592 2904 „Mcincr
1620 2837 1912 2911 Meinuny
1942 2837 2091 2896 nach
2121 2837 2263 2895 lc'isst
2305 2836 2425 2895 sich
2469 2855 2581 2895 aus
2617 2836 2681 2895 V.
2712 2838 2834 2896 248

499 2921 590 2980 die
633 2920 896 2980 Ecletheit
938 2938 1051 2980 von
1097 2908 1266 2996 ὄνομ’
1319 2921 1625 2992 beweiscm·
1669 2922 1824 2981 Eur.
1868 2922 2087 2981 scheme
2130 2922 2239 2981 das
2293 2920 2455 2980 Wort
2501 2915 2672 2997 ὄνομ’
2718 2940 2834 2996 ye-

499 3005 961 3078 flissentlich
1023 3023 1098 3066 zu
1153 3005 1559 3076 wiedcrholem·
1614 3005 2160 3081 ycflissentlich
2223 3007 2363 3065 lc'isst
2428 3023 2491 3064 er
2555 3007 2646 3065 dic
2699 3007 2835 3080 Iph.

501 3095 690 3149 ‚eversi
747 3093 898 3150 nach
941 3092 1071 3151 dem
1114 3085 1304 3165 ὄνομα
1346 3089 1453 3168 γῆς
1507 3090 1635 3151 und
1677 3093 1843 3150 dmm
1886 3092 2035 3151 nach
2084 3092 2211 3150 dem
2255 3085 2447 3166 ὄνομα
2492 3088 2611 3148 τῶν
2654 3085 2837 3162 ξένων

501 3176 713 3250 frayen
768 3170 855 3253 (es
907 3177 981 3235 ist
1036 3177 1327 3236 nati‘irlich
1382 3178 1464 3235 im
1506 3175 1572 3235 V.
1610 3175 1731 3235 248
1786 3172 1902 3233 τῶν
1957 3171 2141 3246 ξένων
2198 3178 2277 3246 im
2322 3173 2671 3251 Geyensatzc
2724 3195 2839 3236 von

502 3257 659 3329 τίνος
702 3266 813 3337 γῆς
856 3278 930 3320 zu
977 3258 1297 3336 betonen)“.
1372 3260 1784 3320 Infelicissime
1830 3261 2134 3336 profecto!
2203 3261 2297 3320 Ita
2341 3260 2516 3336 enim,
2563 3261 2836 3336 quemad·

503 3345 745 3404 modum
776 3344 870 3404 hic
900 3345 986 3421 fit,
1035 3347 1082 3403 si
1128 3365 1391 3406 nomen
1434 3349 1626 3405 terrae
1658 3347 2005 3422 peregrinae
2034 3346 2293 3422 effertur,
2339 3363 2461 3404 non
2492 3349 2636 3421 tam,
2683 3346 2837 3405 unde

504 3449 643 3490 vere
703 3430 936 3488 oriundi
993 3431 1137 3506 sint,
1200 3431 1302 3490 sed
1359 3432 1585 3506 potius,
1644 3431 1800 3490 unde
1861 3450 1923 3491 se
1979 3430 2258 3491 oriundos
2312 3449 2439 3490 esse
2494 3431 2837 3506 praedicent

504 3515 770 3590 hospites
816 3517 920 3576 aut
962 3516 1239 3593 ambigue
1285 3519 1389 3575 aut
1432 3519 1636 3592 aperte
1681 3516 2021 3591 mendaceS,
2072 3517 2404 3591 quaeritur,
2453 3516 2613 3592 quod
2663 3516 2835 3575 abso-

501 3619 645 3659 num
685 3619 809 3661 esse
844 3602 919 3661 ab
966 3602 1077 3661 hoc
1118 3603 1246 3661 loco
1296 3604 1481 3678 patet.
1547 3601 1816 3676 Accedit,
1861 3602 2017 3677 quod
2066 3601 2194 3676 ipsa
2232 3601 2456 3661 locutio
2499 3596 2690 3675 ὄνομα
2731 3607 2842 3677 γῆς

503 3681 657 3761 ἔχειν
702 3686 775 3745 ab
823 3688 981 3746 omni
1027 3686 1458 3746 consuetudine
1503 3685 1799 3746 abhorret.
1892 3686 2072 3745 Recte
2118 3686 2303 3762 igitur
2348 3685 2490 3746 fecit
2517 3685 2836 3757 Nauckiu8‚

503 3772 663 3846 quod
708 3762 878 3846 ὄνομ’
927 3770 1146 3846 reiecit,
1193 3790 1314 3830 non
1358 3775 1534 3846 recte,
1583 3770 1739 3846 quod
1785 3772 1910 3830 eius
1939 3770 2001 3829 in
2035 3771 2230 3830 locum
2278 3764 2510 3846 νόμον
2552 3771 2835 3846 restituit,

504 3875 617 3931 quo
661 3854 944 3914 vocabulo
979 3855 1314 3915 diuturnior
1344 3859 1519 3932 atque
1549 3857 1885 3916 accuratior
1914 3856 2365 3932 peregrinorum
2396 3857 2628 3931 notitia,
2660 3874 2839 3931 quam

407 3945 468 3992 12
500 3939 735 4015 qualem
795 3940 1101 4016 concipere
1155 3941 1354 4000 nuntii
1411 3941 1649 4013 fuisset,
1710 3942 1898 4001 eidem
1958 3942 2384 4016 imputaretur:
2443 3958 2632 4016 neque
2677 3940 2837 3999 enim

500 4025 693 4101 primo
741 4025 1024 4102 adspectu
1069 4045 1303 4102 „mores
1347 4025 1694 4085 hominum“
1740 4025 2093 4108 urbiumque
2123 4017 2518 4101 pervidemus
2592 4024 2832 4083 Deside-

502 4113 672 4168 ratur
731 4113 932 4186 potius
999 4111 1064 4171 in
1129 4111 1314 4171 altero
1385 4111 1872 4187 interrogationis
1933 4109 2229 4185 membre,
2309 4110 2466 4186 quod
2534 4110 2680 4169 trito
2747 4109 2837 4167 illi

503 4192 770 4253 ποδαποί
797 4215 1185 4273 epexegeseos
1216 4199 1341 4257 loco
1372 4197 1627 4257 adicitur
1692 4195 2050 4256 vocabulum
2082 4195 2313 4255 externi
2340 4194 2577 4254 habitus
2609 4193 2835 4271 signifi·

506 4281 798 4339 cationem
829 4284 1058 4341 tenens,
1133 4282 1202 4340 Id
1248 4301 1388 4341 vero
1434 4281 1624 4359 σχῆμ
1696 4278 1936 4360 ἔχουσιν
1978 4280 2161 4340 fuisse
2205 4300 2378 4340 nemo
2423 4280 2558 4356 iam,
2606 4280 2833 4356 opinor,

509 4364 823 4508 dugi2t3bit.
909 4365 1113 4425 Unum
1159 4366 1338 4424 affero
1384 4366 1579 4426 locum
1624 4368 1990 4428 consimilem
2035 4386 2105 4426 ex
2154 4366 2460 4442 Sophoclis
2504 4365 2838 4425 Philocteta

500 4469 557 4508 v.
743 4471 757 4508 ε

531 4753 718 4876 ‘X
