3132 5129
1282 372 1736 435 —583—

344 549 501 626 των,
548 524 616 587 ἐν
659 524 728 586 δὲ
774 531 896 599 τοῖς
927 536 1184 607 παροῦσι
1216 533 1444 607 καιροῖς
1474 526 1838 608 χρησίμων”
1803 551 2026 605 οντων,
2074 526 2258 603 ἔξεστι
2288 533 2410 602 τοῖς
2443 521 2678 604 ἐφόροις

335 604 615 711 ακρίτους
689 607 1039 672 ἀποκτεῖναι
1106 611 1415 684 τοσούτους
1481 609 1742 684 ὁπόσους
1795 636 1874 673 αν
1927 615 2334 693 βουληθῶσιν.
2410 615 2676 675 Primum

341 700 501 758 enim
547 699 620 757 de
664 700 900 775 cryptia
943 718 1019 758 ne
1077 700 1324 759 verbum
1374 701 1615 776 quidem
1660 700 1913 777 legitur,
1973 701 2182 759 deinde
2228 705 2426 759 autem
2472 705 2673 761 orator

339 784 559 843 diserte
604 784 843 859 ephoris
874 786 1113 844 tantum
1143 784 1408 844 vindicat
1438 785 1634 860 illam,
1683 788 1981 861 quotquot
2022 784 2236 862 velint,
2283 785 2673 845 interficiendi

335 871 723 945 potestatem,
770 888 920 944 quae
966 871 1027 929 in
1074 871 1306 946 cryptia
1350 889 1420 929 ex
1467 868 1769 929 Mansonis
1829 873 2026 928 mente
2071 870 2385 930 iuvenibus
2430 870 2673 945 Sparta-

237 1020 242 1023 ,
333 955 428 1013 nis
487 958 613 1012 erat
669 954 960 1015 omnibus.
1033 953 1343 1013 Postremo
1400 957 1562 1014 totus
1618 955 1721 1014 ille
1785 955 1982 1029 locuS,
2049 953 2153 1013 ubi
2211 959 2515 1031 praeterea
2565 975 2674 1030 per

336 1057 594 1098 errorem
662 1038 1019 1099 Helotarum
1086 1040 1340 1098 servitus
1418 1058 1550 1098 cum
1612 1039 2243 1115 Lacedaemoniorum,
2322 1042 2425 1115 qui
2490 1041 2672 1099 etiam

333 1121 619 1195 περίοικοι
670 1123 816 1182 dicti
862 1130 1033 1199 sunt,
1080 1125 1223 1183 satis
1268 1124 1457 1183 libera
1502 1125 1627 1183 vita
1671 1125 2113 1199 commiscetur,
2162 1124 2247 1182 ita
2287 1125 2537 1183 obrutus
2580 1128 2672 1184 est

335 1209 529 1266 omnis
572 1208 808 1284 generis
853 1208 1445 1286 exaggerationibus,
1506 1213 1573 1266 ut
1616 1209 1767 1267 nihil
1809 1211 1936 1269 veri
1981 1228 2051 1267 ex
2095 1228 2164 1267 eo
2211 1212 2623 1285 cognoscatur.

506 1291 688 1351 Plura
730 1288 967 1368 praeter
1010 1294 1154 1353 haec
1197 1292 1477 1352 adversus
1520 1292 1825 1352 Plutarchi
1871 1298 2047 1369 atque
2091 1294 2397 1353 Mansonis
2444 1293 2671 1369 opinio·

337 1397 473 1437 nem
518 1377 715 1436 afferri
759 1382 1036 1453 possent,
1079 1397 1151 1436 ex
1197 1378 1414 1454 quibus
1458 1378 1570 1437 hoc
1604 1397 1788 1436 unum
1819 1397 2054 1453 premo,
2100 1397 2278 1454 quam
2322 1397 2666 1453 perversum

338 1463 520 1521 fuerit
563 1462 907 1522 huiusmodi
950 1463 1204 1537 bellum,
1252 1467 1546 1537 perpetuo
1604 1466 1840 1539 gestum
1884 1463 2170 1522 adversus
2214 1482 2341 1538 eoa,
2400 1463 2503 1538 qui
2558 1481 2666 1521 nu-

339 1566 501 1605 mero
546 1547 904 1606 validissimi
948 1549 1011 1607 in
1057 1551 1302 1607 externa
1347 1548 1525 1607 simul
1572 1566 1703 1606 cum
1760 1548 2067 1623 Spartanis
2122 1548 2281 1607 bella
2334 1547 2668 1624 proficisce-

327 1632 575 1706 bantur,
622 1632 725 1707 qui
771 1633 893 1692 fere
952 1633 1065 1692 soli
1110 1627 1410 1710 (Mueller.
1455 1653 1512 1708 p.
1547 1633 1626 1691 39
1674 1627 1781 1711 [33
1815 1633 1909 1692 ed.
1956 1630 2119 1710 alt.])
2176 1651 2358 1692 naves
2414 1633 2667 1706 comple-

330 1716 479 1776 bant
516 1722 696 1792 atque
741 1717 802 1775 in
848 1717 1136 1777 classibus
1194 1717 1558 1777 militabant.
1639 1717 1756 1776 Sed
1808 1719 1924 1776 iam
1985 1736 2311 1791 exponam,
2373 1718 2476 1792 qui
2534 1717 2669 1775 finis

326 1821 592 1877 quaeque
644 1802 797 1860 ratio
842 1804 1008 1861 illius
1061 1802 1327 1861 instituti
1383 1803 1527 1861 mihi
1595 1802 1872 1861 videatur
1923 1802 2135 1876 fuisse;
2191 1821 2343 1877 quae
2404 1803 2452 1860 si
2510 1805 2668 1860 recte

322 1892 499 1945 erunt
541 1907 577 1944 a
621 1905 714 1943 me
748 1887 1085 1962 disputata,
1131 1890 1343 1963 sponte
1388 1891 1722 1947 commenta
1765 1886 1873 1945 illa
1916 1890 2210 1948 corruent.
2285 1886 2517 1964 Sequor
2559 1906 2666 1944 au-

323 1977 439 2029 tem
485 1972 549 2029 in
595 1972 684 2029 bis
713 1969 984 2031 Platonis
1028 1972 1467 2046 auctoritatem,
1514 1972 1618 2047 qui
1662 1970 1820 2047 legg.
1866 1971 1896 2028 I
1939 1991 1995 2047 p.
2031 1973 2152 2030 633
2199 1972 2250 2029 Β
2294 1973 2378 2030 ita
2422 1973 2668 2046 loquen-

321 2062 439 2114 tem
487 2056 632 2115 facit
675 2056 1016 2133 Megillum:
1075 2052 1206 2112 Ἔτι
1259 2052 1325 2113 δὲ
1370 2052 1469 2113 καὶ
1527 2048 1903 2131 κρύπτεια
1962 2076 2045 2123 τις
2104 2054 2320 2129 (forma
2378 2051 2666 2130 κρύπτεια

320 2141 501 2199 etiam
547 2140 886 2200 defenditur
930 2161 966 2200 a
1013 2141 1199 2200 Suida
1243 2144 1382 2199 tom.
1415 2141 1476 2198 Π
1519 2160 1578 2237 p.
1614 2141 1777 2198 2215
1824 2141 1918 2199 ed.
1954 2140 2143 2199 Gaisf.
2192 2139 2297 2215 [II,
2350 2143 2378 2198 l
2428 2162 2487 2217 p.
2520 2142 2663 2216 424,

329 2227 406 2284 10
435 2223 718 2301 Bernh],
768 2244 1129 2302 quamquam
1176 2225 1260 2284 ibi
1305 2226 1378 2283 de
1420 2245 1484 2284 re
1528 2227 1659 2300 ipsa
1706 2243 1782 2283 ne
1811 2225 2059 2283 verbum
2105 2225 2348 2300 quidem
2392 2223 2659 2303 additur)

319 2299 661 2386 ὀνομάζεται
705 2310 1072 2384 θαυμαστῶς
1129 2305 1463 2378 πολύπονος
1517 2305 1671 2386 πρὸς
1733 2297 1834 2378 τὰς
1890 2302 2300 2410 καρτερήσεις,
2357 2305 2666 2384 χειμώνων
2700 2316 2761 2363 12

318 2414 378 2453 τε
420 2388 825 2469 ανυποδησίαι
887 2415 989 2453 και
1037 2388 1361 2471 αστρωσίαι
1408 2389 1508 2451 καὶ
1553 2390 1706 2451 ανευ
1748 2385 2141 2470 θεραπόντων
2183 2384 2386 2464 αὐτοῖς
2433 2388 2665 2451 ἑαυτῶν

320 2476 731 2555 διακονήσεις,
782 2477 1012 2556 νύκτωρ
1054 2500 1115 2538 τε
1161 2473 1565 2553 πλανωμένων
1596 2469 1695 2535 δια
1739 2473 1934 2554 πάσης
1981 2476 2084 2550 τῆς
2127 2475 2323 2554 χώρας
2367 2498 2468 2535 και
2510 2471 2657 2552 μεθ’

317 2558 566 2643 ἡμέραν.
641 2562 790 2624 Οιιιιι
835 2567 928 2625 his
972 2564 1292 2625 concinunt
1335 2584 1429 2640 ea,
1485 2584 1637 2641 quae
1681 2563 1837 2622 idem
1883 2563 1968 2622 VI
2011 2585 2068 2639 p.
2119 2564 2237 2622 762
2283 2563 2384 2622 fin.
2429 2567 2494 2623 et
2539 2564 2658 2622 763

319 2652 447 2710 init.
478 2651 788 2726 praecipit.
864 2651 1115 2710 Dixerat
1155 2649 1315 2709 enim
1359 2650 1419 2707 in
1476 2648 1960 2709 antecedentibus
2016 2648 2154 2707 inde
2198 2669 2233 2706 a
2276 2669 2335 2724 p.
2384 2650 2539 2708 760:
2597 2648 2658 2706 in

318 2738 557 2795 civitate
601 2755 722 2794 non
768 2736 959 2795 solum
1006 2735 1214 2793 urbem
1269 2734 1717 2794 custodiendam
1760 2752 1918 2809 esse,
1974 2734 2075 2793 sed
2128 2733 2419 2809 reliquam
2477 2734 2658 2792 etiam

319 2825 537 2879 terram
582 2821 694 2879 hoc
737 2820 946 2896 modo,
1006 2824 1074 2878 ut
1116 2839 1186 2878 ea
1231 2818 1593 2879 divideretur
1636 2820 1698 2877 in
1756 2818 2064 2878 duodecim
2107 2822 2307 2894 partes
2362 2819 2656 2895 aequaleS,

316 2906 531 2981 quibus
576 2905 830 2981 singulis
877 2906 1139 2981 quinque
1169 2904 1282 2963 viri
1312 2903 1794 2980 praeficerentur.
1872 2904 1983 2963 His
2014 2907 2213 2963 autem
2245 2904 2388 2963 viris
2435 2904 2656 2980 eligen-

317 2991 422 3049 dos
467 3008 594 3049 esse
640 2989 943 3050 duodenos
986 2990 1227 3049 iuvenes
1271 2989 1428 3048 inter
1472 2989 1827 3065 vigesimum
1870 2991 2145 3065 quintum
2189 2991 2250 3047 et
2292 2989 2655 3062 tricesimum

315 3093 537 3133 annum
580 3078 802 3149 aetate,
850 3076 952 3150 qui
996 3076 1205 3133 armati
1262 3076 1452 3132 totam
1506 3074 1816 3150 regionem
1862 3074 2137 3149 deinceps
2190 3092 2296 3149 per
2350 3059 2652 3132 biennium

317 3162 707 3235 pervagantes
762 3160 1170 3234 prospicerent
1218 3160 1320 3233 iis,
1376 3178 1527 3234 quae
1581 3159 1842 3217 fructum
1895 3159 2180 3218 afferrent
2222 3161 2418 3216 terrae
2474 3161 2652 3258 atque

318 3244 561 3303 colonis.
636 3243 761 3303 Iam
803 3245 975 3304 Plato
1018 3245 1057 3305 1.
1107 3263 1154 3305 c.
1201 3244 1288 3302 ita
1331 3244 1558 3318 pergit:
1617 3235 1761 3318 μετὰ
1805 3238 1870 3300 δὲ
1915 3249 2102 3301 ταῦτα
2147 3242 2252 3317 τῆς
2306 3236 2455 3300 καθ’
2514 3233 2652 3318 ἡμέ-

316 3348 428 3404 ραν
472 3325 700 3403 διαίτης
745 3326 840 3387 δεῖ
875 3335 979 3405 τῆς
1024 3333 1306 3403 ταπεινῆς
1362 3348 1462 3384 και
1518 3321 1751 3401 ἆπόρου
1805 3322 2162 3423 γεγευμένον
2207 3319 2361 3385 εἶναι
2417 3316 2488 3382 τὰ
2544 3323 2651 3384 δύο

317 3409 421 3486 ἔτη
466 3411 647 3470 ταῦτα
705 3401 806 3471 τὸν
858 3421 979 3473 τῶν
1031 3407 1384 3490 ἀγρονόμων
1438 3408 1738 3489 γεγονότα.
1815 3399 2057 3469 ἐπειδαν
2111 3407 2225 3488 γὰρ
2280 3401 2358 3484 δὴ
2414 3413 2651 3468 καταλε-

313 3496 499 3592 γῶσιν
541 3496 606 3554 οἱ
655 3488 922 3574 δώδεκα,
982 3494 1368 3571 ξυνελθόντες
1425 3495 1570 3573 μετὰ
1626 3495 1745 3555 τῶν
1788 3492 1959 3554 πέντε
2015 3490 2516 3593 βουλευέσθωσαν
2569 3489 2651 3564 ὥς
2709 3532 2727 3546 ·

317 3574 563 3658 οἷόνπερ
609 3578 830 3642 οἰκέται
873 3577 980 3658 ούχ
1036 3578 1274 3655 εξουσιν
1315 3575 1388 3639 αἱ
1400 3584 1522 3649 τοῖς
1580 3576 1795 3648 αλλους
1850 3575 2080 3651 οἰκέτας
2126 3601 2184 3640 τε
2229 3577 2330 3639 καὶ
2377 3572 2648 3654 δούλους,

314 3662 450 3726 οὐδ’
499 3663 565 3726 ἐκ
607 3675 728 3727 τῶν
781 3666 977 3726 ἄλλων
1020 3665 1295 3762 γεωργῶν
1350 3687 1409 3725 τε
1463 3685 1564 3722 και
1612 3664 1901 3742 κωμητῶν
1965 3669 2085 3735 τοῖς
2131 3661 2376 3723 ἐκείνων
2433 3659 2530 3721 ἐπι
2576 3659 2648 3721 τὰ

314 3751 441 3811 ιδια
486 3746 800 3829 χρήσονται
842 3743 1264 3828 ὑπηρετήματα
1308 3750 1643 3825 διακόνοις,
1698 3743 1848 3807 αλλὰ
1904 3741 2089 3825 μόνον
2134 3766 2246 3808 οσα
2291 3749 2374 3819 εἰς
2433 3744 2502 3805 τὰ
2549 3745 2647 3824 δη-

311 3836 516 3915 μόσια·
563 3833 632 3894 τὰ
678 3833 746 3895 δ’
793 3831 943 3898 αλλα
987 3830 1156 3895 αὐτοὶ
1202 3829 1282 3892 δι’
1342 3830 1546 3894 αὐτῶν
1604 3829 2101 3910 διανοηθήτωσαν
2155 3827 2238 3904 ῶς
2295 3822 2647 3910 βιωσόμενοι

316 3918 728 3992 διακονοῦντές
772 3943 830 3981 τε
876 3919 976 3980 καὶ
1019 3911 1468 3996 διακονούμενοι
1515 3915 1782 3993 ἑαυτοῖς,
1838 3915 1983 4014 πρὸς
2032 3914 2095 3977 δὲ
2157 3914 2384 3989 τούτοις
2441 3916 2647 3976 πᾶσαν

313 4005 427 4083 τὴν
481 3998 679 4085 χώραν
733 4004 1247 4083 διεξερευνωμενοι
1301 4002 1520 4082 θέρους
1581 4026 1681 4063 και
1734 4003 2017 4080 χειμῶνος
2085 4020 2202 4062 συν
2252 4006 2375 4074 τοῖς
2433 3997 2642 4074 οπλοις

313 4095 587 4188 φυλακῆς
634 4112 690 4150 τε
735 4090 836 4151 καὶ
877 4091 1211 4193 γνωρίσεως
1241 4085 1413 4148 ενεκα
1443 4111 1687 4148 παντων
1728 4082 1817 4147 ἀεὶ
1861 4088 1981 4146 τῶν
2009 4086 2227 4150 τόπων.
2302 4084 2643 4147 κινδυνεύει

314 4199 424 4254 γαρ
469 4170 713 4247 ουδενὸς
758 4174 998 4236 ἔλαττον
1040 4170 1292 4282 μαθημα
1336 4167 1490 4233 εἶναι
1534 4167 1619 4233 δι’
1667 4165 1970 4251 ἀκριβείας
2019 4170 2369 4232 ἐπίστασθαι
2415 4193 2642 4245 παντας

314 4257 424 4337 τὴν
466 4257 668 4320 αὐτῶν
724 4260 953 4340 χωραν·
1011 4252 1091 4321 ου
1145 4254 1222 4338 δη
1274 4257 1448 4362 χάριν
1500 4255 1820 4338 κυνηγέσια
1880 4254 1981 4316 καὶ
2039 4253 2161 4359 τὴν
2199 4254 2388 4334 ἄλλην
2439 4251 2640 4334 θήραν

313 4341 421 4420 οὐχ
463 4335 645 4420 ἧττον
692 4342 1064 4422 ἐπιτηδεύειν
1109 4344 1207 4405 δει
1244 4365 1350 4403 τον
1376 4339 1624 4423 ἡβῶντα
1667 4333 1706 4422 ἢ
1751 4343 1854 4419 τῆς
1898 4338 2083 4418 ἄλλης
2127 4335 2347 4447 ἡδονῆς
2389 4364 2507 4419 αμα
2536 4339 2637 4402 καὶ

312 4423 598 4507 ὠφελείας
627 4428 729 4508 τῆς
759 4430 892 4511 περὶ
935 4452 1006 4491 τα
1051 4429 1292 4490 τοιαῦτα
1336 4426 1686 4508 γιγνομένης
1732 4429 1899 4490 πᾶσι.
1974 4426 2216 4498 τούτους
2260 4419 2371 4487 οὖν
2415 4420 2636 4500 αὐτούς
