<?xml version="1.0" encoding="UTF-8"?>
<!DOCTYPE html PUBLIC "-//W3C//DTD XHTML 1.0 Transitional//EN"
    "http://www.w3.org/TR/xhtml1/DTD/xhtml1-transitional.dtd">
<html xmlns="http://www.w3.org/1999/xhtml" xml:lang="en" lang="en">
 <head>
  <title>
</title>
<meta http-equiv="Content-Type" content="text/html;charset=utf-8" />
  <meta name='ocr-system' content='tesseract 3.04.00' />
  <meta name='ocr-capabilities' content='ocr_page ocr_carea ocr_par ocr_line ocrx_word'/>
</head>
<body>
  <div class='ocr_page' id='page_1' title='image "./opusculaphilolo00koecgoog_0341.png"; bbox 0 0 3132 5129; ppageno 0'>
   <div class='ocr_carea' id='block_1_1' title="bbox 1311 396 1768 460">
    <p class='ocr_par' dir='ltr' id='par_1_1' title="bbox 1311 396 1768 460">
     <span class='ocr_line' id='line_1_1' title="bbox 1311 396 1768 460; baseline 0.002 -1"><span class='ocrx_word' id='word_1_1' title='bbox 1311 396 1606 460; x_wconf 75' lang='lat'><strong>-329</strong></span> <span class='ocrx_word' id='word_1_2' title='bbox 1696 434 1768 444; x_wconf 93' lang='lat'><strong>—</strong></span> 
     </span>
    </p>
   </div>
   <div class='ocr_carea' id='block_1_2' title="bbox 371 553 2711 783">
    <p class='ocr_par' dir='ltr' id='par_1_2' title="bbox 371 514 2711 783">
     <span class='ocr_line' id='line_1_2' title="bbox 372 553 2710 630; baseline 0.002 -18"><span class='ocrx_word' id='word_1_3' title='bbox 372 554 483 613; x_wconf 89' lang='lat' dir='ltr'><strong>bus</strong></span> <span class='ocrx_word' id='word_1_4' title='bbox 528 553 929 613; x_wconf 88' lang='lat' dir='ltr'><strong>commissum.</strong></span> <span class='ocrx_word' id='word_1_5' title='bbox 1016 553 1103 613; x_wconf 89' lang='lat' dir='ltr'><strong>At</strong></span> <span class='ocrx_word' id='word_1_6' title='bbox 1147 554 1290 613; x_wconf 87' lang='lat' dir='ltr'><strong>haec</strong></span> <span class='ocrx_word' id='word_1_7' title='bbox 1342 554 1403 613; x_wconf 92' lang='lat' dir='ltr'><strong>in</strong></span> <span class='ocrx_word' id='word_1_8' title='bbox 1452 555 1755 630; x_wconf 76' lang='lat' dir='ltr'><strong>sylvarum</strong></span> <span class='ocrx_word' id='word_1_9' title='bbox 1798 556 2079 615; x_wconf 75' lang='lat' dir='ltr'><strong>vastitate</strong></span> <span class='ocrx_word' id='word_1_10' title='bbox 2135 556 2487 615; x_wconf 68' lang='grc' dir='ltr'><strong>ειοοκιιιιιιιιι</strong></span> <span class='ocrx_word' id='word_1_11' title='bbox 2573 557 2710 616; x_wconf 83' lang='grc' dir='ltr'>Νοιι</span> 
     </span>
     <span class='ocr_line' id='line_1_3' title="bbox 371 633 2711 720; baseline 0.002 -24"><span class='ocrx_word' id='word_1_12' title='bbox 371 638 667 697; x_wconf 77' lang='lat' dir='ltr'>intellexit</span> <span class='ocrx_word' id='word_1_13' title='bbox 694 638 796 697; x_wconf 86' lang='lat' dir='ltr'><strong>ille</strong></span> <span class='ocrx_word' id='word_1_14' title='bbox 836 638 1050 697; x_wconf 90' lang='lat' dir='ltr'><strong>locum.</strong></span> <span class='ocrx_word' id='word_1_15' title='bbox 1107 639 1332 714; x_wconf 78' lang='lat' dir='ltr'><strong>Aperte</strong></span> <span class='ocrx_word' id='word_1_16' title='bbox 1362 639 1434 697; x_wconf 90' lang='lat' dir='ltr'><strong>de</strong></span> <span class='ocrx_word' id='word_1_17' title='bbox 1464 639 1608 716; x_wconf 89' lang='lat' dir='ltr'><strong>ipsis</strong></span> <span class='ocrx_word' id='word_1_18' title='bbox 1639 640 1826 699; x_wconf 88' lang='lat' dir='ltr'><strong>tauris</strong></span> <span class='ocrx_word' id='word_1_19' title='bbox 1857 641 2264 717; x_wconf 84' lang='lat' dir='ltr'><strong>mugientibus</strong></span> <span class='ocrx_word' id='word_1_20' title='bbox 2296 633 2711 720; x_wconf 77' lang='grc' dir='ltr'>σάλπιγξαν</span> 
     </span>
     <span class='ocr_line' id='line_1_4' title="bbox 375 723 1282 783; baseline 0 -1"><span class='ocrx_word' id='word_1_21' title='bbox 375 724 604 783; x_wconf 90' lang='lat' dir='ltr'><strong>dictum</strong></span> <span class='ocrx_word' id='word_1_22' title='bbox 648 742 720 782; x_wconf 82' lang='lat' dir='ltr'><strong>ex</strong></span> <span class='ocrx_word' id='word_1_23' title='bbox 762 742 925 782; x_wconf 89' lang='lat' dir='ltr'><strong>more</strong></span> <span class='ocrx_word' id='word_1_24' title='bbox 971 723 1282 783; x_wconf 86' lang='lat' dir='ltr'><strong>seriorum.</strong></span> 
     </span>
    </p>
   </div>
   <div class='ocr_carea' id='block_1_3' title="bbox 542 834 2441 1006">
    <p class='ocr_par' dir='ltr' id='par_1_3' title="bbox 542 834 2423 1006">
     <span class='ocr_line' id='line_1_5' title="bbox 542 834 2403 921; baseline 0.003 -23"><span class='ocrx_word' id='word_1_25' title='bbox 542 839 615 902; x_wconf 87' lang='lat' dir='ltr'><strong>V.</strong></span> <span class='ocrx_word' id='word_1_26' title='bbox 649 842 721 900; x_wconf 89' lang='lat'><strong>81</strong></span> <span class='ocrx_word' id='word_1_27' title='bbox 745 860 825 918; x_wconf 90' lang='lat' dir='ltr'><strong>sq.</strong></span> <span class='ocrx_word' id='word_1_28' title='bbox 917 876 1000 883; x_wconf 95' lang='lat'>—</span> <span class='ocrx_word' id='word_1_29' title='bbox 1049 874 1124 883; x_wconf 91' lang='lat'><strong>-—-</strong></span> <span class='ocrx_word' id='word_1_30' title='bbox 1171 876 1253 884; x_wconf 94' lang='lat'><strong>—-</strong></span> <span class='ocrx_word' id='word_1_31' title='bbox 1295 840 1555 919; x_wconf 84' lang='grc' dir='ltr'><strong><em>φορβαῖς</em></strong></span> <span class='ocrx_word' id='word_1_32' title='bbox 1597 834 1710 921; x_wconf 76' lang='grc' dir='ltr'><strong>γὰρ</strong></span> <span class='ocrx_word' id='word_1_33' title='bbox 1758 838 1859 902; x_wconf 75' lang='grc' dir='ltr'><strong><em>ἐὰν</em></strong></span> <span class='ocrx_word' id='word_1_34' title='bbox 1904 838 2080 918; x_wconf 80' lang='grc' dir='ltr'><strong><em>δέμας</em></strong></span> <span class='ocrx_word' id='word_1_35' title='bbox 2124 836 2403 921; x_wconf 75' lang='grc' dir='ltr'><strong>ἕξήσκησε</strong></span> 
     </span>
     <span class='ocr_line' id='line_1_6' title="bbox 913 918 2441 1006; baseline 0.003 -23"><span class='ocrx_word' id='word_1_36' title='bbox 913 918 1126 1001; x_wconf 81' lang='grc' dir='ltr'><strong><em>τηλόθ’</em></strong></span> <span class='ocrx_word' id='word_1_37' title='bbox 1178 922 1265 984; x_wconf 79' lang='grc' dir='ltr'><strong>ἔνι</strong></span> <span class='ocrx_word' id='word_1_38' title='bbox 1311 924 1585 1004; x_wconf 78' lang='grc' dir='ltr'><em>δρυμοῖσι</em></span> <span class='ocrx_word' id='word_1_39' title='bbox 1630 925 2061 1006; x_wconf 81' lang='grc' dir='ltr'><strong><em>σθενοβλαβέος</em></strong></span> <span class='ocrx_word' id='word_1_40' title='bbox 2105 928 2441 1006; x_wconf 81' lang='grc' dir='ltr'><strong><em>κυθερείης.</em></strong></span> 
     </span>
    </p>
   </div>
   <div class='ocr_carea' id='block_1_4' title="bbox 371 1046 2809 1803">
    <p class='ocr_par' dir='ltr' id='par_1_4' title="bbox 371 1046 2809 1803">
     <span class='ocr_line' id='line_1_7' title="bbox 371 1046 2707 1126; baseline 0.002 -20"><span class='ocrx_word' id='word_1_41' title='bbox 371 1046 527 1123; x_wconf 82' lang='lat' dir='ltr'><strong>Non,</strong></span> <span class='ocrx_word' id='word_1_42' title='bbox 560 1048 629 1105; x_wconf 90' lang='lat' dir='ltr'><strong>ut</strong></span> <span class='ocrx_word' id='word_1_43' title='bbox 658 1046 814 1106; x_wconf 91' lang='lat' dir='ltr'><strong>hunc</strong></span> <span class='ocrx_word' id='word_1_44' title='bbox 842 1046 1035 1106; x_wconf 89' lang='lat' dir='ltr'><strong>locum</strong></span> <span class='ocrx_word' id='word_1_45' title='bbox 1069 1046 1459 1122; x_wconf 82' lang='lat' dir='ltr'><strong>emendarem,</strong></span> <span class='ocrx_word' id='word_1_46' title='bbox 1493 1047 1781 1123; x_wconf 83' lang='lat' dir='ltr'><strong>adscripsi</strong></span> <span class='ocrx_word' id='word_1_47' title='bbox 1810 1066 1962 1124; x_wconf 89' lang='lat' dir='ltr'><strong>eum,</strong></span> <span class='ocrx_word' id='word_1_48' title='bbox 1994 1068 2348 1125; x_wconf 90' lang='lat' dir='ltr'><strong>quamquam</strong></span> <span class='ocrx_word' id='word_1_49' title='bbox 2373 1052 2576 1126; x_wconf 91' lang='lat' dir='ltr'><strong>quaeri</strong></span> <span class='ocrx_word' id='word_1_50' title='bbox 2604 1070 2707 1126; x_wconf 88' lang='lat' dir='ltr'><strong>po·</strong></span> 
     </span>
     <span class='ocr_line' id='line_1_8' title="bbox 373 1129 2711 1211; baseline 0.002 -20"><span class='ocrx_word' id='word_1_51' title='bbox 373 1133 512 1207; x_wconf 85' lang='lat' dir='ltr'><strong>test,</strong></span> <span class='ocrx_word' id='word_1_52' title='bbox 546 1151 623 1190; x_wconf 97' lang='lat' dir='ltr'><strong>an</strong></span> <span class='ocrx_word' id='word_1_53' title='bbox 650 1150 791 1191; x_wconf 81' lang='lat' dir='ltr'><strong>vera</strong></span> <span class='ocrx_word' id='word_1_54' title='bbox 821 1132 902 1191; x_wconf 87' lang='lat' dir='ltr'><strong>sit</strong></span> <span class='ocrx_word' id='word_1_55' title='bbox 923 1130 1054 1192; x_wconf 89' lang='lat' dir='ltr'><strong>cod.</strong></span> <span class='ocrx_word' id='word_1_56' title='bbox 1074 1132 1224 1192; x_wconf 88' lang='lat' dir='ltr'><strong>Ven.</strong></span> <span class='ocrx_word' id='word_1_57' title='bbox 1252 1132 1571 1207; x_wconf 85' lang='lat' dir='ltr'><strong>scriptura:</strong></span> <span class='ocrx_word' id='word_1_58' title='bbox 1604 1129 1881 1209; x_wconf 80' lang='grc' dir='ltr'><em>δρυμοῖς</em></span> <span class='ocrx_word' id='word_1_59' title='bbox 1910 1131 2471 1211; x_wconf 82' lang='grc' dir='ltr'><strong><em>σθενεοβλαβέος;</em></strong></span> <span class='ocrx_word' id='word_1_60' title='bbox 2506 1136 2609 1194; x_wconf 90' lang='lat' dir='ltr'><strong>sed</strong></span> <span class='ocrx_word' id='word_1_61' title='bbox 2642 1140 2711 1194; x_wconf 90' lang='lat' dir='ltr'><strong>ut</strong></span> 
     </span>
     <span class='ocr_line' id='line_1_9' title="bbox 373 1215 2709 1292; baseline 0.002 -17"><span class='ocrx_word' id='word_1_62' title='bbox 373 1218 549 1275; x_wconf 88' lang='lat' dir='ltr'><strong>aliam</strong></span> <span class='ocrx_word' id='word_1_63' title='bbox 593 1215 736 1275; x_wconf 88' lang='lat' dir='ltr'><strong>olim</strong></span> <span class='ocrx_word' id='word_1_64' title='bbox 779 1236 815 1275; x_wconf 92' lang='lat' dir='ltr'><strong>a</strong></span> <span class='ocrx_word' id='word_1_65' title='bbox 858 1216 1177 1276; x_wconf 87' lang='lat' dir='ltr'><strong>scholiasta</strong></span> <span class='ocrx_word' id='word_1_66' title='bbox 1220 1217 1406 1275; x_wconf 77' lang='lat' dir='ltr'><strong>Paris,</strong></span> <span class='ocrx_word' id='word_1_67' title='bbox 1455 1236 1631 1292; x_wconf 91' lang='lat' dir='ltr'><strong>quem</strong></span> <span class='ocrx_word' id='word_1_68' title='bbox 1675 1217 1882 1277; x_wconf 91' lang='lat' dir='ltr'><strong>attulit</strong></span> <span class='ocrx_word' id='word_1_69' title='bbox 1912 1217 2299 1279; x_wconf 78' lang='lat' dir='ltr'><strong>Schneiderus</strong></span> <span class='ocrx_word' id='word_1_70' title='bbox 2338 1219 2403 1278; x_wconf 92' lang='lat' dir='ltr'><strong>in</strong></span> <span class='ocrx_word' id='word_1_71' title='bbox 2448 1220 2709 1280; x_wconf 75' lang='lat' dir='ltr'><strong>editione</strong></span> 
     </span>
     <span class='ocr_line' id='line_1_10' title="bbox 373 1300 2809 1380; baseline 0 -20"><span class='ocrx_word' id='word_1_72' title='bbox 373 1302 568 1377; x_wconf 90' lang='lat' dir='ltr'><strong>priore</strong></span> <span class='ocrx_word' id='word_1_73' title='bbox 614 1300 877 1359; x_wconf 77' lang='lat' dir='ltr'><strong>habitam</strong></span> <span class='ocrx_word' id='word_1_74' title='bbox 922 1301 1104 1362; x_wconf 87' lang='lat' dir='ltr'><strong>fuisse</strong></span> <span class='ocrx_word' id='word_1_75' title='bbox 1146 1301 1464 1360; x_wconf 87' lang='lat' dir='ltr'><strong>lectionem</strong></span> <span class='ocrx_word' id='word_1_76' title='bbox 1508 1301 1781 1360; x_wconf 90' lang='lat' dir='ltr'><strong>indicem.</strong></span> <span class='ocrx_word' id='word_1_77' title='bbox 1855 1301 2056 1361; x_wconf 88' lang='lat' dir='ltr'><strong>Nam</strong></span> <span class='ocrx_word' id='word_1_78' title='bbox 2042 1323 2105 1362; x_wconf 89' lang='grc' dir='ltr'><strong>ιιι</strong></span> <span class='ocrx_word' id='word_1_79' title='bbox 2133 1303 2319 1363; x_wconf 89' lang='lat' dir='ltr'><strong>Paris.</strong></span> <span class='ocrx_word' id='word_1_80' title='bbox 2357 1306 2386 1361; x_wconf 95' lang='grc'><strong>1</strong></span> <span class='ocrx_word' id='word_1_81' title='bbox 2421 1305 2482 1363; x_wconf 90' lang='grc' dir='ltr'><strong>ιιι</strong></span> <span class='ocrx_word' id='word_1_82' title='bbox 2512 1324 2700 1380; x_wconf 87' lang='lat' dir='ltr'><strong>marg.</strong></span> <span class='ocrx_word' id='word_1_83' title='bbox 2744 1307 2809 1356; x_wconf 79' lang='lat'><strong>42</strong></span> 
     </span>
     <span class='ocr_line' id='line_1_11' title="bbox 372 1375 2710 1463; baseline 0.001 -19"><span class='ocrx_word' id='word_1_84' title='bbox 372 1386 622 1463; x_wconf 83' lang='lat' dir='ltr'><strong>legitur·</strong></span> <span class='ocrx_word' id='word_1_85' title='bbox 680 1375 718 1458; x_wconf 78' lang='grc' dir='ltr'><strong><em>ἡ</em></strong></span> <span class='ocrx_word' id='word_1_86' title='bbox 776 1382 1077 1456; x_wconf 80' lang='grc' dir='ltr'>σύνταξις·</span> <span class='ocrx_word' id='word_1_87' title='bbox 1137 1381 1423 1460; x_wconf 75' lang='grc' dir='ltr'><strong><em>ἐξέθρεψε</em></strong></span> <span class='ocrx_word' id='word_1_88' title='bbox 1481 1385 1735 1462; x_wconf 85' lang='grc' dir='ltr'><strong><em>φορβαῐς</em></strong></span> <span class='ocrx_word' id='word_1_89' title='bbox 1780 1381 1843 1442; x_wconf 84' lang='grc' dir='ltr'><strong>τὸ</strong></span> <span class='ocrx_word' id='word_1_90' title='bbox 1889 1378 2189 1445; x_wconf 83' lang='grc' dir='ltr'><strong><em>αδύνατον</em></strong></span> <span class='ocrx_word' id='word_1_91' title='bbox 2234 1390 2397 1462; x_wconf 84' lang='grc' dir='ltr'>σῶμα</span> <span class='ocrx_word' id='word_1_92' title='bbox 2439 1381 2559 1446; x_wconf 74' lang='grc' dir='ltr'><strong><em>ἀπὸ</em></strong></span> <span class='ocrx_word' id='word_1_93' title='bbox 2605 1394 2710 1463; x_wconf 85' lang='grc' dir='ltr'><strong>τῆς</strong></span> 
     </span>
     <span class='ocr_line' id='line_1_12' title="bbox 374 1468 2707 1551; baseline 0 -21"><span class='ocrx_word' id='word_1_94' title='bbox 374 1469 664 1547; x_wconf 76' lang='grc' dir='ltr'><strong><em>λαγνείας.</em></strong></span> <span class='ocrx_word' id='word_1_95' title='bbox 741 1472 1011 1546; x_wconf 76' lang='lat' dir='ltr'><strong>Apparet</strong></span> <span class='ocrx_word' id='word_1_96' title='bbox 1050 1470 1200 1531; x_wconf 86' lang='lat' dir='ltr'><strong>hanc</strong></span> <span class='ocrx_word' id='word_1_97' title='bbox 1244 1471 1522 1548; x_wconf 84' lang='lat' dir='ltr'><strong>explicari</strong></span> <span class='ocrx_word' id='word_1_98' title='bbox 1565 1472 1946 1548; x_wconf 81' lang='lat' dir='ltr'><strong>scripturam:</strong></span> <span class='ocrx_word' id='word_1_99' title='bbox 2005 1468 2442 1551; x_wconf 81' lang='grc' dir='ltr'><strong><em>σθενοβλαβὲς</em></strong></span> <span class='ocrx_word' id='word_1_100' title='bbox 2488 1468 2560 1530; x_wconf 77' lang='grc' dir='ltr'><strong>ἐκ</strong></span> <span class='ocrx_word' id='word_1_101' title='bbox 2606 1494 2707 1531; x_wconf 83' lang='grc' dir='ltr'><strong>κυ-</strong></span> 
     </span>
     <span class='ocr_line' id='line_1_13' title="bbox 373 1553 2711 1635; baseline 0.002 -22"><span class='ocrx_word' id='word_1_102' title='bbox 373 1553 647 1633; x_wconf 80' lang='grc' dir='ltr'><strong><em>θερείης,</em></strong></span> <span class='ocrx_word' id='word_1_103' title='bbox 691 1557 1037 1632; x_wconf 81' lang='lat' dir='ltr'><strong>neutiquam</strong></span> <span class='ocrx_word' id='word_1_104' title='bbox 1078 1556 1459 1633; x_wconf 85' lang='lat' dir='ltr'><strong>probandam.</strong></span> <span class='ocrx_word' id='word_1_105' title='bbox 1550 1555 1720 1625; x_wconf 84' lang='lat' dir='ltr'><strong>Quod</strong></span> <span class='ocrx_word' id='word_1_106' title='bbox 1764 1560 1962 1617; x_wconf 87' lang='lat' dir='ltr'><strong>autem</strong></span> <span class='ocrx_word' id='word_1_107' title='bbox 2004 1558 2066 1616; x_wconf 91' lang='lat' dir='ltr'><strong>in</strong></span> <span class='ocrx_word' id='word_1_108' title='bbox 2111 1558 2318 1618; x_wconf 88' lang='lat' dir='ltr'><strong>eodem</strong></span> <span class='ocrx_word' id='word_1_109' title='bbox 2363 1560 2491 1618; x_wconf 90' lang='lat' dir='ltr'><strong>cod.</strong></span> <span class='ocrx_word' id='word_1_110' title='bbox 2533 1578 2711 1635; x_wconf 89' lang='lat' dir='ltr'><strong>super</strong></span> 
     </span>
     <span class='ocr_line' id='line_1_14' title="bbox 377 1634 2711 1739; baseline 0.003 -43"><span class='ocrx_word' id='word_1_111' title='bbox 377 1642 633 1739; x_wconf 78' lang='grc' dir='ltr'><strong><em>φορβαῖς</em></strong></span> <span class='ocrx_word' id='word_1_112' title='bbox 688 1641 974 1716; x_wconf 86' lang='lat' dir='ltr'><strong>scriptum</strong></span> <span class='ocrx_word' id='word_1_113' title='bbox 1031 1645 1150 1701; x_wconf 86' lang='lat' dir='ltr'><strong>est.</strong></span> <span class='ocrx_word' id='word_1_114' title='bbox 1208 1634 1458 1718; x_wconf 72' lang='grc' dir='ltr'>ἀραιόν,</span> <span class='ocrx_word' id='word_1_115' title='bbox 1517 1645 1609 1700; x_wconf 89' lang='lat' dir='ltr'><strong>est</strong></span> <span class='ocrx_word' id='word_1_116' title='bbox 1650 1641 1712 1700; x_wconf 90' lang='lat' dir='ltr'><strong>id</strong></span> <span class='ocrx_word' id='word_1_117' title='bbox 1757 1660 1829 1701; x_wconf 86' lang='lat' dir='ltr'><strong>ex</strong></span> <span class='ocrx_word' id='word_1_118' title='bbox 1871 1660 1983 1720; x_wconf 76' lang='grc' dir='ltr'><strong>γαρ</strong></span> <span class='ocrx_word' id='word_1_119' title='bbox 2029 1634 2129 1700; x_wconf 82' lang='grc' dir='ltr'><strong><em>ἑόν</em></strong></span> <span class='ocrx_word' id='word_1_120' title='bbox 2173 1647 2545 1720; x_wconf 85' lang='lat' dir='ltr'><strong>corruptum,</strong></span> <span class='ocrx_word' id='word_1_121' title='bbox 2601 1663 2711 1703; x_wconf 89' lang='lat' dir='ltr'><strong>nec</strong></span> 
     </span>
     <span class='ocr_line' id='line_1_15' title="bbox 375 1726 1521 1803; baseline -0.001 -18"><span class='ocrx_word' id='word_1_122' title='bbox 375 1727 691 1803; x_wconf 90' lang='lat' dir='ltr'><strong>quicquam</strong></span> <span class='ocrx_word' id='word_1_123' title='bbox 739 1726 995 1801; x_wconf 86' lang='lat' dir='ltr'><strong>amplius</strong></span> <span class='ocrx_word' id='word_1_124' title='bbox 1038 1727 1221 1786; x_wconf 88' lang='lat' dir='ltr'><strong>latere</strong></span> <span class='ocrx_word' id='word_1_125' title='bbox 1265 1726 1521 1785; x_wconf 83' lang='lat' dir='ltr'><strong>videtur.</strong></span> 
     </span>
    </p>
   </div>
   <div class='ocr_carea' id='block_1_5' title="bbox 546 1810 2341 1974">
    <p class='ocr_par' dir='ltr' id='par_1_5' title="bbox 546 1810 2341 1974">
     <span class='ocr_line' id='line_1_16' title="bbox 546 1810 2341 1974; baseline 0.004 -22"><span class='ocrx_word' id='word_1_126' title='bbox 546 1810 867 1955; x_wconf 54' lang='grc' dir='ltr'><strong><em>νἼέὶῗῗεν</em></strong></span> <span class='ocrx_word' id='word_1_127' title='bbox 910 1890 975 1954; x_wconf 80' lang='grc' dir='ltr'><strong>δ’</strong></span> <span class='ocrx_word' id='word_1_128' title='bbox 1024 1891 1120 1954; x_wconf 78' lang='grc' dir='ltr'><strong>ἐπι</strong></span> <span class='ocrx_word' id='word_1_129' title='bbox 1162 1898 1372 1966; x_wconf 82' lang='grc' dir='ltr'><strong><em>θῖνας·</em></strong></span> <span class='ocrx_word' id='word_1_130' title='bbox 1419 1890 1462 1953; x_wconf 86' lang='grc' dir='ltr'>ὁ</span> <span class='ocrx_word' id='word_1_131' title='bbox 1502 1887 1562 1953; x_wconf 80' lang='grc' dir='ltr'><strong>δ’</strong></span> <span class='ocrx_word' id='word_1_132' title='bbox 1614 1891 1821 1974; x_wconf 79' lang='grc' dir='ltr'><strong><em>ἔβραχε</em></strong></span> <span class='ocrx_word' id='word_1_133' title='bbox 1865 1888 2080 1968; x_wconf 81' lang='grc' dir='ltr'><strong><em>πόντος</em></strong></span> <span class='ocrx_word' id='word_1_134' title='bbox 2124 1893 2341 1959; x_wconf 85' lang='grc' dir='ltr'>ἔπειτα.</span> 
     </span>
    </p>
   </div>
   <div class='ocr_carea' id='block_1_6' title="bbox 373 2014 2710 2516">
    <p class='ocr_par' dir='ltr' id='par_1_6' title="bbox 373 2014 2710 2516">
     <span class='ocr_line' id='line_1_17' title="bbox 374 2014 2708 2091; baseline 0.001 -16"><span class='ocrx_word' id='word_1_135' title='bbox 374 2017 471 2075; x_wconf 88' lang='lat' dir='ltr'><strong>Ita</strong></span> <span class='ocrx_word' id='word_1_136' title='bbox 511 2016 574 2075; x_wconf 91' lang='lat' dir='ltr'><strong>in</strong></span> <span class='ocrx_word' id='word_1_137' title='bbox 604 2015 931 2091; x_wconf 88' lang='lat' dir='ltr'><strong>posteriore</strong></span> <span class='ocrx_word' id='word_1_138' title='bbox 962 2015 1219 2075; x_wconf 88' lang='lat' dir='ltr'><strong>editione</strong></span> <span class='ocrx_word' id='word_1_139' title='bbox 1250 2033 1566 2091; x_wconf 90' lang='lat' dir='ltr'><strong>perperam</strong></span> <span class='ocrx_word' id='word_1_140' title='bbox 1598 2014 1783 2074; x_wconf 88' lang='lat' dir='ltr'><strong>edidit</strong></span> <span class='ocrx_word' id='word_1_141' title='bbox 1808 2015 2190 2076; x_wconf 78' lang='lat' dir='ltr'><strong>Schneiderus</strong></span> <span class='ocrx_word' id='word_1_142' title='bbox 2220 2036 2252 2076; x_wconf 92' lang='lat' dir='ltr'><strong>e</strong></span> <span class='ocrx_word' id='word_1_143' title='bbox 2286 2017 2414 2077; x_wconf 89' lang='lat' dir='ltr'><strong>cod.</strong></span> <span class='ocrx_word' id='word_1_144' title='bbox 2448 2017 2708 2077; x_wconf 84' lang='lat' dir='ltr'><strong>Turneb.</strong></span> 
     </span>
     <span class='ocr_line' id='line_1_18' title="bbox 379 2096 2708 2197; baseline 0 -37"><span class='ocrx_word' id='word_1_145' title='bbox 379 2104 440 2160; x_wconf 89' lang='lat' dir='ltr'><strong>et</strong></span> <span class='ocrx_word' id='word_1_146' title='bbox 482 2099 677 2162; x_wconf 87' lang='lat' dir='ltr'><strong>Vatic.</strong></span> <span class='ocrx_word' id='word_1_147' title='bbox 767 2100 920 2160; x_wconf 89' lang='lat' dir='ltr'><strong>Nam</strong></span> <span class='ocrx_word' id='word_1_148' title='bbox 977 2100 1129 2159; x_wconf 90' lang='lat' dir='ltr'><strong>illud</strong></span> <span class='ocrx_word' id='word_1_149' title='bbox 1186 2096 1386 2158; x_wconf 74' lang='grc' dir='ltr'>ἔπειτα</span> <span class='ocrx_word' id='word_1_150' title='bbox 1440 2118 1515 2159; x_wconf 87' lang='lat' dir='ltr'><strong>ne</strong></span> <span class='ocrx_word' id='word_1_151' title='bbox 1568 2101 1635 2158; x_wconf 91' lang='lat' dir='ltr'><strong>in</strong></span> <span class='ocrx_word' id='word_1_152' title='bbox 1679 2099 2037 2197; x_wconf 81' lang='lat' dir='ltr'><strong>Cynegetico</strong></span> <span class='ocrx_word' id='word_1_153' title='bbox 2094 2102 2335 2177; x_wconf 88' lang='lat' dir='ltr'><strong>quidem</strong></span> <span class='ocrx_word' id='word_1_154' title='bbox 2378 2102 2487 2161; x_wconf 94' lang='lat' dir='ltr'><strong>hoc</strong></span> <span class='ocrx_word' id='word_1_155' title='bbox 2533 2102 2708 2162; x_wconf 90' lang='lat' dir='ltr'><strong>modo</strong></span> 
     </span>
     <span class='ocr_line' id='line_1_19' title="bbox 373 2175 2707 2264; baseline 0 -20"><span class='ocrx_word' id='word_1_156' title='bbox 373 2185 516 2245; x_wconf 86' lang='lat' dir='ltr'><strong>ferri</strong></span> <span class='ocrx_word' id='word_1_157' title='bbox 559 2187 778 2261; x_wconf 87' lang='lat' dir='ltr'><strong>potest.</strong></span> <span class='ocrx_word' id='word_1_158' title='bbox 868 2184 1018 2244; x_wconf 87' lang='lat' dir='ltr'><strong>Cum</strong></span> <span class='ocrx_word' id='word_1_159' title='bbox 1062 2186 1124 2244; x_wconf 91' lang='lat' dir='ltr'><strong>in</strong></span> <span class='ocrx_word' id='word_1_160' title='bbox 1170 2186 1383 2245; x_wconf 87' lang='lat' dir='ltr'><strong>ceteris</strong></span> <span class='ocrx_word' id='word_1_161' title='bbox 1426 2184 1619 2244; x_wconf 82' lang='lat' dir='ltr'><strong>libris·</strong></span> <span class='ocrx_word' id='word_1_162' title='bbox 1641 2184 1877 2262; x_wconf 83' lang='lat' dir='ltr'><strong>legatur</strong></span> <span class='ocrx_word' id='word_1_163' title='bbox 1927 2175 1960 2242; x_wconf 78' lang='grc' dir='ltr'>ὃ</span> <span class='ocrx_word' id='word_1_164' title='bbox 2013 2179 2075 2243; x_wconf 85' lang='grc' dir='ltr'><strong>δ’</strong></span> <span class='ocrx_word' id='word_1_165' title='bbox 2124 2182 2393 2264; x_wconf 74' lang='grc' dir='ltr'><strong><em>ἔβραχεν</em></strong></span> <span class='ocrx_word' id='word_1_166' title='bbox 2437 2178 2707 2245; x_wconf 78' lang='grc' dir='ltr'><strong><em>αίπύτα</em></strong></span> 
     </span>
     <span class='ocr_line' id='line_1_20' title="bbox 375 2261 2710 2347; baseline 0.002 -21"><span class='ocrx_word' id='word_1_167' title='bbox 375 2263 672 2347; x_wconf 80' lang='grc' dir='ltr'><strong><em>πόντος,</em></strong></span> <span class='ocrx_word' id='word_1_168' title='bbox 716 2270 1024 2346; x_wconf 82' lang='lat' dir='ltr'><strong>eleganter</strong></span> <span class='ocrx_word' id='word_1_169' title='bbox 1068 2270 1207 2330; x_wconf 88' lang='lat' dir='ltr'><strong>inde</strong></span> <span class='ocrx_word' id='word_1_170' title='bbox 1254 2270 1501 2330; x_wconf 87' lang='lat' dir='ltr'><strong>Guietus</strong></span> <span class='ocrx_word' id='word_1_171' title='bbox 1545 2268 1769 2329; x_wconf 84' lang='lat' dir='ltr'><strong>effecit:</strong></span> <span class='ocrx_word' id='word_1_172' title='bbox 1816 2261 2053 2345; x_wconf 80' lang='grc' dir='ltr'><strong><em>ἠπύτα</em></strong></span> <span class='ocrx_word' id='word_1_173' title='bbox 2098 2265 2333 2346; x_wconf 79' lang='grc' dir='ltr'><strong><em>πόντος,</em></strong></span> <span class='ocrx_word' id='word_1_174' title='bbox 2380 2272 2538 2347; x_wconf 88' lang='lat' dir='ltr'><strong>quod</strong></span> <span class='ocrx_word' id='word_1_175' title='bbox 2583 2277 2710 2331; x_wconf 89' lang='lat' dir='ltr'><strong>erat</strong></span> 
     </span>
     <span class='ocr_line' id='line_1_21' title="bbox 374 2353 2707 2432; baseline 0.001 -19"><span class='ocrx_word' id='word_1_176' title='bbox 374 2355 771 2415; x_wconf 88' lang='lat' dir='ltr'><strong>retinendum.</strong></span> <span class='ocrx_word' id='word_1_177' title='bbox 869 2354 1076 2431; x_wconf 84' lang='lat' dir='ltr'><strong>Neque</strong></span> <span class='ocrx_word' id='word_1_178' title='bbox 1135 2358 1198 2414; x_wconf 91' lang='lat' dir='ltr'><strong>in</strong></span> <span class='ocrx_word' id='word_1_179' title='bbox 1249 2356 1382 2415; x_wconf 90' lang='lat' dir='ltr'><strong>loco</strong></span> <span class='ocrx_word' id='word_1_180' title='bbox 1440 2353 1750 2429; x_wconf 86' lang='lat' dir='ltr'><strong>Apollonii</strong></span> <span class='ocrx_word' id='word_1_181' title='bbox 1803 2354 1895 2430; x_wconf 90' lang='grc' dir='ltr'><strong>ΙΙ,</strong></span> <span class='ocrx_word' id='word_1_182' title='bbox 1958 2356 2117 2416; x_wconf 82' lang='grc'>1042</span> <span class='ocrx_word' id='word_1_183' title='bbox 2162 2376 2295 2432; x_wconf 89' lang='lat' dir='ltr'><strong>sqq.</strong></span> <span class='ocrx_word' id='word_1_184' title='bbox 2353 2357 2707 2416; x_wconf 89' lang='lat' dir='ltr'><strong>vocabulum</strong></span> 
     </span>
     <span class='ocr_line' id='line_1_22' title="bbox 378 2436 1968 2516; baseline 0.001 -18"><span class='ocrx_word' id='word_1_185' title='bbox 378 2436 576 2498; x_wconf 78' lang='grc' dir='ltr'>ἔπειτα</span> <span class='ocrx_word' id='word_1_186' title='bbox 622 2459 832 2500; x_wconf 88' lang='lat' dir='ltr'><strong>sanum</strong></span> <span class='ocrx_word' id='word_1_187' title='bbox 877 2441 1225 2515; x_wconf 88' lang='lat' dir='ltr'><strong>putaverim.</strong></span> <span class='ocrx_word' id='word_1_188' title='bbox 1313 2439 1627 2516; x_wconf 84' lang='lat' dir='ltr'><strong>Leguntur</strong></span> <span class='ocrx_word' id='word_1_189' title='bbox 1669 2439 1752 2497; x_wconf 90' lang='lat' dir='ltr'><strong>ibi</strong></span> <span class='ocrx_word' id='word_1_190' title='bbox 1796 2440 1968 2499; x_wconf 87' lang='lat' dir='ltr'><strong>haec.</strong></span> 
     </span>
    </p>
   </div>
   <div class='ocr_carea' id='block_1_7' title="bbox 513 2552 2274 2739">
    <p class='ocr_par' dir='ltr' id='par_1_7' title="bbox 513 2552 2274 2723">
     <span class='ocr_line' id='line_1_23' title="bbox 775 2552 1637 2634; baseline -0.003 -16"><span class='ocrx_word' id='word_1_191' title='bbox 775 2592 859 2602; x_wconf 90' lang='lat'><strong>-—-</strong></span> <span class='ocrx_word' id='word_1_192' title='bbox 907 2592 983 2602; x_wconf 92' lang='lat'><em>-</em></span> <span class='ocrx_word' id='word_1_193' title='bbox 1032 2592 1113 2602; x_wconf 94' lang='lat'><strong>—</strong></span> <span class='ocrx_word' id='word_1_194' title='bbox 1158 2554 1224 2618; x_wconf 81' lang='grc' dir='ltr'><strong>ἐκ</strong></span> <span class='ocrx_word' id='word_1_195' title='bbox 1271 2554 1335 2617; x_wconf 84' lang='grc' dir='ltr'><strong>δὲ</strong></span> <span class='ocrx_word' id='word_1_196' title='bbox 1378 2552 1637 2634; x_wconf 73' lang='grc' dir='ltr'><strong><em>φαάνθη</em></strong></span> 
     </span>
     <span class='ocr_line' id='line_1_24' title="bbox 513 2634 2274 2739; baseline -0.001 -36"><span class='ocrx_word' id='word_1_197' title='bbox 513 2718 517 2722; x_wconf 88' lang='lat'><em>.</em></span> <span class='ocrx_word' id='word_1_198' title='bbox 624 2638 802 2739; x_wconf 91' lang='grc' dir='ltr'><strong><em>αλλος</em></strong></span> <span class='ocrx_word' id='word_1_199' title='bbox 847 2637 941 2701; x_wconf 76' lang='grc' dir='ltr'><strong><em>ἐπὶ</em></strong></span> <span class='ocrx_word' id='word_1_200' title='bbox 984 2640 1249 2725; x_wconf 82' lang='grc' dir='ltr'><strong><em>προτέρῳ</em></strong></span> <span class='ocrx_word' id='word_1_201' title='bbox 1292 2638 1723 2739; x_wconf 82' lang='grc' dir='ltr'><strong><em>πεποτημένος·</em></strong></span> <span class='ocrx_word' id='word_1_202' title='bbox 1771 2634 1921 2702; x_wconf 82' lang='grc' dir='ltr'><strong>αλλοὶ</strong></span> <span class='ocrx_word' id='word_1_203' title='bbox 1963 2664 2070 2719; x_wconf 86' lang='grc' dir='ltr'><strong>μιν</strong></span> <span class='ocrx_word' id='word_1_204' title='bbox 2112 2639 2274 2723; x_wconf 81' lang='grc' dir='ltr'><strong><em>ἥρως</em></strong></span> 
     </span>
    </p>
   </div>
   <div class='ocr_carea' id='block_1_8' title="bbox 625 2715 2363 2978">
    <p class='ocr_par' dir='ltr' id='par_1_8' title="bbox 625 2715 2363 2978">
     <span class='ocr_line' id='line_1_25' title="bbox 625 2715 2361 2828; baseline 0 -42"><span class='ocrx_word' id='word_1_205' title='bbox 625 2715 987 2828; x_wconf 85' lang='grc' dir='ltr'><strong><em>Ευρυτίδης</em></strong></span> <span class='ocrx_word' id='word_1_206' title='bbox 1009 2727 1262 2801; x_wconf 83' lang='grc' dir='ltr'>Κλύτιος</span> <span class='ocrx_word' id='word_1_207' title='bbox 1308 2717 1447 2808; x_wconf 83' lang='grc' dir='ltr'><strong><em>(πρὸ</em></strong></span> <span class='ocrx_word' id='word_1_208' title='bbox 1483 2748 1600 2825; x_wconf 82' lang='grc' dir='ltr'><strong>γαρ</strong></span> <span class='ocrx_word' id='word_1_209' title='bbox 1642 2721 1871 2806; x_wconf 77' lang='grc' dir='ltr'><strong><em>ἀγκύλα</em></strong></span> <span class='ocrx_word' id='word_1_210' title='bbox 1915 2727 2143 2789; x_wconf 84' lang='grc' dir='ltr'><strong><em>τείνατο</em></strong></span> <span class='ocrx_word' id='word_1_211' title='bbox 2186 2726 2361 2805; x_wconf 83' lang='grc' dir='ltr'><strong><em>τόξα,</em></strong></span> 
     </span>
     <span class='ocr_line' id='line_1_26' title="bbox 626 2800 2363 2915; baseline -0.001 -43"><span class='ocrx_word' id='word_1_212' title='bbox 626 2805 742 2890; x_wconf 75' lang='grc' dir='ltr'><strong><em>η’κε</em></strong></span> <span class='ocrx_word' id='word_1_213' title='bbox 790 2806 843 2870; x_wconf 83' lang='lat' dir='ltr'><strong>d’</strong></span> <span class='ocrx_word' id='word_1_214' title='bbox 891 2800 987 2871; x_wconf 76' lang='grc' dir='ltr'><strong><em>ἐπ’</em></strong></span> <span class='ocrx_word' id='word_1_215' title='bbox 1038 2810 1256 2873; x_wconf 79' lang='grc' dir='ltr'><strong><em>οἰωνὸν</em></strong></span> <span class='ocrx_word' id='word_1_216' title='bbox 1299 2807 1544 2889; x_wconf 84' lang='grc' dir='ltr'>ταχινὸν</span> <span class='ocrx_word' id='word_1_217' title='bbox 1586 2811 1782 2891; x_wconf 82' lang='grc' dir='ltr'><strong><em>βέλος)</em></strong></span> <span class='ocrx_word' id='word_1_218' title='bbox 1796 2805 2061 2915; x_wconf 75' lang='grc' dir='ltr'><strong><em>αὖτᾶρ</em></strong></span> <span class='ocrx_word' id='word_1_219' title='bbox 2107 2811 2363 2874; x_wconf 75' lang='grc' dir='ltr'>ἔπειτα</span> 
     </span>
     <span class='ocr_line' id='line_1_27' title="bbox 629 2890 2208 2978; baseline 0 -21"><span class='ocrx_word' id='word_1_220' title='bbox 629 2899 882 2974; x_wconf 82' lang='grc' dir='ltr'><strong><em>πλῆξεν·</em></strong></span> <span class='ocrx_word' id='word_1_221' title='bbox 927 2896 1200 2976; x_wconf 83' lang='grc' dir='ltr'>δινηθεις</span> <span class='ocrx_word' id='word_1_222' title='bbox 1245 2895 1312 2958; x_wconf 78' lang='grc' dir='ltr'><strong>δὲ</strong></span> <span class='ocrx_word' id='word_1_223' title='bbox 1354 2902 1512 2973; x_wconf 83' lang='grc' dir='ltr'><strong><em>θοῆς</em></strong></span> <span class='ocrx_word' id='word_1_224' title='bbox 1555 2894 1735 2958; x_wconf 81' lang='grc' dir='ltr'><strong><em>πέσεν</em></strong></span> <span class='ocrx_word' id='word_1_225' title='bbox 1778 2890 1999 2978; x_wconf 73' lang='grc' dir='ltr'>ἆγχόθι</span> <span class='ocrx_word' id='word_1_226' title='bbox 2048 2896 2208 2976; x_wconf 83' lang='grc' dir='ltr'>ιηός.</span> 
     </span>
    </p>
   </div>
   <div class='ocr_carea' id='block_1_9' title="bbox 371 3019 2710 3605">
    <p class='ocr_par' dir='ltr' id='par_1_9' title="bbox 371 3019 2710 3605">
     <span class='ocr_line' id='line_1_28' title="bbox 380 3019 2705 3095; baseline 0 -17"><span class='ocrx_word' id='word_1_227' title='bbox 380 3020 630 3079; x_wconf 84' lang='lat' dir='ltr'><strong>Minime</strong></span> <span class='ocrx_word' id='word_1_228' title='bbox 675 3019 1075 3094; x_wconf 86' lang='lat' dir='ltr'><strong>satisfaciunt,</strong></span> <span class='ocrx_word' id='word_1_229' title='bbox 1137 3020 1353 3095; x_wconf 86' lang='lat' dir='ltr'><strong>quibus</strong></span> <span class='ocrx_word' id='word_1_230' title='bbox 1409 3020 1601 3078; x_wconf 91' lang='lat' dir='ltr'><strong>adhuc</strong></span> <span class='ocrx_word' id='word_1_231' title='bbox 1643 3019 1757 3079; x_wconf 84' lang='lat' dir='ltr'><strong>viri</strong></span> <span class='ocrx_word' id='word_1_232' title='bbox 1803 3019 1962 3079; x_wconf 91' lang='lat' dir='ltr'><strong>docti</strong></span> <span class='ocrx_word' id='word_1_233' title='bbox 2008 3019 2162 3078; x_wconf 90' lang='lat' dir='ltr'><strong>hunc</strong></span> <span class='ocrx_word' id='word_1_234' title='bbox 2204 3019 2401 3079; x_wconf 91' lang='lat' dir='ltr'><strong>locum</strong></span> <span class='ocrx_word' id='word_1_235' title='bbox 2446 3022 2705 3080; x_wconf 87' lang='lat' dir='ltr'><strong>tentave-</strong></span> 
     </span>
     <span class='ocr_line' id='line_1_29' title="bbox 377 3104 2707 3181; baseline -0 -17"><span class='ocrx_word' id='word_1_236' title='bbox 377 3108 540 3180; x_wconf 84' lang='lat' dir='ltr'><strong>runt,</strong></span> <span class='ocrx_word' id='word_1_237' title='bbox 587 3105 912 3164; x_wconf 83' lang='lat' dir='ltr'><strong>conamina.</strong></span> <span class='ocrx_word' id='word_1_238' title='bbox 979 3104 1070 3163; x_wconf 85' lang='lat' dir='ltr'><strong>Ea</strong></span> <span class='ocrx_word' id='word_1_239' title='bbox 1115 3105 1320 3181; x_wconf 83' lang='lat' dir='ltr'><strong>igitur,</strong></span> <span class='ocrx_word' id='word_1_240' title='bbox 1367 3123 1518 3180; x_wconf 89' lang='lat' dir='ltr'><strong>quae</strong></span> <span class='ocrx_word' id='word_1_241' title='bbox 1562 3104 1766 3164; x_wconf 79' lang='lat' dir='ltr'><strong>videas</strong></span> <span class='ocrx_word' id='word_1_242' title='bbox 1812 3104 1972 3180; x_wconf 90' lang='lat' dir='ltr'><strong>apud</strong></span> <span class='ocrx_word' id='word_1_243' title='bbox 2012 3105 2422 3180; x_wconf 79' lang='lat' dir='ltr'><strong>Wellauerum,</strong></span> <span class='ocrx_word' id='word_1_244' title='bbox 2469 3104 2707 3164; x_wconf 83' lang='lat' dir='ltr'><strong>silentio</strong></span> 
     </span>
     <span class='ocr_line' id='line_1_30' title="bbox 371 3150 2710 3292; baseline -0.001 -44"><span class='ocrx_word' id='word_1_245' title='bbox 371 3190 695 3267; x_wconf 86' lang='lat' dir='ltr'><strong>praeterire</strong></span> <span class='ocrx_word' id='word_1_246' title='bbox 747 3191 1029 3265; x_wconf 88' lang='lat' dir='ltr'><strong>praestat.</strong></span> <span class='ocrx_word' id='word_1_247' title='bbox 1117 3189 1299 3249; x_wconf 89' lang='lat' dir='ltr'><strong>Nullo</strong></span> <span class='ocrx_word' id='word_1_248' title='bbox 1354 3190 1533 3249; x_wconf 89' lang='lat' dir='ltr'><strong>modo</strong></span> <span class='ocrx_word' id='word_1_249' title='bbox 1590 3189 1733 3248; x_wconf 79' lang='lat' dir='ltr'><strong>ferri</strong></span> <span class='ocrx_word' id='word_1_250' title='bbox 1799 3193 2051 3264; x_wconf 87' lang='lat' dir='ltr'><strong>possunt</strong></span> <span class='ocrx_word' id='word_1_251' title='bbox 2117 3150 2443 3265; x_wconf 90' lang='lat' dir='ltr'><strong>particulae</strong></span> <span class='ocrx_word' id='word_1_252' title='bbox 2522 3177 2710 3292; x_wconf 82' lang='grc' dir='ltr'><strong><em>αὖταρ</em></strong></span> 
     </span>
     <span class='ocr_line' id='line_1_31' title="bbox 379 3261 2702 3349; baseline -0.001 -17"><span class='ocrx_word' id='word_1_253' title='bbox 379 3271 602 3349; x_wconf 74' lang='grc' dir='ltr'>ἔπειτα,</span> <span class='ocrx_word' id='word_1_254' title='bbox 646 3292 756 3334; x_wconf 91' lang='lat' dir='ltr'><strong>nec</strong></span> <span class='ocrx_word' id='word_1_255' title='bbox 800 3279 1000 3334; x_wconf 87' lang='lat' dir='ltr'><strong>tamen</strong></span> <span class='ocrx_word' id='word_1_256' title='bbox 1044 3294 1113 3334; x_wconf 90' lang='lat' dir='ltr'><strong>ea</strong></span> <span class='ocrx_word' id='word_1_257' title='bbox 1156 3295 1191 3333; x_wconf 89' lang='lat' dir='ltr'><strong>a</strong></span> <span class='ocrx_word' id='word_1_258' title='bbox 1231 3274 1378 3335; x_wconf 82' lang='lat' dir='ltr'><strong>viris</strong></span> <span class='ocrx_word' id='word_1_259' title='bbox 1425 3274 1635 3347; x_wconf 85' lang='lat' dir='ltr'><strong>doctis,</strong></span> <span class='ocrx_word' id='word_1_260' title='bbox 1695 3275 1743 3332; x_wconf 91' lang='lat' dir='ltr'><strong>si</strong></span> <span class='ocrx_word' id='word_1_261' title='bbox 1773 3275 2164 3336; x_wconf 75' lang='lat' dir='ltr'><strong>Matthiaeum</strong></span> <span class='ocrx_word' id='word_1_262' title='bbox 2203 3275 2461 3349; x_wconf 83' lang='lat' dir='ltr'><strong>excipias</strong></span> <span class='ocrx_word' id='word_1_263' title='bbox 2505 3261 2702 3331; x_wconf 77' lang='grc' dir='ltr'><strong><em>αὐτίκ’</em></strong></span> 
     </span>
     <span class='ocr_line' id='line_1_32' title="bbox 376 3356 2708 3460; baseline 0 -43"><span class='ocrx_word' id='word_1_264' title='bbox 376 3356 573 3419; x_wconf 69' lang='grc' dir='ltr'>ἔπειτα</span> <span class='ocrx_word' id='word_1_265' title='bbox 616 3360 932 3436; x_wconf 86' lang='lat' dir='ltr'><strong>legentem,</strong></span> <span class='ocrx_word' id='word_1_266' title='bbox 980 3362 1297 3418; x_wconf 87' lang='lat' dir='ltr'><strong>attrectata</strong></span> <span class='ocrx_word' id='word_1_267' title='bbox 1340 3363 1503 3460; x_wconf 58' lang='lat' dir='ltr'><strong>sunt3</strong></span> <span class='ocrx_word' id='word_1_268' title='bbox 1555 3359 1899 3428; x_wconf 78' lang='lat' dir='ltr'><strong>WellauerO,</strong></span> <span class='ocrx_word' id='word_1_269' title='bbox 1942 3360 2046 3435; x_wconf 84' lang='lat' dir='ltr'><strong>qui</strong></span> <span class='ocrx_word' id='word_1_270' title='bbox 2074 3361 2453 3419; x_wconf 74' lang='lat' dir='ltr'><strong>usitatissimo</strong></span> <span class='ocrx_word' id='word_1_271' title='bbox 2497 3378 2708 3418; x_wconf 80' lang='lat' dir='ltr'><strong>anaco-</strong></span> 
     </span>
     <span class='ocr_line' id='line_1_33' title="bbox 372 3435 2706 3520; baseline -0.001 -16"><span class='ocrx_word' id='word_1_272' title='bbox 372 3447 529 3505; x_wconf 77' lang='lat' dir='ltr'><strong>lutho</strong></span> <span class='ocrx_word' id='word_1_273' title='bbox 574 3444 782 3504; x_wconf 80' lang='lat' dir='ltr'><strong>inferri</strong></span> <span class='ocrx_word' id='word_1_274' title='bbox 819 3448 957 3520; x_wconf 88' lang='lat' dir='ltr'><strong>post</strong></span> <span class='ocrx_word' id='word_1_275' title='bbox 998 3445 1383 3520; x_wconf 88' lang='lat' dir='ltr'><strong>parenthesin</strong></span> <span class='ocrx_word' id='word_1_276' title='bbox 1427 3435 1617 3519; x_wconf 79' lang='grc' dir='ltr'><strong><em>αὗταρ</em></strong></span> <span class='ocrx_word' id='word_1_277' title='bbox 1660 3446 1922 3518; x_wconf 86' lang='lat' dir='ltr'><strong>monuit,</strong></span> <span class='ocrx_word' id='word_1_278' title='bbox 1981 3463 2154 3503; x_wconf 91' lang='lat' dir='ltr'><strong>nemo</strong></span> <span class='ocrx_word' id='word_1_279' title='bbox 2214 3444 2389 3503; x_wconf 90' lang='lat' dir='ltr'><strong>fidem</strong></span> <span class='ocrx_word' id='word_1_280' title='bbox 2444 3443 2706 3503; x_wconf 82' lang='lat' dir='ltr'><strong>habebit.</strong></span> 
     </span>
     <span class='ocr_line' id='line_1_34' title="bbox 375 3528 2027 3605; baseline -0.002 -16"><span class='ocrx_word' id='word_1_281' title='bbox 375 3530 522 3590; x_wconf 86' lang='lat' dir='ltr'><strong>Mihi</strong></span> <span class='ocrx_word' id='word_1_282' title='bbox 566 3528 855 3590; x_wconf 88' lang='lat' dir='ltr'><strong>eiusmodi</strong></span> <span class='ocrx_word' id='word_1_283' title='bbox 899 3529 1041 3604; x_wconf 91' lang='lat' dir='ltr'><strong>quid</strong></span> <span class='ocrx_word' id='word_1_284' title='bbox 1087 3549 1122 3588; x_wconf 94' lang='lat' dir='ltr'><strong>a</strong></span> <span class='ocrx_word' id='word_1_285' title='bbox 1163 3533 1338 3605; x_wconf 90' lang='lat' dir='ltr'><strong>poeta</strong></span> <span class='ocrx_word' id='word_1_286' title='bbox 1382 3530 1718 3605; x_wconf 87' lang='lat' dir='ltr'><strong>profectum</strong></span> <span class='ocrx_word' id='word_1_287' title='bbox 1760 3529 2027 3589; x_wconf 87' lang='lat' dir='ltr'><strong>videtur:</strong></span> 
     </span>
    </p>
   </div>
   <div class='ocr_carea' id='block_1_10' title="bbox 626 3638 2383 3980">
    <p class='ocr_par' dir='ltr' id='par_1_10' title="bbox 626 3638 2383 3980">
     <span class='ocr_line' id='line_1_35' title="bbox 867 3638 1745 3743; baseline 0.001 -40"><span class='ocrx_word' id='word_1_288' title='bbox 867 3680 943 3690; x_wconf 90' lang='lat'><strong>—-</strong></span> <span class='ocrx_word' id='word_1_289' title='bbox 990 3679 1074 3689; x_wconf 92' lang='lat'><strong>—--</strong></span> <span class='ocrx_word' id='word_1_290' title='bbox 1118 3679 1200 3688; x_wconf 93' lang='lat'>—</span> <span class='ocrx_word' id='word_1_291' title='bbox 1241 3638 1390 3704; x_wconf 75' lang='grc' dir='ltr'><strong><em>ἄλλα</em></strong></span> <span class='ocrx_word' id='word_1_292' title='bbox 1432 3668 1539 3722; x_wconf 87' lang='grc' dir='ltr'><strong>μιν</strong></span> <span class='ocrx_word' id='word_1_293' title='bbox 1561 3642 1745 3743; x_wconf 78' lang='grc' dir='ltr'><strong><em>ἥρως</em></strong></span> 
     </span>
     <span class='ocr_line' id='line_1_36' title="bbox 635 3720 2341 3835; baseline -0.001 -45"><span class='ocrx_word' id='word_1_294' title='bbox 635 3724 984 3835; x_wconf 76' lang='grc' dir='ltr'><strong><em>Εὐρυτίδης</em></strong></span> <span class='ocrx_word' id='word_1_295' title='bbox 1018 3723 1269 3802; x_wconf 79' lang='grc' dir='ltr'>Κλύτιος</span> <span class='ocrx_word' id='word_1_296' title='bbox 1315 3723 1458 3811; x_wconf 79' lang='grc' dir='ltr'><strong><em>(πρό</em></strong></span> <span class='ocrx_word' id='word_1_297' title='bbox 1504 3753 1616 3808; x_wconf 77' lang='grc' dir='ltr'><strong>γαρ</strong></span> <span class='ocrx_word' id='word_1_298' title='bbox 1662 3720 1899 3824; x_wconf 81' lang='grc' dir='ltr'><strong><em>ἆγκυλα</em></strong></span> <span class='ocrx_word' id='word_1_299' title='bbox 1934 3728 2163 3790; x_wconf 83' lang='grc' dir='ltr'><strong><em>τείνατο</em></strong></span> <span class='ocrx_word' id='word_1_300' title='bbox 2207 3724 2341 3802; x_wconf 84' lang='grc' dir='ltr'><strong><em>τόξα</em></strong></span> 
     </span>
     <span class='ocr_line' id='line_1_37' title="bbox 626 3805 2383 3897; baseline -0.001 -22"><span class='ocrx_word' id='word_1_301' title='bbox 626 3806 736 3894; x_wconf 79' lang='grc' dir='ltr'><strong><em>ἧκε</em></strong></span> <span class='ocrx_word' id='word_1_302' title='bbox 781 3805 836 3875; x_wconf 84' lang='grc' dir='ltr'><em>δ</em></span> <span class='ocrx_word' id='word_1_303' title='bbox 889 3806 984 3875; x_wconf 81' lang='grc' dir='ltr'><strong><em>ἐπ’</em></strong></span> <span class='ocrx_word' id='word_1_304' title='bbox 1033 3809 1247 3876; x_wconf 82' lang='grc' dir='ltr'><strong><em>οἰωνὸν</em></strong></span> <span class='ocrx_word' id='word_1_305' title='bbox 1289 3812 1533 3893; x_wconf 83' lang='grc' dir='ltr'>ταχινὸν</span> <span class='ocrx_word' id='word_1_306' title='bbox 1575 3813 1773 3897; x_wconf 81' lang='grc' dir='ltr'><strong><em>βέλος)</em></strong></span> <span class='ocrx_word' id='word_1_307' title='bbox 1816 3805 2060 3875; x_wconf 83' lang='grc' dir='ltr'><strong><em>αὐτίκ’</em></strong></span> <span class='ocrx_word' id='word_1_308' title='bbox 2109 3813 2383 3875; x_wconf 78' lang='grc' dir='ltr'><strong><em>ἔπαυσε</em></strong></span> 
     </span>
     <span class='ocr_line' id='line_1_38' title="bbox 631 3893 2275 3980; baseline -0.001 -20"><span class='ocrx_word' id='word_1_309' title='bbox 631 3893 941 3975; x_wconf 82' lang='grc' dir='ltr'><strong><em>πλήξας·</em></strong></span> <span class='ocrx_word' id='word_1_310' title='bbox 991 3899 1265 3977; x_wconf 84' lang='grc' dir='ltr'>δινηθεὶς</span> <span class='ocrx_word' id='word_1_311' title='bbox 1310 3896 1375 3960; x_wconf 80' lang='grc' dir='ltr'><strong>δὲ</strong></span> <span class='ocrx_word' id='word_1_312' title='bbox 1419 3905 1581 3979; x_wconf 84' lang='grc' dir='ltr'><strong><em>θοῆς</em></strong></span> <span class='ocrx_word' id='word_1_313' title='bbox 1624 3899 1801 3961; x_wconf 84' lang='grc' dir='ltr'><strong><em>πέσεν</em></strong></span> <span class='ocrx_word' id='word_1_314' title='bbox 1843 3893 2067 3980; x_wconf 75' lang='grc' dir='ltr'>αγχόθι</span> <span class='ocrx_word' id='word_1_315' title='bbox 2114 3898 2275 3978; x_wconf 87' lang='grc' dir='ltr'><strong><em>νηός.</em></strong></span> 
     </span>
    </p>
   </div>
   <div class='ocr_carea' id='block_1_11' title="bbox 542 4022 2810 4184">
    <p class='ocr_par' dir='ltr' id='par_1_11' title="bbox 542 4022 2810 4184">
     <span class='ocr_line' id='line_1_39' title="bbox 542 4022 2810 4184; baseline 0.002 -21"><span class='ocrx_word' id='word_1_316' title='bbox 542 4022 901 4178; x_wconf 57' lang='grc' dir='ltr'><strong>ν’Ἇῖσῦιὲετος</strong></span> <span class='ocrx_word' id='word_1_317' title='bbox 949 4095 1265 4184; x_wconf 82' lang='grc' dir='ltr'><strong><em>οὖλόμενος</em></strong></span> <span class='ocrx_word' id='word_1_318' title='bbox 1309 4102 1551 4183; x_wconf 85' lang='grc' dir='ltr'><strong><em>στρατὸς</em></strong></span> <span class='ocrx_word' id='word_1_319' title='bbox 1596 4101 1793 4174; x_wconf 81' lang='grc' dir='ltr'><strong><em>αἰόλος</em></strong></span> <span class='ocrx_word' id='word_1_320' title='bbox 1839 4100 2240 4183; x_wconf 84' lang='grc' dir='ltr'><strong><em>ἒρπυστήρων.</em></strong></span> <span class='ocrx_word' id='word_1_321' title='bbox 2745 4045 2810 4093; x_wconf 67' lang='lat'><strong>43</strong></span> 
     </span>
    </p>
   </div>
   <div class='ocr_carea' id='block_1_12' title="bbox 374 4197 2344 4541">
    <p class='ocr_par' dir='ltr' id='par_1_12' title="bbox 374 4197 2344 4541">
     <span class='ocr_line' id='line_1_40' title="bbox 374 4197 1955 4285; baseline -0.002 -17"><span class='ocrx_word' id='word_1_322' title='bbox 374 4208 464 4268; x_wconf 83' lang='lat' dir='ltr'><strong>Ex</strong></span> <span class='ocrx_word' id='word_1_323' title='bbox 510 4229 674 4270; x_wconf 91' lang='lat' dir='ltr'><strong>more</strong></span> <span class='ocrx_word' id='word_1_324' title='bbox 717 4209 1041 4285; x_wconf 86' lang='lat' dir='ltr'><strong>Epicorum</strong></span> <span class='ocrx_word' id='word_1_325' title='bbox 1088 4208 1463 4270; x_wconf 88' lang='lat' dir='ltr'><strong>scribendum</strong></span> <span class='ocrx_word' id='word_1_326' title='bbox 1509 4226 1540 4263; x_wconf 94' lang='lat' dir='ltr'><strong>o</strong></span> <span class='ocrx_word' id='word_1_327' title='bbox 1557 4197 1595 4266; x_wconf 79' lang='grc' dir='ltr'><strong>ὖ</strong></span> <span class='ocrx_word' id='word_1_328' title='bbox 1609 4208 1641 4265; x_wconf 91' lang='grc' dir='ltr'><strong><em>λ</em></strong></span> <span class='ocrx_word' id='word_1_329' title='bbox 1656 4227 1738 4283; x_wconf 83' lang='grc' dir='ltr'><strong>ομ</strong></span> <span class='ocrx_word' id='word_1_330' title='bbox 1754 4202 1829 4265; x_wconf 86' lang='grc' dir='ltr'><strong><em>ἑν</em></strong></span> <span class='ocrx_word' id='word_1_331' title='bbox 1841 4227 1887 4264; x_wconf 87' lang='grc' dir='ltr'><em>ω</em></span> <span class='ocrx_word' id='word_1_332' title='bbox 1902 4229 1955 4266; x_wconf 90' lang='grc' dir='ltr'><strong><em>ν.</em></strong></span> 
     </span>
     <span class='ocr_line' id='line_1_41' title="bbox 544 4294 2344 4481; baseline -0.002 -44"><span class='ocrx_word' id='word_1_333' title='bbox 544 4294 617 4355; x_wconf 74' lang='lat' dir='ltr'><strong>V</strong></span> <span class='ocrx_word' id='word_1_334' title='bbox 603 4296 862 4480; x_wconf 56' lang='grc' dir='ltr'>Οξὸἳιὲν</span> <span class='ocrx_word' id='word_1_335' title='bbox 904 4399 1016 4481; x_wconf 77' lang='grc' dir='ltr'><strong>γαρ</strong></span> <span class='ocrx_word' id='word_1_336' title='bbox 1059 4372 1113 4436; x_wconf 85' lang='grc' dir='ltr'><strong>τ’</strong></span> <span class='ocrx_word' id='word_1_337' title='bbox 1163 4374 1512 4454; x_wconf 82' lang='grc' dir='ltr'><strong><em>ἐφύπερθεν</em></strong></span> <span class='ocrx_word' id='word_1_338' title='bbox 1554 4372 1696 4435; x_wconf 82' lang='grc' dir='ltr'>ἕπιτ</span> <span class='ocrx_word' id='word_1_339' title='bbox 1712 4397 1745 4454; x_wconf 86' lang='grc' dir='ltr'><strong><em>ρ</em></strong></span> <span class='ocrx_word' id='word_1_340' title='bbox 1763 4372 2010 4452; x_wconf 82' lang='grc' dir='ltr'><strong><em>έψαντε</em></strong></span> <span class='ocrx_word' id='word_1_341' title='bbox 2054 4396 2211 4452; x_wconf 80' lang='grc' dir='ltr'><strong><em>καρη</em></strong></span> <span class='ocrx_word' id='word_1_342' title='bbox 2227 4396 2309 4434; x_wconf 90' lang='grc' dir='ltr'><strong><em>να</em></strong></span> <span class='ocrx_word' id='word_1_343' title='bbox 2324 4418 2344 4453; x_wconf 84' lang='grc'>,</span> 
     </span>
     <span class='ocr_line' id='line_1_42' title="bbox 633 4452 2056 4541; baseline 0.001 -20"><span class='ocrx_word' id='word_1_344' title='bbox 633 4452 866 4541; x_wconf 82' lang='grc' dir='ltr'><strong><em>όφρυας</em></strong></span> <span class='ocrx_word' id='word_1_345' title='bbox 908 4458 1016 4539; x_wconf 82' lang='grc' dir='ltr'><strong>ηδ</strong></span> <span class='ocrx_word' id='word_1_346' title='bbox 997 4483 1023 4522; x_wconf 89' lang='grc' dir='ltr'><strong><em>ε</em></strong></span> <span class='ocrx_word' id='word_1_347' title='bbox 1065 4459 1334 4540; x_wconf 82' lang='grc' dir='ltr'><strong><em>μέτωπον</em></strong></span> <span class='ocrx_word' id='word_1_348' title='bbox 1363 4459 1711 4540; x_wconf 83' lang='grc' dir='ltr'>ε’νιπρίουσι</span> <span class='ocrx_word' id='word_1_349' title='bbox 1752 4459 2056 4541; x_wconf 76' lang='grc' dir='ltr'>γένυσσιν.</span> 
     </span>
    </p>
   </div>
  </div>
 </body>
</html>
