3132 5129
1425 401 1498 410 —-
1590 364 1883 427 522-

470 527 598 583 erat
626 523 960 599 peispicere
990 523 1357 620 comparanti
1388 542 1541 598 quae
1587 521 1791 581 statim
1839 524 2201 598 sequuntur:
2249 522 2483 592 κοντοῖς
2531 516 2595 580 δὲ
2639 529 2811 603 πρῳ-

469 629 583 685 ραν
625 598 803 684 εἶχον.
872 608 962 667 Ea
1004 608 1162 667 enim
1206 606 1404 683 verba,
1450 609 1502 667 si
1545 608 1939 685 grammatica
1982 606 2399 666 tantummodo
2444 607 2598 666 ratio
2644 627 2805 683 spec·

467 696 654 766 tetur,
698 712 821 753 non
864 711 1040 769 posse
1084 692 1158 751 ad
1203 692 1352 752 alios
1397 711 1575 769 quam
1618 692 1741 750 ad
1725 710 1970 752 iuvenes
2000 691 2176 751 modo
2207 696 2566 752 memoratos
2596 693 2806 752 referri

467 782 588 837 tam
634 781 909 854 apertum
953 781 1073 853 est,
1136 780 1204 837 ut
1246 796 1420 837 nemo
1466 777 1541 836 de
1586 777 1706 835 alia
1750 777 1983 837 ratione
2037 777 2455 853 cogitavisset,
2514 776 2630 836 nisi
2687 797 2810 837 non

466 864 663 924 minus
707 866 980 939 apertum
1022 866 1181 922 esset
1227 860 1501 922 Orestem
1544 866 1608 921 et
1649 861 1937 939 Pyladem
1966 879 2089 921 non
2119 879 2295 936 posse
2326 862 2506 921 simul
2537 862 2601 921 in
2630 862 2810 922 litore

467 954 625 1008 stare
668 951 848 1024 atque
890 966 1131 1023 proram
1177 947 1372 1007 contis
1419 946 1699 1007 retinere.
1785 946 1999 1022 Itaque
2045 947 2389 1022 Musgravio
2445 950 2687 1007 auctore
2730 949 2806 1006 ad

469 1052 653 1091 unum
698 1051 902 1093 omnes
947 1034 1008 1092 in
1053 1032 1164 1092 hoc
1205 1033 1474 1092 membro
1506 1031 1982 1092 subaudiendum
2027 1033 2392 1107 putaverunt
2436 1029 2502 1089 οῖ
2535 1027 2666 1107 μέν,
2711 1034 2808 1092 661

467 1118 681 1177 deinde
738 1121 1140 1194 opponeretur
1195 1117 1549 1193 „notissimo
1608 1116 1812 1176 more“
1869 1113 1934 1174 οἱ
1984 1111 2084 1191 δέ,
2152 1115 2392 1192 ellipsin
2446 1135 2587 1176 vero
2642 1117 2806 1176 illam

465 1221 626 1277 „non
681 1202 854 1262 valde
910 1202 1231 1262 usitatam“
1304 1220 1579 1262 excusare
1635 1201 1994 1261 studuerunt
2044 1199 2335 1260 eiusmodi
2392 1200 2539 1260 locis
2599 1200 2804 1279 (Hom.

464 1288 528 1343 X
558 1287 697 1352 157.
741 1288 885 1346 Eur.
932 1288 1064 1347 Hel.
1116 1288 1278 1347 1604
1303 1305 1390 1362 sq.
1445 1287 1622 1346 Herc.
1668 1286 1782 1345 fur.
1831 1288 1973 1346 636.
2030 1284 2133 1345 Or.
2182 1280 2402 1365 1489),
2460 1287 2523 1345 in
2584 1285 2802 1362 quibus

467 1372 539 1431 de
585 1373 880 1447 subiecto,
940 1371 1098 1448 quod
1153 1372 1536 1447 suppleatur,
1595 1371 1771 1447 plane
1827 1370 1997 1429 nulla
2050 1388 2178 1430 6666
2239 1372 2439 1444 potest
2493 1369 2804 1430 dubitatio.

369 1449 426 1496 ¹¹
467 1457 536 1515 Id
591 1458 686 1517 hic
743 1475 980 1533 quoque
1036 1457 1260 1516 factum
1314 1474 1444 1516 esse
1498 1457 1841 1531 respicienti
1899 1455 2212 1532 apparebit
2267 1454 2342 1513 ad
2400 1455 2805 1515 antecedentis

463 1561 673 1601 versus
729 1541 925 1613 illam,
981 1542 1054 1600 de
1112 1561 1231 1618 qua
1272 1540 1450 1600 modo
1508 1538 1796 1617 diximus,
1856 1546 2091 1615 partem
2146 1530 2508 1616 πρύμνηθεν
2551 1535 2806 1611 ἑστῶτας

466 1646 648 1700 νεως,
704 1645 821 1702 qua
866 1627 914 1684 si
960 1626 1100 1685 olim
1147 1644 1269 1685 non
1315 1624 1556 1686 Orestes
1605 1629 1668 1684 et
1711 1625 1967 1703 Pylades
2012 1626 2076 1685 in
2134 1625 2310 1683 litore
2354 1629 2659 1685 versantes
2702 1626 2808 1686 sed

466 1711 742 1769 nonnulli
789 1730 859 1769 ex
901 1712 1104 1769 nautis
1161 1711 1224 1769 in
1282 1711 1473 1785 puppi
1530 1712 1759 1770 stantes
1816 1709 2036 1769 diserte
2092 1709 2589 1787 designabantur,
2648 1715 2809 1771 recte

438 1795 723 1876 ,simplici
782 1790 857 1852 δέ
909 1794 984 1853 ad
1041 1803 1268 1855 ceteros
1326 1812 1578 1871 pergere
1632 1797 1873 1871 poterat
1927 1794 2261 1870 oppositam
2305 1813 2554 1870 ‹proram
2612 1798 2810 1855 contis

467 1880 820 1938 retinentes.
910 1879 1070 1938 Ante
1113 1880 1255 1940 haec
1311 1879 1500 1955 igitur
1541 1879 1726 1939 verba
1781 1884 1845 1939 et
1899 1882 2036 1955 post
2090 1898 2249 1953 eam,
2309 1898 2460 1954 quae
2520 1899 2680 1940 nunc
2737 1901 2812 1941 66

465 1964 909 2040 praegreditur,
963 1982 1168 2024 vocem
1213 1958 1565 2040 ἐλευθέρους
1611 1963 1822 2023 lacuna
1866 1966 1990 2040 est,
2048 1983 2166 2039 qua
2221 1964 2357 2039 plus
2401 1965 2581 2023 etiam
2626 1985 2808 2041 quam

465 2050 642 2107 unius
672 2067 876 2109 versus
918 2048 1212 2107 ambitum
1254 2048 1532 2107 haustum
1578 2067 1705 2121 esse
1746 2052 1915 2124 patet
1959 2067 2027 2107 ex
2073 2049 2176 2124 iis,
2222 2067 2373 2123 quae
2417 2050 2623 2108 statim
2668 2051 2810 2111 inde

464 2153 499 2191 a
551 2154 613 2193 v.
657 2134 822 2192 1354
874 2133 948 2192 de
1003 2133 1362 2193 famulorum
1420 2133 1595 2192 dictis
1657 2134 1948 2209 factisque
2012 2136 2365 2209 narrantur,
2434 2132 2650 2209 quibus
2715 2134 2807 2194 illi

465 2210 630 2275 δόλια
686 2214 1015 2295 τεχνήματα
1069 2239 1105 2278 6
1159 2238 1221 2278 66
1277 2221 1593 2293 conspecta
1645 2218 1937 2294 impedire
1992 2222 2306 2277 conantur.
2395 2217 2623 2277 Horum
2667 2238 2808 2279 vero

466 2303 537 2362 de
582 2304 685 2379 iis,
732 2322 881 2379 quae
928 2305 988 2363 in
1034 2304 1212 2364 litore
1254 2305 1593 2381 agitantur,
1639 2304 1816 2363 hodie
1862 2302 2102 2379 quidem
2146 2302 2297 2361 nihil
2326 2303 2492 2362 aliud
2523 2304 2806 2381 refertur,

464 2389 580 2447 nisi
637 2389 787 2448 duos
843 2389 1087 2449 iuvenes
1139 2389 1396 2449 vinculis
1450 2387 1675 2447 solutos
1729 2387 2066 2462 adstitisse,
2123 2387 2301 2449 nullos
2347 2388 2420 2447 de
2479 2389 2806 2449 sacerdotis

463 2475 641 2548 atque
686 2477 916 2533 statuae
962 2473 1309 2534 condicione
1356 2472 1536 2533 verbo
1581 2473 1817 2549 addito,
1880 2491 2056 2548 quam
2102 2475 2164 2531 61
2206 2474 2397 2547 ipsam
2444 2472 2663 2532 diserte
2706 2492 2807 2533 ex-

463 2557 746 2633 plicatam
792 2552 971 2619 fui'sse
1016 2580 1071 2620 v.
1108 2560 1270 2619 1358
1295 2578 1419 2636 sqq.
1464 2559 1840 2634 apertissime
1883 2556 2182 2634 produnt·

873 2724 991 2786 τίνι
1035 2724 1224 2808 νόμῳ
1269 2723 1383 2808 (616
1428 2731 1589 2789 16616
1620 2728 1922 2788 Nauckius
1941 2746 2077 2822 pro
2120 2717 2299 2808 λόγῳ)
2345 2720 2713 2807 πορθμεύετε

718 2807 1063 2883 κλέπτοντες
1108 2809 1175 2871 ἐκ
1219 2819 1329 2909 γῆς
1373 2808 1559 2885 ξόανα
1602 2810 1705 2872 καὶ
1748 2803 2129 2888 θυηπόλουςς

715 2894 874 2968 τίνος
918 2897 1028 2968 τίς
1051 2917 1138 2955 ων
1179 2887 1257 2955 σύ
1300 2891 1473 2973 τήνδ’
1520 2892 1868 2981 ἀπεμπολᾷς
1910 2893 2170 2974 χθονόςς

635 3066 753 3125 Sed
795 3068 931 3143 plus
974 3068 1158 3126 etiam
1202 3066 1573 3127 difficultatis
1618 3067 2049 3143 interpretibus
2082 3061 2585 3126 v.1351—-1353
2618 3069 2801 3127 faces-

465 3151 760 3226 siverunt,
830 3151 892 3210 in
947 3152 1164 3227 quibus
1219 3170 1330 3211 nec
1385 3153 1749 3214 constructio
1804 3149 2096 3228 κλίμακας
2154 3141 2512 3223 σπευδοντες
2568 3152 2803 3213 facilem

464 3238 802 3312 certamque
845 3236 1110 3296 admittit
1151 3238 1738 3313 interpretationem,
1785 3241 1849 3296 et
1893 3237 2186 3297 scalarum
2230 3240 2409 3313 atque
2452 3237 2803 3298 retinaculo-

465 3339 594 3379 rum
638 3321 957 3380 coniuncta
1001 3322 1280 3382 tractatio
1324 3322 1624 3398 quomodo
1669 3323 1919 3399 cogitari
1964 3323 2156 3398 possit
2198 3339 2373 3381 nemo
2405 3321 2597 3382 adhuc
2627 3322 2798 3398 dixit,

464 3406 527 3464 et
570 3398 765 3485 πόντῳ
810 3401 877 3464 δὲ
919 3398 1124 3476 δόντες
1169 3426 1302 3467 611111
1346 3425 1381 3464 6
1423 3407 1737 3483 participio
1784 3407 1991 3467 aoristi
2024 3409 2312 3482 sequente
2342 3403 2642 3465 καθίεσαν
2671 3411 2800 3467 tum

464 3510 499 3548 a
555 3492 739 3550 totius
792 3491 1044 3550 membri
1099 3491 1398 3551 sententia
1452 3511 1746 3552 summam
1810 3491 1995 3552 habet
2058 3491 2498 3552 obscuritatem.
2597 3490 2801 3551 Unum

463 3578 700 3634 tantum
755 3594 829 3635 ex
885 3575 977 3635 his
1033 3579 1128 3636 tot
1183 3577 1487 3652 tantisque
1544 3576 1840 3652 scrupulis
1894 3577 2113 3635 exemit
2169 3576 2471 3635 Seidlerus
2524 3595 2634 3651 pro
2691 3574 2802 3652 τὴν

464 3655 640 3734 ξένην
701 3660 1011 3720 scribendo
1057 3664 1218 3719 τοῖν
1261 3657 1541 3737 ξένοιν,
1596 3661 1757 3737 quod
1813 3679 2016 3720 omnes
2069 3664 2207 3737 post
2262 3679 2399 3720 66111
2453 3665 2803 3737 receperunt

464 3744 718 3804 editores
763 3745 1000 3805 Klotzio
1044 3748 1320 3822 excepto,
1365 3747 1468 3822 qui
1513 3746 1733 3805 iniuria
1762 3746 2248 3823 Musgravianum
2292 3745 2375 3824 τῇ
2419 3742 2589 3826 ξένῃ
2630 3765 2799 3822 prae·

465 3828 626 3891 tulit.
716 3828 926 3890 Cetera
967 3830 1342 3890 incommoda
1386 3831 1489 3906 qui
1533 3831 1826 3906 auferret,
1873 3832 2152 3891 inventus
2196 3832 2287 3889 est
2328 3848 2534 3907 neme,
2596 3850 2800 3929 quam-

467 3933 645 3989 quam
677 3918 739 3973 et
768 3914 1134 3974 emendando
1165 3919 1228 3974 et
1256 3915 1707 3991 interpretando
1753 3916 1899 3976 satis
1940 3915 2193 3976 audaces
2237 3915 2510 3990 fuerunt,
2554 3935 2625 3974 ex
2672 3916 2796 3991 qui·

465 3997 579 4058 bus
634 3999 1043 4094 Musgravium
1116 4003 1354 4061 tantum
1418 4004 1600 4077 atque
1666 4000 1999 4060 Seidlerum
2065 4017 2524 4060 commemorare
2583 4002 2798 4076 placet,

464 4103 720 4159 quorum
775 4084 879 4144 1116
936 4064 1087 4161 ἦγον
1141 4075 1243 4142 διὰ
1298 4092 1484 4162 χερῶν
1526 4081 1874 4162 πρύμνης
1919 4077 1974 4143 τ’
2022 4076 2155 4143 ἄπο
2192 4081 2203 4164 Ι
2240 4078 2498 4143 πόντου
2543 4081 2793 4143 διδόν-

467 4187 582 4239 τος
625 4166 698 4248 τῇ
741 4167 880 4249 ξενῇ
923 4167 1221 4228 καθίεσαν
1264 4170 1531 4247 scripsit,
1577 4171 1673 4230 hic
1699 4189 1842 4231 vero
1872 4169 2069 4229 locum
2098 4171 2183 4229 ita
2211 4170 2559 4245 explicavit:
2606 4170 2798 4246 „alii

465 4272 778 4329 propere
821 4254 1316 4331 applicabant
1358 4256 1602 4315 scalas
1646 4255 2019 4331 simulque
2064 4255 2484 4316 retinacula
2528 4253 2584 4331 (e
2630 4250 2797 4334 navi)

463 4357 597 4413 per
639 4357 897 4398 manus
955 4339 1349 4417 ducebant,
1407 4360 1639 4417 eaque
1691 4341 1767 4400 in
1824 4359 2017 4401 mare
2074 4340 2421 4416 proiecta
2463 4340 2792 4417 hospiti-

464 4422 597 4483 bus
643 4422 1172 4500 demittebant,
1220 4426 1449 4488 scilicet
1489 4431 1558 4487 ut
1600 4425 1811 4489 horum
1856 4444 1966 4505 ope
2005 4444 2219 4488 navem
2256 4424 2499 4506 propius
2537 4426 2613 4488 ad
2653 4426 2797 4486 litus
