3132 5129
417 3372 472 3419 11

1435 352 1891 416 „358-

499 513 791 572 Ultimum
820 530 1058 570 versum
1088 528 1197 569 nec
1243 529 1379 568 cum
1423 508 1913 567 antecedentibus
1958 508 2271 567 cohaerere
2316 510 2377 564 et
2419 507 2686 566 subiecto
2716 526 2838 566 non

497 598 688 657 solum
735 596 838 655 sed
884 596 1063 654 etiam
1109 594 1441 654 accusativo
1488 593 1576 650 rei
1621 612 1740 667 qua
1783 592 1994 652 Peleus
2037 594 2308 668 privetur
2351 609 2547 652 carere
2604 593 2832 666 primus

498 683 732 741 monuit
761 681 1037 740 Bonitius
1088 678 1152 755 [1.
1183 680 1226 739 l.
1257 700 1317 755 p.
1353 673 1543 756 1230]
1562 723 1578 752 ,
1624 678 1728 753 qui
1773 696 1907 736 cum
1949 678 2013 738 in
2043 676 2215 737 libris
2245 677 2559 737 disiunctis
2589 677 2835 742 vocibus

496 762 645 844 μέγα
688 757 891 842 θυμόν
934 766 1237 841 legeretur
1282 762 1662 823 scribendum
1707 763 1979 837 putavit:

753 876 936 960 αὐτή
982 901 1109 940 κεν
1153 878 1359 959 φήμη
1401 901 1503 959 μιν
1547 873 1896 958 ἀπορραίσει
1938 876 2117 957 τάχα
2161 871 2432 955 θυμόν.

499 1004 571 1062 In
617 1023 733 1079 qua
776 1003 1117 1062 coniectura
1160 1003 1220 1061 et
1265 999 1598 1078 asyndeton
1644 999 1922 1076 displicet
1952 1018 2059 1058 nec
2089 998 2246 1075 apud
2280 999 2567 1069 Quintum
2600 1000 2836 1074 quidem

500 1083 628 1146 κέν
671 1088 734 1146 in
776 1087 886 1146 hoc
930 1086 1169 1163 quidem
1215 1086 1484 1147 membro
1532 1105 1666 1144 cum
1710 1086 1913 1143 futuro
1957 1085 2129 1161 iungi
2174 1084 2604 1143 demonstravit
2648 1083 2836 1160 Spitz-

499 1192 679 1232 nerus
735 1174 800 1231 in
857 1172 1178 1233 observatt.
1238 1191 1298 1246 p.
1344 1170 1614 1229 37—39.
1714 1170 1929 1245 Itaque
1983 1168 2174 1228 multo
2228 1170 2493 1244 praestat
2548 1168 2706 1244 quod
2762 1169 2839 1227 ab

501 1259 844 1317 Hermanno
902 1258 1212 1316 inventum
1272 1273 1384 1331 ego
1411 1250 1424 1271 ²
1445 1256 1587 1314 olim
1632 1255 1695 1313 in
1739 1254 2059 1315 emendatt.
2105 1275 2160 1330 p.
2196 1256 2314 1312 193
2362 1254 2665 1330 amplexus
2708 1273 2837 1313 sum

755 1367 909 1455 αὐτῇ
952 1364 986 1432 ὃ
1032 1364 1144 1433 σὺν
1189 1366 1363 1456 φήμῃ
1403 1395 1508 1450 μιν
1551 1366 1897 1453 ἀπορραίσει
1946 1367 2129 1450 τάχα
2178 1364 2428 1449 θυμόν

501 1496 853 1573 pronomine
895 1494 972 1553 ad
1015 1488 1297 1564 πένθος
1340 1494 1553 1553 relato.
1645 1492 1763 1553 Sed
1805 1512 1995 1568 neque
2037 1493 2151 1552 hoc
2193 1492 2482 1552 vocabulo
2526 1484 2712 1569 γήραϊ
2751 1493 2842 1552 in-

504 1582 749 1639 teriecto
797 1580 942 1638 satis
987 1578 1295 1638 commode
1338 1578 1441 1654 fit,
1488 1581 1549 1637 et
1592 1576 1938 1675 scrupulum
1982 1580 2187 1637 movet
2215 1578 2486 1654 quamvis
2514 1577 2672 1637 haud
2704 1596 2838 1654 ope-

503 1685 637 1724 rosa
683 1663 979 1723 clausulae
1025 1664 1310 1739 mutatio,
1358 1668 1421 1722 et
1463 1662 1622 1738 quod
1668 1663 2095 1740 gravissimum
2125 1663 2261 1722 est
2246 1683 2374 1739 ipsa
2406 1664 2839 1722 sententiarum

505 1748 841 1809 consecutio
872 1749 1192 1807 manifesto
1239 1749 1454 1808 obstat.
1531 1748 1685 1807 Nam
1730 1767 1864 1806 cum
1909 1747 2228 1806 senectus
2213 1768 2275 1806 ιιι
2307 1767 2483 1823 quam
2516 1747 2840 1823 illapsurus

506 1837 586 1894 sit
628 1834 840 1892 Peleus
886 1836 1205 1908 propterea
1247 1835 1481 1893 tantum
1524 1820 1848 1905 ἀτερπής
1904 1833 2162 1908 dicatur,
2222 1834 2378 1908 quod
2432 1851 2561 1891 eam
2602 1834 2666 1892 in
2710 1852 2843 1909 gra

506 1921 750 1979 vissimo
796 1918 982 1994 erepti
1026 1917 1137 1976 filii
1175 1936 1442 1977 maerore
1486 1918 1569 1978 sit
1611 1920 1941 1993 tracturus,
1988 1921 2159 1993 patet
2202 1918 2454 1977 eundem
2488 1918 2837 1976 diuturnum

506 2023 834 2063 maerorem
864 2022 984 2062 non
1013 2022 1187 2078 posse
1218 2003 1335 2063 dici
1366 2004 1573 2063 statim
1603 2003 1814 2062 nuntio
1845 2006 2087 2079 accepto
2120 2007 2369 2061 mortem
2405 2003 2583 2062 Peleo
2615 2004 2843 2064 afferre.

505 2090 715 2165 Itaque
759 2106 880 2147 non
925 2088 1163 2170 dubito²
1212 2087 1358 2163 quin
1400 2088 1502 2147 ille
1547 2107 1755 2149 versus
1801 2087 2147 2147 sanissimus
2192 2088 2300 2162 sit,
2362 2088 2465 2149 sed
2519 2091 2662 2147 ante
2706 2108 2843 2147 eum

506 2179 611 2232 aut
642 2193 792 2232 unus
823 2176 929 2232 aut
957 2173 1139 2232 etiam
1182 2173 1384 2249 plures
1429 2172 1786 2249 exciderint,
1832 2172 2050 2249 quibus
2079 2172 2459 2233 acerbissima
2490 2173 2651 2233 Pelei
2681 2175 2839 2234 senis

506 2259 792 2335 decrepiti
836 2258 1132 2334 condicio,
1180 2258 1231 2317 si
1275 2258 1516 2334 quidem
1559 2257 1765 2317 dolore
1811 2258 2059 2317 obrutus
2097 2261 2159 2317 et
2185 2259 2564 2320 contumeliis
2594 2260 2846 2319 affectus
2942 2251 2946 2257 ’

509 2345 734 2404 diutius
780 2345 859 2403 sit
904 2344 1204 2419 victurus,
1251 2344 1582 2403 accuratius
1627 2345 1896 2418 exposita
1939 2343 2073 2403 fuit.

677 2429 747 2487 In
801 2429 998 2488 libro
1055 2430 1319 2505 quarto
1375 2447 1543 2487 error
1606 2447 1784 2504 quem
1849 2430 1979 2503 ipse
2047 2429 2313 2488 commisi
2375 2428 2675 2489 notandus
2732 2433 2842 2491 est.

507 2515 748 2574 Etenim
792 2514 954 2590 quod
999 2513 1120 2572 dixi
1164 2515 1228 2572 in
1272 2513 1593 2574 emendatt.
1640 2534 1698 2590 p.
1736 2514 1854 2572 199
1901 2515 2039 2589 post
2080 2534 2136 2574 v.
2170 2515 2251 2574 85

765 2628 859 2708 μή
905 2651 1058 2702 πως
1101 2623 1488 2710 θαρσήσωσιν
1526 2627 1816 2708 Ἀχιλλέος
1858 2620 2053 2691 οὐκέτ’
2105 2626 2303 2704 ἐόντος

511 2770 572 2828 in
617 2768 828 2827 iisdem
875 2767 1042 2826 codd.
1065 2814 1078 2843 ,
1138 2769 1240 2843 qui
1283 2772 1425 2828 ante
1471 2788 1528 2831 v.
1565 2771 1686 2830 100
1728 2788 1967 2828 versum
2024 2769 2193 2828 illum
2251 2775 2595 2848 corruptum
2644 2775 2851 2834 tenent

511 2855 583 2912 de
630 2872 747 2928 quo
794 2851 1019 2910 ibidem
1063 2854 1342 2929 exposui,
1390 2854 1546 2912 hunc
1591 2871 1827 2950 quoque
1871 2853 2020 2930 legi:
2069 2847 2278 2914 ἀντίον
2321 2850 2632 2932 ἐλθέμεναι
2678 2861 2843 2916 πολε-

509 2937 696 3012 μίζειν
740 2929 1139 3013 μαιμώοντες,
1198 2938 1383 2998 salsus
1428 2955 1560 2997 sum
1606 2957 1674 2996 ea
1717 2939 1779 2996 in
1824 2958 1904 2998 re.
1992 2939 2106 2998 Hic
2149 2942 2307 2999 enim
2354 2961 2560 3002 versus
2607 2943 2668 3001 in
2714 2945 2842 3003 solo

516 3024 740 3100 legitur
786 3022 955 3082 CaeS.
989 3022 1076 3099 A,
1122 3041 1232 3082 nec
1278 3022 1536 3081 dubitari
1583 3026 1781 3098 potest
1823 3023 1966 3098 quin
2011 3026 2086 3083 ab
2130 3025 2304 3085 huius
2348 3027 2487 3085 libri
2532 3022 2849 3105 inter‘·pola

518 3112 647 3167 tore
692 3109 924 3167 effictus
967 3128 1078 3183 pro
1125 3109 1386 3184 genuino
1431 3111 1642 3183 poetae
1675 3128 1852 3167 versu
1896 3109 1998 3185 qui
2044 3129 2183 3169 sane
2229 3111 2410 3185 periit
2453 3113 2532 3171 sit
2559 3115 2844 3175 intrusus,

513 3193 751 3251 Etenim
794 3193 859 3251 in
905 3210 972 3250 eo
1018 3193 1202 3268 libro,
1262 3193 1364 3268 qui
1421 3196 1817 3252 correctorem
1862 3197 2139 3269 expertus
2185 3198 2279 3254 est
2322 3196 2521 3272 epicae
2567 3198 2848 3259 dictionis

516 3297 704 3353 aeque
750 3278 872 3336 fere
915 3277 1219 3353 ignarum,
1266 3281 1443 3353 atque
1487 3297 1681 3354 nuper
1723 3298 1785 3338 se
1829 3279 2094 3338 ostendit
2139 3281 2609 3358 fragmentorum
2652 3284 2846 3359 epico-

515 3383 649 3421 rum
695 3362 943 3421 editor
986 3380 1128 3420 non
1174 3362 1412 3422 bonus
1457 3363 1581 3422 sed
1625 3362 2087 3441 Bonnensi8‚
2133 3366 2268 3441 plus
2313 3366 2497 3426 semel
2540 3367 2713 3427 malis
2762 3369 2850 3427 in·

513 3447 1006 3522 terpolationibus
1049 3447 1292 3508 lacunas
1337 3447 1611 3508 videmus
1654 3449 1954 3525 expletas,
2013 3468 2163 3523 quae
2206 3470 2239 3508 e
2282 3450 2455 3512 bonis
2500 3452 2667 3512 codd.
2713 3472 2849 3530 pro-

513 3533 660 3609 priis
692 3536 902 3609 poetae
931 3531 1127 3592 verbis
1155 3533 1551 3609 integrantur.
1625 3533 1779 3592 Vide
1810 3551 1955 3608 quas
1988 3531 2370 3595 Schowius
2400 3537 2473 3595 ad
2499 3535 2577 3614 ΙΙ,
2612 3539 2691 3597 57
2717 3558 2848 3615 sqq.

515 3638 574 3692 p.
610 3620 708 3677 67.
754 3616 890 3691 VII,
926 3617 1046 3673 224
1070 3636 1198 3693 sqq.
1246 3638 1307 3693 p.
1342 3618 1440 3678 74.
1487 3617 1622 3692 XII,
1659 3620 1780 3678 328
1806 3638 1934 3694 sqq.
1976 3638 2035 3694 p.
2069 3621 2147 3676 81
2195 3638 2265 3679 ex
2324 3640 2392 3680 eo
2437 3622 2633 3683 codice
2676 3626 2852 3684 affert

515 3704 817 3763 lectiones.
886 3701 973 3758 Ex
1005 3721 1073 3760 ea
1118 3701 1529 3763 observatione
1575 3702 1695 3763 iam
1738 3705 1996 3780 aliquem
2043 3704 2301 3763 fructum
2347 3706 2625 3783 capimus.
2693 3709 2851 3767 Nam

517 3788 662 3845 duce
695 3786 860 3845 Caes.
894 3787 947 3842 A
994 3786 1223 3847 duobus
1269 3789 1412 3847 locis
1458 3789 1758 3849 defectum
1805 3807 1930 3850 esse
1960 3790 2352 3850 inveniemus.
2417 3790 2684 3851 Primum
2708 3793 2847 3870 V11,

517 3872 637 3930 632
662 3891 792 3947 sqq.
838 3872 983 3930 haec
1023 3871 1309 3949 leguntur
1352 3873 1424 3930 de
1468 3872 1788 3934 Phoenice.

768 3979 924 4063 ἄμφι
970 3986 1034 4048 δέ
1078 3987 1142 4047 οἷ
1176 3986 1322 4070 μέγα
1366 3984 1560 4068 χάρμα
1607 3987 1706 4048 καὶ
1750 3987 2013 4051 ασπετον
2054 3986 2236 4069 α’λγος
2282 3991 2522 4070 ικανεν,

763 4069 949 4152 αλγος
994 4071 1103 4150 μὲν
1146 4073 1475 4152 μνησθέντι
1518 4070 1823 4148 ποδώκεος
1865 4067 2021 4174 ἄμφ’
2067 4074 2369 4156 Ἀχιλῆος,

771 4180 965 4236 χαρμα
1011 4153 1068 4216 δ’
1118 4153 1245 4238 αρ’,
1289 4156 1510 4220 ουνεκα
1554 4160 1621 4218 οἰ
1655 4153 1941 4240 κρατερὸν
1984 4158 2153 4221 παῖδ’
2203 4157 2515 4240 εἰσενόησε.

516 4295 662 4354 Post
703 4295 862 4354 hunc
904 4296 966 4354 in
1004 4295 1170 4357 Caes.
1217 4297 1273 4356 A
1316 4298 1410 4359 hic
1454 4318 1588 4359 vers
1596 4319 1665 4358 us
1710 4299 1930 4376 legitur
1973 4301 2455 4377 interpolatoris.

770 4408 992 4489 πατρὶ
1037 4412 1260 4496 βίῃφι
1307 4411 1565 4492 ὅμοιον
1612 4408 1710 4477 ἰδ’
1757 4408 1940 4498 ἀλκῇ
1983 4412 2103 4494 ἅμ’
2153 4417 2345 4479 εἴδεϊ
2385 4411 2598 4501 αὐτῷ.
