3132 5129
1403 422 1483 430 —
1570 384 1698 447 380
1791 421 1860 429 —

464 538 555 616 ἔχε
599 538 925 618 μάρτυρα·
974 536 1235 599 λεῦσσέ
1278 535 1333 598 τ’
1389 534 1695 617 Ἀθήνην,
1750 541 1865 600 nisi
1910 541 2068 616 quod
2125 541 2326 614 potius
2383 539 2677 614 particula
2735 533 2799 595 δὲ

462 625 606 684 mihi
652 627 710 684 h.
756 627 799 684 l.
843 626 1082 686 videtur
1112 626 1365 701 requiri,
1411 626 1763 701 praesertim
1795 645 1930 685 eum
1962 626 2204 700 copulae
2247 643 2320 681 τε
2349 624 2509 699 apud
2542 624 2617 682 N.
2651 643 2794 683 usus

461 711 728 769 nondum
775 711 854 769 sit
896 711 1041 771 satis
1086 711 1436 771 illustratus.
1512 710 1767 770 Monuit
1791 710 1864 769 de
1907 729 1977 768 eo
2009 710 2211 768 Lehrs.
2255 711 2297 767 l.
2345 727 2392 768 c.
2438 729 2501 784 p
2537 710 2678 767 227.
2714 742 2791 751 -

465 796 619 854 Tum
664 795 930 872 XXXIX,
977 798 1057 856 84
1102 796 1384 872 legimus:
1444 792 1723 870 ναύμαχα
1766 788 2121 869 κολλήεντα,
2181 789 2316 868 περὶ
2360 782 2672 868 στόμαθ’
2723 794 2800 853 εἷ-

462 876 612 955 μένα
669 882 886 961 χαλκῷ.
976 882 1094 947 Sed
1160 873 1422 955 στόμαθ’
1493 883 1584 941 est
1647 880 2093 939 Rhodomanni.
2163 879 2457 937 editiones
2514 879 2798 955 antiquae

463 966 779 1041 praebent:
827 958 1084 1043 στόμα,
1131 966 1288 1041 quod
1333 971 1492 1024 recte
1539 965 1810 1024 defendit
1843 964 2045 1023 Wern.
2092 963 2134 1022 1.
2167 982 2215 1022 e.
2248 982 2307 1038 p.
2342 963 2464 1022 263
2511 982 2599 1037 e0,
2636 965 2795 1039 quod

465 1058 631 1109 totus
675 1070 880 1111 versus
925 1071 993 1110 ex
1019 1052 1297 1110 Homero
1351 1049 1402 1107 Ο
1448 1052 1570 1109 389
1627 1052 1899 1125 sumptus
1944 1051 2054 1108 est.
2131 1047 2323 1106 Simili
2369 1047 2546 1107 modo
2577 1048 2796 1109 alicubi

465 1157 502 1194 a
544 1135 778 1211 legibus
820 1138 944 1196 suis
988 1136 1229 1196 deflexit
1269 1135 1373 1210 N.,
1432 1136 1533 1195 ubi
1579 1135 1843 1210 integras
1886 1134 2215 1193 locutiones
2275 1152 2345 1191 ex
2390 1132 2650 1192 Homero
2694 1155 2793 1209 pe
2831 1201 2839 1206 .

466 1222 620 1283 tivit.
692 1220 844 1280 Vide
887 1221 1094 1280 Lehrs.
1126 1221 1166 1279 1.
1199 1240 1248 1280 c.
1297 1241 1353 1296 p.
1388 1221 1508 1279 234
1542 1240 1634 1295 sq.
1712 1217 1811 1278 Sic
1856 1217 2166 1293 XXXVII,
2200 1219 2281 1275 44
2313 1213 2466 1275 ἔνθα
2511 1237 2613 1274 και
2646 1214 2798 1275 ἔνθα

465 1307 525 1365 in
572 1325 776 1365 versus
820 1306 937 1365 fine
983 1301 1130 1385 (vid.
1181 1306 1399 1364 Struve
1445 1306 1487 1363 1.
1534 1324 1581 1364 c.
1627 1325 1687 1380 p.
1735 1301 1842 1398 20)
1890 1324 1961 1362 cx
2004 1304 2184 1362 Hom.
2229 1305 2448 1377 κ517;
2496 1303 2629 1377 XL,
2680 1306 2798 1363 113

464 1377 582 1447 κᾶδ
627 1386 690 1448 δέ
730 1410 802 1466 με
846 1383 1030 1466 χήρην
1078 1386 1181 1464 (cf.
1230 1390 1457 1465 Tryph.
1507 1391 1629 1449 228
1677 1376 1792 1445 καδ
1835 1384 1903 1447 δέ
1944 1386 2006 1446 οἱ
2054 1384 2264 1463 ὤμων,
2319 1390 2380 1446 et
2425 1387 2795 1449 Christodor.

463 1475 682 1551 Ecphr.
735 1478 852 1535 158
886 1468 1001 1547 καδ
1047 1470 1111 1532 δὲ
1156 1469 1428 1551 τιθήνης.
1510 1476 1627 1533 186
1661 1464 1773 1530 κὰδ
1821 1468 1885 1531 δὲ
1928 1472 2202 1550 παρειῆς)
2234 1491 2306 1531 ex
2339 1472 2515 1532 Hom.
2547 1473 2611 1530 Ω.
2644 1476 2797 1554 725;

466 1560 611 1620 ibid.
660 1562 781 1618 217
827 1550 1107 1636 ἠραμεθα
1151 1556 1298 1638 μέγα
1343 1557 1523 1628 κιδος
1569 1578 1639 1617 ex
1699 1559 1757 1615 X
1813 1560 1935 1618 393
1985 1558 2088 1636 (cf.
2135 1558 2340 1617 Herm.
2384 1558 2460 1616 ad
2507 1557 2691 1633 Orph.
2737 1579 2799 1634 p.

469 1641 620 1723 718)
666 1648 974 1705 mutuatus
1030 1648 1139 1703 est.
1215 1645 1296 1703 Et
1353 1644 1470 1703 huc
1522 1662 1757 1720 quoque
1812 1644 2071 1719 pertinet
2125 1643 2346 1702 locutio
2403 1635 2519 1720 πρὸ
2569 1638 2798 1719 αστεος,

466 1750 583 1806 qua
627 1730 760 1805 plus
806 1731 986 1789 semel
1030 1730 1105 1791 N.
1168 1748 1309 1787 usus
1353 1732 1460 1788 est.
1511 1761 1583 1770 —
1635 1728 1943 1789 Postremo
1974 1728 2250 1802 XXXIX,
2296 1729 2416 1787 393
2464 1723 2576 1804 νῆ’
2638 1726 2801 1804 ἰδίην

464 1833 594 1873 cum
642 1814 848 1874 Wern.
895 1816 932 1872 l.
980 1834 1028 1874 c.
1075 1835 1129 1890 p.
1181 1816 1298 1872 165
1343 1815 1406 1872 in
1453 1812 1639 1887 νηῦν
1685 1811 1847 1886 ἰδίην
1888 1813 2107 1873 mutari
2151 1812 2346 1872 debet.

634 1898 768 1975 VH,
817 1901 939 1959 328
972 1918 1058 1976 sq.
1105 1899 1178 1958 de
1205 1897 1376 1975 Iove,
1427 1899 1529 1975 qui
1575 1899 1871 1975 serpentis
1916 1899 2166 1958 formam
2207 1897 2487 1977 indutus,
2537 1900 2799 1960 Semeles

465 1985 705 2060 nuptias
748 1985 905 2044 adit:

1039 2103 1113 2111 —
1166 2063 1403 2139 δράκων
1447 2065 1515 2127 δέ
1557 2089 1646 2139 τις
1688 2061 1944 2166 ἆγκύλος
1988 2063 2207 2163 ἕρπων

720 2150 1150 2231 θαρσαλέης
1203 2152 1447 2230 λιχμᾶτο
1492 2149 1820 2231 ῥοδόχροον
1863 2142 2086 2229 αὐχένα
2135 2143 2388 2227 νύμφης.

469 2257 669 2329 Quid?
716 2256 971 2332 Semele,
1020 2275 1151 2315 cum
1198 2256 1400 2332 draco,
1447 2275 1622 2331 quern
1666 2256 1967 2316 nesciebat
2011 2256 2186 2313 deum
2232 2273 2389 2330 esse,
2437 2257 2625 2332 ipsius
2670 2258 2795 2316 col-

466 2343 590 2401 lum
635 2341 874 2417 lambit,
922 2302 1066 2400 n’ihil
1114 2341 1255 2400 mali
1300 2341 1582 2416 timebat,
1646 2344 1951 2416 metusque
1996 2359 2201 2415 expers
2260 2341 2524 2401 mansit?
2595 2342 2791 2402 Immo

465 2448 643 2503 quam
690 2428 946 2486 maximo
991 2430 1219 2486 terrore
1249 2427 1543 2503 virginem
1591 2427 1807 2502 corripi
1840 2429 2300 2485 consentaneum
2332 2428 2475 2502 erat,
2521 2430 2591 2486 ut
2618 2429 2796 2486 etiam

383 2574 402 2593 ‚
469 2513 737 2589 Europa,
785 2512 927 2571 dum
971 2532 1007 2572 a
1049 2511 1191 2572 Iove
1236 2513 1298 2571 in
1345 2515 1587 2571 taurum
1621 2514 1850 2571 mutato
1883 2529 2059 2587 super
2088 2529 2249 2571 mare
2279 2513 2571 2587 portatur,
2619 2532 2796 2589 supra

468 2599 514 2672 I,
565 2599 642 2657 56
690 2598 848 2657 dicta
892 2601 1050 2658 erat:
1113 2595 1341 2671 δείματι
1383 2593 1738 2671 παλλομένη.
1811 2597 2018 2671 Itaque
2072 2597 2199 2654 sine
2256 2597 2438 2656 dubio
2495 2599 2798 2675 corrigen-

469 2684 642 2740 dum:
702 2677 1111 2759 ταρβαλέης
1165 2682 1440 2757 λιχμᾶτο,
1499 2682 1657 2759 quod
1711 2683 2067 2742 adiectivum
2124 2682 2467 2755 saepissime
2519 2684 2675 2759 apud
2719 2683 2796 2744 N.

464 2767 703 2844 legitur.
779 2766 1046 2825 Eandem
1105 2785 1309 2826 vocem
1366 2767 1545 2827 etiam
1602 2767 1740 2842 XV,
1800 2768 1880 2826 84
1936 2766 2369 2824 restituendam
2425 2786 2583 2843 esse,
2638 2771 2799 2827 recte

465 2853 698 2910 monuit
741 2850 1027 2911 Graefius.
1102 2852 1258 2911 Male
1303 2853 1460 2911 enim
1503 2853 1681 2912 hodie
1725 2851 1809 2911 ibi
1854 2851 2076 2928 legitur

718 2972 816 3026 θα
831 2969 924 3046 μβ
936 2989 976 3027 α
988 2971 1018 3027 λ
1031 2965 1059 3028 έ
1072 2990 1104 3029 ο
1118 2990 1139 3026 ι
1155 2991 1183 3040 ς
1229 2965 1294 3029 δὲ
1337 2963 1580 3029 πόδεσσι
1622 2958 1833 3047 φυγών
1875 2965 2270 3047 μελανόχροος
2313 2961 2489 3047 ἀνήρ.

464 3071 617 3131 vide
661 3071 796 3147 xx,
844 3074 965 3132 352

718 3194 748 3230 τ
762 3195 800 3231 α
813 3195 847 3252 ρ
860 3172 899 3250 β
914 3196 951 3231 α
963 3175 994 3231 λ
1010 3170 1037 3232 ε’
1051 3193 1081 3230 ο
1095 3195 1116 3231 ι
1131 3195 1160 3242 ς
1205 3170 1266 3232 δὲ
1312 3166 1554 3232 πόδεσσι
1603 3161 1815 3251 φυγὼν
1856 3166 2130 3250 ἆκίχητος
2175 3165 2387 3248 ὁδίτης.

371 3301 374 3306 “
469 3293 662 3353 Simili
709 3293 885 3352 modo
928 3296 1233 3369 peccatum
1280 3291 1520 3369 XLVII,
1570 3294 1712 3378 581,
1760 3293 1861 3352 ubi
1909 3294 2074 3353 editt.
2118 3296 2269 3354 antt.
2316 3293 2629 3369 praebent:

723 3389 1139 3472 θηγαλέοις
1183 3388 1528 3469 στομάτεσσι
1574 3391 1765 3471 μάχης
1810 3384 2152 3472 αλαλαγμὸν
2196 3388 2430 3454 ἰάλλων.

471 3513 739 3572 Graefius
793 3513 1073 3573 audacter
1134 3509 1475 3589 φρικαλέοις
1531 3515 1829 3589 reposuit..
1895 3513 2011 3573 Sed
2066 3513 2140 3572 N.
2199 3516 2537 3590 scripserat:
2594 3533 2799 3591 τρηχα-

468 3595 650 3667 λέοις;
695 3599 770 3658 cf.
821 3598 936 3673 VI,
986 3600 1103 3658 201
1153 3593 1470 3673 τρηχαλέον
1513 3591 1775 3676 μύκημα.
1850 3597 2108 3660 Omnino
2165 3603 2362 3658 autem
2420 3599 2798 3676 monendum,

469 3682 546 3742 N.
593 3684 1068 3760 frequentissime
1115 3683 1207 3742 his
1254 3683 1564 3744 adiectivis
1609 3685 1672 3742 in
1722 3679 1912 3752 -αλέος
1957 3684 2366 3743 desinentibus
2422 3703 2593 3743 usum
2651 3703 2796 3761 esse,

467 3769 550 3827 ita
602 3771 674 3826 ut
729 3787 851 3828 non
910 3767 1122 3827 inutile
1182 3769 1481 3843 videatur,
1552 3769 1818 3828 subicere
1875 3769 1969 3828 hie
2024 3787 2227 3828 eorum
2281 3761 2569 3845 indicem,
2624 3789 2797 3845 quem

348 3855 446 3905 645
477 3857 675 3912 tamen
711 3854 926 3930 maugeii
973 3854 1152 3912 etiam
1184 3872 1357 3929 posse
1386 3853 1665 3912 arbitror.
1743 3854 2137 3913 Inveniuntur
2164 3857 2366 3913 autem
2397 3854 2568 3914 haec:
2614 3873 2795 3931 γηρα·

467 3933 626 4014 λέος,
675 3934 1011 4015 δαιδαλέος,
1060 3933 1369 4013 διψαλέος,
1414 3933 1795 4015 θαμβαλέος,
1840 3933 2203 4015 θαρσαλέος,
2248 3934 2581 4036 θήγαλεός,
2627 3938 2797 4016 ἰκμα-

468 4018 633 4119 λέος,
677 4019 1023 4103 κερδαλέος,
1068 4018 1408 4099 λεπταλὲος,
1442 4021 1793 4098 λυσσαλέος,
1824 4019 2148 4098 μυδαλὲος,
2180 4021 2465 4096 οἰδαλέος,
2496 4014 2798 4100 ὀκναλέος,

467 4096 772 4183 ὀπταλέος,
817 4105 1153 4182 πειναλέος,
1197 4105 1548 4178 πενθαλέος,
1595 4103 1852 4178 πιαλέος,
1900 4105 2198 4186 σιγαλέος,
2243 4105 2618 4184 σμερδαλέος,
2663 4128 2795 4184 ταρ-

468 4189 701 4268 βαλέος,
746 4189 1078 4268 τινθαλέος,
1126 4187 1471 4270 τρηχαλέος,
1517 4187 1857 4290 φοιταλέος,
1904 4188 2239 4267 φρικαλέος,
2286 4189 2600 4269 φυσαλέος,
2646 4189 2817 4265 ψευέ

469 4271 693 4347 δαλέος.
767 4279 901 4338 Non
948 4279 1074 4338 sine
1105 4296 1280 4338 causa
1317 4279 1460 4337 haec
1489 4278 1733 4355 collegi.
1780 4278 1899 4337 iam
1931 4277 2117 4352 enim,
2165 4278 2404 4354 opinor,
2461 4279 2608 4354 quid
2648 4278 2796 4354 Try-

468 4361 822 4438 phiodorus,
868 4366 1192 4439 perpetuus
1235 4364 1333 4423 ille
1381 4363 1584 4422 Nonni
1627 4366 1912 4438 sectator,
1959 4383 2017 4421 v.
2053 4363 2173 4421 395
2206 4382 2296 4439 sq.
2342 4363 2659 4439 scripserit,
2705 4364 2793 4422 in·

470 4446 838 4522 tellegemus.
911 4448 1004 4506 Ibi
1049 4448 1192 4509 haec
1235 4451 1520 4526 leguntur
1564 4448 1626 4507 in
1672 4449 1939 4507 oratione
1985 4445 2377 4508 Cassandrae:
