3132 5129
426 1051 458 1097 4
539 1026 548 1033 .

426 4484 458 4532 ὅ

1427 426 1879 489 -516-

977 576 1041 640 τὰ
1088 578 1199 658 μὲν
1239 580 1591 661 πρόθυμον,
1638 580 1783 659 πρίν
1825 556 1890 640 οε
1935 575 2105 658 δεῦρ’
2156 575 2377 656 ἐλθεῖι,
2425 576 2542 656 ἔχω

739 676 842 723 990
885 664 1087 745 ’Ἀργει
1129 665 1415 744 γενέσθαι
1458 664 1560 725 καὶ
1609 662 1695 743 σέ,
1742 660 2019 744 σύγγον’,
2066 662 2339 725 εἰσιδεῖν·

889 748 1050 810 θέλω
1095 745 1152 807 δ’
1171 749 1350 847 ὅπερ
1394 750 1503 810 ου’·
1551 747 1619 809 σέ
1661 770 1721 809 τε
1765 750 2124 827 μεταστῆσαι
2166 744 2378 809 πόνων

894 827 1188 896 νοσοῦντά
1231 830 1281 893 τ’
1335 829 1533 914 οἶκον,
1590 828 1720 913 οὐχὶ
1769 835 1850 917 τῷ
1893 831 2174 894 κτανόντι
2216 854 2287 912 με

890 918 1275 999 θυμουμένη,
1323 923 1603 1004 πατρῷον
1646 895 1920 1000 ὀρθῶσαι
1962 916 2140 978 θέλω.

652 1042 787 1101 Huc
830 1060 1020 1117 usque
1061 1043 1263 1100 omnia
1306 1041 1493 1117 probe
1523 1041 1865 1101 decurrunt.
1940 1039 2101 1097 Dicit
2130 1038 2442 1114 Iphigenia
2470 1057 2533 1096 se
2577 1041 2638 1097 et
2665 1040 2821 1111 ante,

489 1146 670 1203 quam
715 1127 900 1185 frater
947 1126 1062 1185 huc
1104 1127 1449 1202 advenerit,
1497 1127 1694 1203 Argos
1737 1123 2025 1184 redeundi
2070 1125 2387 1199 ipsumque
2432 1122 2673 1182 videndi
2719 1122 2820 1179 de-

487 1212 704 1271 siderio
749 1214 975 1270 motam
1019 1230 1146 1271 esse
1192 1243 1270 1252 —
1317 1211 1378 1269 id
1434 1211 1594 1286 quod
1650 1211 1767 1268 iam
1814 1208 1983 1267 fatali
2029 1208 2133 1267 illa
2189 1208 2445 1284 epistula
2499 1207 2825 1266 declaravit

490 1330 566 1339 -
613 1300 677 1354 et
729 1314 888 1355 nunc
942 1296 1097 1363 idem
1160 1300 1339 1371 atque
1393 1296 1639 1354 fratrem
1698 1293 1881 1368 velle,
1938 1296 2010 1351 ut
2062 1297 2123 1352 et
2177 1294 2374 1368 ipsum
2427 1312 2465 1351 a
2518 1292 2823 1351 laboribus

487 1381 705 1441 liberet
761 1384 822 1439 et
874 1384 1186 1455 paternam
1232 1381 1476 1439 domum
1531 1400 1569 1439 a
1626 1379 1790 1439 clade
1848 1396 1954 1437 sua
2009 1378 2231 1454 erigat,
2290 1378 2450 1452 quod
2503 1381 2823 1451 utrumque

485 1465 839 1525 beneficium
887 1470 1124 1524 tantum
1170 1465 1369 1524 ablato
1416 1466 1587 1541 signo
1619 1464 1813 1539 parari
1859 1480 2029 1539 posse
2061 1481 2134 1520 ex
2166 1462 2374 1522 Oreste
2405 1463 2599 1521 scivit.
2662 1462 2824 1519 Haec

487 1551 689 1609 omnia
734 1569 868 1607 cum
912 1550 1261 1625 planissima
1306 1551 1451 1623 sint,
1508 1550 1741 1607 mireris
1784 1548 2085 1623 profect0,
2143 1547 2288 1622 quid
2333 1548 2444 1622 sit,
2472 1556 2478 1561 ⁴
2504 1546 2661 1622 quod
2703 1565 2823 1604 non

489 1637 684 1693 solum
726 1634 1036 1693 Nauckius
1079 1655 1136 1694 v.
1186 1636 1310 1693 990
1354 1637 1700 1709 suspectum
1743 1633 1981 1707 habuit,
2028 1650 2146 1707 quo
2178 1635 2406 1691 remoto
2454 1633 2667 1690 misere
2697 1632 2826 1688 hiat

486 1719 817 1793 sententia,
864 1738 1000 1777 cum
1042 1722 1182 1777 ante
1226 1718 1588 1793 colloquium
1633 1737 1765 1777 cum
1799 1715 2008 1776 Oreste
2036 1716 2304 1775 habitum
2350 1716 2663 1812 Iphigenia
2691 1734 2824 1791 pro-

487 1804 644 1862 fecto
689 1802 794 1861 illa
837 1803 910 1861 de
955 1804 1159 1861 fratris
1201 1807 1384 1878 atque
1429 1804 1641 1861 domus
1687 1801 1953 1862 cladibus
1996 1821 2032 1859 a
2077 1821 2139 1861 se
2183 1800 2462 1861 sanandis
2508 1801 2658 1860 scire
2700 1819 2823 1859 non

487 1888 773 1962 potuerit,
806 1887 907 1946 sed
940 1889 1121 1946 etiam
1156 1888 1511 1964 intellegens
1543 1886 1654 1946 hoc
1686 1886 1940 1946 Kvicala
1984 1889 2185 1944 tamen
2229 1889 2289 1944 et
2322 1888 2449 1961 ipse
2490 1885 2648 1944 hunc
2693 1904 2825 1943 ver·

486 1992 619 2031 sum
666 1972 984 2030 delendum
1015 1974 1274 2045 censuit,
1321 1971 1731 2031 incredibilem
1756 1989 1894 2031 vero
1927 1972 2122 2030 verbis
2152 1968 2294 2047 πρίν
2324 1985 2387 2026 σε
2422 1963 2584 2068 δεῦρ’
2619 1966 2824 2027 ἐλθεῖν

487 2055 979 2131 significationem
1025 2057 1261 2131 intulit,
1330 2075 1401 2115 ea
1445 2059 1512 2114 ut
1555 2056 1869 2115 denotent:
1939 2059 2340 2130 antequam
2400 2059 2478 2113 tu
2533 2056 2604 2113 in
2660 2073 2824 2112 ora·

488 2141 700 2199 tione
746 2145 877 2199 tua
932 2141 1020 2200 ad
1072 2158 1328 2217 preces
1387 2140 1897 2215 descenderiS,
1956 2138 2114 2214 quod
2170 2156 2278 2199 nec
2334 2139 2438 2198 illo
2498 2135 2688 2197 ἐκεῖσε
2746 2132 2824 2211 δὴ

482 2218 770 2283 ’πάνελθε
816 2244 871 2284 v.
920 2226 1041 2285 256
1086 2244 1196 2285 nec
1251 2225 1382 2285 aliis
1425 2225 1600 2300 locis,
1659 2227 1763 2301 qui
1818 2223 2045 2283 similes
2102 2225 2384 2283 videntur
2438 2223 2823 2283 dissimillimi

487 2313 656 2387 sunt,
703 2310 930 2369 firmari
974 2329 1147 2387 posse
1190 2329 1365 2370 nemo
1410 2329 1530 2370 non
1574 2309 1763 2369 videt.
1840 2308 1972 2367 Hoc
1999 2327 2139 2368 vero
2170 2313 2240 2368 ut
2269 2312 2577 2383 statueret,
2623 2313 2822 2367 motus

486 2415 614 2454 esse
657 2395 893 2455 videtur
937 2414 1034 2471 e0,
1094 2396 1251 2472 quod
1297 2396 1495 2455 verbis
1539 2389 1605 2452 τὸ
1661 2389 1796 2468 μὲν
1838 2386 2159 2471 πρόθυμον
2200 2426 2280 2436 -
2328 2388 2439 2468 ἔχω
2486 2394 2824 2469 oppositum

487 2498 613 2539 esse
659 2479 990 2539 membrum
1035 2475 1147 2554 τὴν
1189 2468 1344 2537 θεὸν
1386 2469 1444 2537 δ’
1507 2498 1668 2549 οπως
1726 2480 1801 2537 ab
1858 2478 2029 2538 initio
2086 2479 2198 2537 sibi
2255 2482 2661 2553 persuaserat,-
2718 2478 2820 2553 qui

486 2584 654 2624 error
696 2567 873 2625 simul
918 2566 1102 2624 alium
1146 2585 1407 2625 errorem
1450 2566 1707 2642 peperit,
1753 2569 1823 2623 ut
1867 2557 1932 2622 τὸ
1977 2557 2090 2639 μὲν
2131 2559 2456 2641 πρόθυμον
2490 2597 2564 2606 -
2613 2558 2724 2638 ἔχω
2766 2567 2827 2621 et

485 2646 648 2706 θέλω
690 2639 748 2706 δ’
797 2645 951 2750 ἅπερ
995 2648 1070 2708 σύ
1114 2669 1298 2709 unum
1327 2651 1602 2726 idemque
1632 2649 1967 2746 significare
1996 2651 2254 2723 putaret.
2329 2649 2453 2708 Nec
2482 2649 2633 2708 nihil
2665 2648 2821 2706 idem

488 2733 590 2792 ille
634 2752 805 2792 error
848 2728 1173 2809 ἅρχέκακος
1219 2734 1294 2792 ad
1340 2753 1466 2792 eam
1514 2735 1854 2809 opinionem
1887 2733 2168 2793 Kvicalae
2214 2734 2499 2809 contulit,
2548 2752 2668 2809 qua
2695 2734 2823 2791 lon·

487 2819 621 2894 gius
667 2819 846 2876 etiam
891 2819 1164 2877 Nauckio
1210 2837 1556 2894 progressus
1602 2821 1723 2877 tres
1753 2837 1989 2894 quoque
2033 2837 2242 2878 versus
2275 2819 2609 2877 992—994
2640 2819 2826 2877 inter-

491 2900 749 2977 polando
796 2903 999 2962 illatos
1043 2921 1169 2962 esse
1199 2904 1466 2978 putavit,
1514 2921 1869 2979 quamquam
1902 2902 2037 2961 huic
2065 2903 2304 2978 quidem
2334 2904 2602 2979 opinioni
2631 2903 2827 2961 multo

487 2987 677 3045 maius
696 2987 1105 3046 adiumentum
1136 3007 1205 3046 ex
1235 2987 1538 3062 sequentis
1568 2987 1821 3045 membri
1853 2991 2090 3064 σφαγῆς
2119 3007 2178 3044 τε
2208 2983 2320 3065 γὰρ
2363 2986 2470 3063 σῆς
2501 3020 2584 3030 —
2613 2984 2825 3056 οἴκους

486 3071 740 3146 pessima
784 3089 914 3130 cum
960 3070 1452 3132 antecedentibus
1483 3072 1870 3131 commissura
1896 3073 2172 3132 accedere
2215 3073 2420 3132 statim
2466 3072 2821 3131 videbimus

489 3155 607 3214 Sed
653 3175 832 3230 quam
875 3156 1073 3216 hiulca
1115 3155 1400 3216 Kvicalae
1455 3158 1812 3216 remanserit
1854 3159 2071 3232 oratiO,
2117 3158 2244 3232 ipse
2288 3156 2491 3216 videas
2520 3175 2765 3232 quaeso:

742 3273 841 3322 989
887 3262 952 3325 τὸ
995 3262 1106 3341 μὲν
1146 3259 1490 3364 πρόθυμον,
1535 3264 1682 3340 πρίν
1724 3282 1788 3324 σε
1831 3259 2001 3345 δεῦρ’
2048 3262 2270 3342 ἐλθεῖν,
2316 3263 2451 3343 ἔχω,

744 3358 842 3407 991
888 3347 1048 3409 θέλω
1093 3345 1154 3407 δ’
1202 3343 1354 3428 ὅπερ
1397 3348 1497 3427 σύ,
1542 3347 1608 3409 σέ
1651 3371 1711 3409 τε
1753 3359 2109 3429 μεταστῆσαι
2150 3349 2375 3426 πόνων,

743 3443 844 3491 995
891 3451 1144 3513 σωσαιμι
1189 3431 1248 3494 δ’
1299 3433 1534 3506 οἴκους·
1585 3431 1701 3509 τὴν
1742 3432 1892 3495 θεὸν
1939 3432 1996 3492 δ’
2044 3455 2207 3507 οπως
2254 3430 2424 3495 λάθω
2454 3440 2566 3496 etc.

492 3545 562 3603 In
609 3564 726 3620 qua
766 3564 877 3604 nec
919 3541 1030 3620 μέν
1059 3547 1355 3622 prioribus
1397 3546 1626 3606 duabus
1655 3546 1961 3622 particulis
1991 3548 2422 3622 praetermissis
2466 3547 2540 3605 ad
2587 3548 2824 3606 tertiam

494 3632 734 3688 demum
779 3632 1150 3690 referendum
1197 3650 1305 3691 nec
1350 3635 1486 3707 post
1530 3626 1598 3688 σέ
1642 3652 1700 3689 τε
1745 3631 2099 3708 μεταστῆσαι
2144 3652 2260 3689 ποι
2266 3653 2351 3690 ων
2394 3636 2624 3692 mutata
2667 3632 2825 3691 scili-

493 3717 589 3773 cet
633 3716 1074 3775 constructione
1118 3716 1320 3775 illatus
1365 3716 1623 3775 secunda
1665 3717 1962 3792 particula
2017 3713 2086 3775 δέ
2138 3719 2444 3792 optativus
2501 3718 2640 3776 ferri
2696 3717 2824 3775 ullo

488 3798 665 3858 modo
710 3802 928 3875 potest.

658 3884 793 3943 Duo
839 3889 979 3946 sunt
1022 3886 1084 3944 in
1127 3885 1220 3944 his
1251 3885 1549 3960 versibuS,
1599 3886 1669 3945 de
1706 3887 1968 3962 quibus
1951 3905 2198 3962 insuper
2228 3888 2475 3947 dicatur.
2550 3887 2819 3946 Primum

488 3970 648 4028 enim
692 3969 941 4029 offendit
982 3970 1231 4030 verbum
1278 3966 1434 4029 θέλω
1480 3975 1540 4029 et
1585 3973 1773 4047 primo
1818 3975 1879 4030 et
1909 3976 2209 4046 postremo
2241 3972 2496 4030 membri
2540 3972 2671 4030 loco
2714 3990 2820 4047 po-

489 4055 689 4113 situm.
765 4055 1022 4114 Defendi
1067 4055 1124 4112 id
1171 4058 1397 4130 poterit
1439 4075 1559 4114 una
1589 4058 1846 4130 ratione,
1896 4075 2071 4132 quam
2119 4057 2421 4116 Seidlerus
2467 4058 2583 4116 iarn
2630 4057 2823 4115 intro-

490 4138 692 4213 duxit,
740 4143 808 4199 ut
852 4139 979 4198 colo
1023 4143 1162 4215 post
1206 4138 1283 4199 σύ
1328 4143 1523 4217 posito
1571 4141 1688 4201 duo
1720 4141 2043 4200 habeamus
2088 4141 2354 4200 membra
2398 4143 2563 4200 iuxta
2604 4143 2817 4217 posita,

488 4243 670 4281 unum
715 4224 1007 4299 generalis
1053 4227 1413 4302 sententiae,
1461 4226 1710 4284 alterum
1757 4226 1933 4302 duas,
1979 4246 2125 4302 quas
2156 4227 2323 4302 cupit
2351 4225 2680 4303 Iphigenia,
2725 4245 2819 4284 res

489 4308 707 4366 diserte
736 4327 1106 4368 enumerans.
1181 4311 1261 4370 Et
1301 4312 1530 4387 placuit
1571 4330 1763 4386 nuper
1790 4313 1934 4371 haec
1964 4312 2118 4370 ratio
2148 4311 2531 4372 vehementer
2558 4311 2813 4384 Klotzio,

487 4390 590 4449 bui
618 4393 766 4467 „hoc
789 4394 1043 4469 ipsum“,
1071 4396 1283 4471 inquit,
1311 4396 1424 4473 „ab
1441 4395 1759 4471 Iphigenia
1780 4399 2036 4456 maximo
2063 4415 2236 4471 opere
2257 4400 2385 4455 erat
2407 4397 2816 4471 premendum,

483 4477 556 4534 de
602 4495 710 4536 sua
764 4479 1076 4539 voluntate
1135 4481 1395 4540 dubitari
1454 4480 1628 4555 plane
1686 4500 1804 4540 non
1863 4480 2096 4557 posse.“
2179 4481 2401 4539 Verum
2462 4482 2620 4540 enim
2679 4499 2819 4540 vero
