3132 5129
1405 347 1864 410 —498—

399 508 402 513 ’
471 507 571 565 sed
626 506 805 565 etiam
860 506 1076 580 Deam,
1134 523 1282 580 quae
1337 524 1400 565 se
1457 504 1575 579 ipsi
1633 504 2108 564 inimicissimum
2150 504 2389 564 vincere
2439 504 2802 580 nequiverit,

368 2637 434 2684 36

470 610 650 666 quam
680 590 940 665 turpiter
981 608 1091 649 nec
1132 589 1322 648 filium
1354 590 1617 649 Aeneam
1649 589 1954 665 Diomedi,
2001 608 2108 649 nec
2151 590 2438 648 amasium
2473 589 2800 647 Adonidem

471 695 616 751 apro
661 676 890 750 eripere
932 675 1221 750 potuerit,
1280 675 1657 734 acerbissime
1702 675 2187 735 commonefacit:
2246 676 2419 734 abeat
2462 674 2533 732 ad
2564 674 2800 733 ⁴Anchi-

471 780 595 821 sem
652 762 986 835 iterumque
1053 759 1126 818 ab
1185 778 1255 820 eo
1322 758 1509 819 filium
1568 760 1865 835 concipiat
1924 760 2059 835 (hoc
2114 779 2150 819 a
2206 759 2535 820 castissimo
2589 760 2803 818 iuvene

473 866 528 906 v.
565 846 685 904 105
706 864 795 921 sq.
844 848 905 904 et
948 846 1279 921 aposiopesi
1323 848 1385 904 et
1427 845 1694 904 obscuris
1740 845 1934 906 verbis
1990 844 2065 903 ad
2110 836 2342 920 φώριον
2385 837 2576 902 εὐνάν
2628 844 2802 918 perti-

470 929 754 990 uentibus
807 927 1150 1005 indicatur),
1208 949 1243 988 a
1299 948 1415 1005 quo
1471 930 1882 989 interficiendo
1927 948 2070 988 num
2115 930 2461 989 Diomedem
2507 927 2802 987 deterrere

473 1015 664 1089 possit
706 1014 1020 1089 Daphnide
1061 1016 1397 1089 nominate,
1444 1016 1789 1090 experiatur
1833 1010 1967 1092 (str.
1999 1008 2115 1092 β’);
2163 1015 2338 1074 abeat
2365 1014 2440 1072 ad
2468 1012 2806 1072 Adonidem

472 1100 671 1160 ovium
713 1102 1016 1176 pastorem
1061 1102 1235 1175 atque
1279 1099 1563 1176 ignavum
1613 1102 1985 1175 venatorem,
2031 1105 2102 1157 ut
2144 1099 2373 1175 videat,
2418 1118 2563 1158 num
2607 1098 2803 1173 Daph·

470 1183 630 1243 nidis
674 1185 945 1260 exemplo
989 1203 1198 1259 aprum
1245 1202 1511 1244 coercere
1554 1185 1747 1260 possit
1790 1177 2059 1262 (antistr.
2088 1181 2200 1264 β’).
2285 1185 2476 1259 Hanc,
2524 1202 2700 1260 quam
2746 1186 2808 1241 et

472 1270 852 1345 transpositis
883 1269 1155 1329 versibus
1206 1270 1324 1327 112
1350 1288 1437 1346 sq.
1487 1273 1547 1328 et
1592 1287 1723 1328 meo
1768 1270 2166 1345 qualicunque
2211 1270 2627 1344 supplemento
2669 1270 2809 1343 post

474 1356 597 1413 110
639 1354 835 1430 posito
892 1354 1161 1429 restitui,
1220 1354 1540 1430 genuinam
1597 1355 1780 1413 fuisse
1833 1358 2041 1430 poetae
2088 1355 2441 1413 sententiam
2488 1352 2634 1411 mihi
2679 1353 2805 1428 qui·

470 1438 605 1497 dem
650 1436 1174 1513 persuasissimum
1216 1441 1325 1499 est.
1412 1438 1503 1497 De
1545 1440 1782 1516 vulgari
1829 1439 2235 1499 obscurissimi
2279 1438 2421 1499 olim
2464 1438 2578 1497 loci
2623 1437 2803 1495 inter-

470 1524 805 1599 pretatione
850 1542 1027 1599 supra
1072 1523 1320 1583 dictum.

638 1608 765 1666 Iam
823 1609 968 1667 satis
1024 1625 1294 1683 represso
1351 1607 1600 1667 Veneris
1652 1608 1926 1668 inimicae
1980 1609 2282 1685 triumpho
2350 1608 2580 1667 tertia
2633 1610 2804 1681 parte

470 1691 738 1767 Daphnis
769 1692 1027 1766 primum
1072 1692 1264 1751 feris
1310 1696 1493 1769 atque
1524 1693 1712 1768 sylvis
1742 1694 2058 1769 fluviisque
2089 1690 2229 1774 (str.
2259 1689 2361 1768 α’),
2408 1695 2537 1751 tum
2582 1710 2803 1767 pecu·

470 1777 689 1835 dibus
734 1777 856 1835 suis
886 1776 1164 1835 valedicit
1205 1777 1322 1835 iam
1368 1778 1442 1837 ad
1487 1778 1712 1838 inferos
1758 1779 2144 1838 descensurus
2190 1775 2455 1857 (antistr.
2495 1767 2601 1853 α’).
2678 1776 2806 1835 Has

470 1861 563 1919 hic
607 1879 840 1936 quoque
883 1860 1138 1936 pecudes
1184 1865 1343 1921 certo
1388 1865 1807 1939 supplemento
1850 1873 1888 1922 a
1919 1883 2011 1921 me
2041 1863 2237 1922 illatas
2270 1882 2397 1923 esse
2428 1866 2489 1922 et
2519 1882 2576 1922 v.
2604 1861 2686 1919 74
2710 1880 2803 1936 sq.

469 1949 609 2020 post
662 1947 736 2003 71
774 1963 860 2021 sq.
919 1949 981 2004 et
1031 1945 1146 2021 ipsi
1204 1966 1407 2007 versus
1469 1949 1592 2009 120
1620 1968 1708 2025 sq.
1770 1948 2121 2023 ostendunt,
2181 1967 2329 2023 quos
2385 1946 2630 2006 ultimos
2685 1946 2804 2003 iam

470 2030 634 2089 vides
679 2048 839 2089 nunc
881 2029 1121 2089 demum
1166 2049 1273 2090 suo
1318 2032 1438 2090 frui
1484 2034 1782 2108 acumine,
1842 2053 2003 2108 cum,
2062 2033 2113 2091 si
2159 2031 2425 2108 Hauptio
2471 2031 2617 2089 duce
2662 2034 2807 2106 post

470 2134 526 2173 v.
565 2115 686 2173 130
726 2115 1190 2191 translocentur,
1248 2116 1396 2176 mire
1451 2121 1593 2193 post
1635 2118 1813 2177 Panis
1868 2137 2002 2177 cum
2046 2117 2287 2194 syringe
2330 2116 2598 2175 advocati
2642 2132 2808 2174 men-

468 2200 692 2259 tionem
736 2200 948 2260 iterum
994 2200 1175 2261 boves
1221 2220 1353 2260 cum
1395 2203 1601 2262 vitulis
1644 2203 2003 2263 inferuntur.
2070 2203 2201 2261 Iam
2246 2201 2511 2261 Panem
2557 2199 2805 2258 ubicun-

469 2304 583 2360 que
627 2289 895 2344 moretur
934 2282 1072 2362 (str.
1105 2280 1192 2365 β’)
1223 2286 1505 2346 advenire
1552 2287 1720 2347 iubet
1762 2307 1895 2348 cum
1941 2286 2184 2363 syringe
2229 2306 2363 2362 sua,
2410 2288 2478 2344 ut
2519 2285 2799 2343 morienti

469 2370 583 2430 sibi
631 2369 941 2429 funebrem
987 2370 1314 2429 meditetur
1357 2372 1713 2431 cantilenam
1762 2369 1893 2450 (str.
1925 2370 2005 2449 γ’)
2050 2374 2298 2448 propter
2327 2370 2801 2430 crudelissimum

469 2474 644 2514 suum
689 2455 881 2513 fatum
925 2456 1039 2514 toti
1072 2474 1280 2514 ·rerum
1324 2460 1574 2516 naturae
1618 2477 1688 2516 ex
1730 2476 1895 2516 more
1923 2456 2372 2516 maledicturam
2404 2456 2667 2531 (antistr.
2700 2447 2804 2531 γ’).

470 2540 566 2599 Ita
618 2539 857 2615 quidem
916 2542 977 2599 et
1029 2557 1333 2616 operosam
1389 2543 1649 2619 syringis
1694 2541 2055 2602 mentionem
2102 2544 2165 2601 et
2207 2541 2426 2601 mirum
2470 2538 2805 2616 Daphnidis

471 2625 854 2684 valedicentis
912 2625 1212 2702 epilogum
1271 2628 1496 2702 optime
1551 2628 1768 2700 habere
1823 2627 2099 2686 arbitror.
2204 2627 2315 2686 His
2382 2627 2566 2703 igitur
2630 2625 2807 2684 dictis

472 2710 694 2766 frustra
737 2713 800 2766 et
844 2709 1056 2783 „sero“
1103 2712 1232 2786 ipsa
1276 2710 1506 2772 Venere
1550 2723 1686 2771 eum
1731 2711 2052 2770 adiuvante
2095 2715 2349 2771 mortem
2394 2711 2654 2786 oppetit,
2709 2711 2807 2768 vir

472 2792 656 2852 Musis
700 2792 1113 2869 Nymphisque
1158 2796 1383 2853 amicus
1429 2794 1697 2873 (antistr.
1731 2789 1852 2877 β’);
1901 2796 2117 2872 quibus
2162 2797 2360 2856 verbis
2403 2795 2476 2853 ad
2523 2794 2803 2854 carminis

469 2876 707 2935 initium
753 2877 1062 2936 alluditur.

637 2961 918 3021 Poteram
961 2963 1078 3021 alia
1121 2963 1336 3023 addere
1380 2964 1530 3024 bene
1576 2965 1767 3024 multa
1808 2970 1871 3026 et
1916 2966 1988 3025 de
2035 2965 2462 3041 compositione
2491 2966 2553 3023 et
2582 2964 2654 3023 de
2684 2964 2803 3023 sin-

468 3045 629 3122 gulis
684 3046 856 3122 locis,
917 3047 1022 3106 sed
1079 3048 1195 3106 iam
1248 3049 1391 3108 haec
1447 3068 1620 3125 spero
1680 3051 1827 3110 satis
1883 3051 2103 3110 futura.
2191 3049 2400 3125 Itaque
2457 3049 2570 3108 hoc
2614 3068 2801 3107 unum

469 3130 659 3189 adicio
689 3131 867 3189 etiam
912 3132 1084 3191 initio
1131 3153 1185 3192 v.
1222 3135 1423 3191 1—11
1472 3134 1620 3194 duas
1652 3154 1779 3194 esse
1810 3135 2069 3194 senarias
2100 3133 2394 3211 strophas.
2445 3133 2801 3193 Accuratius

468 3216 628 3275 enim
685 3216 1119 3292 oppositionem
1174 3217 1465 3293 intuenti,
1523 3240 1641 3295 qua
1696 3221 1994 3295 caprarius
2042 3219 2351 3295 Thyrsidis
2396 3218 2800 3278 laudationem

469 3303 737 3376 superat,
792 3304 961 3376 patet
1010 3301 1165 3360 hunc
1222 3302 1461 3378 quidem
1507 3304 1694 3363 Musis
1750 3323 1869 3363 non
1925 3305 2208 3380 postponi
2262 3304 2366 3364 sed
2414 3303 2800 3380 aequiparari,

425 3386 576 3444 'hac
627 3406 746 3444 una
799 3388 1036 3444 tantum
1091 3387 1331 3447 Deabus
1386 3407 1660 3448 concessa
1724 3390 2166 3465 praerogativa,
2235 3392 2305 3447 ut
2363 3409 2434 3448 ex
2489 3389 2803 3465 paribus

470 3472 748 3546 praemiis
801 3471 960 3546 quod
1018 3472 1207 3531 velint
1262 3474 1426 3547 prius
1485 3474 1741 3549 eligant,
1809 3475 2060 3532 alterum
2108 3474 2389 3549 Thyrsidi
2433 3475 2798 3548 relinquant.

471 3555 627 3615 Hinc
671 3560 734 3615 et
778 3576 836 3615 v.
875 3558 950 3614 11
997 3557 1347 3616 sanissimus
1403 3560 1518 3635 est,
1577 3559 1680 3618 ubi
1734 3558 2066 3618 Ahrensius
2122 3559 2501 3635 Hartungum
2560 3559 2799 3617 trahens

471 3659 591 3701 non
635 3642 826 3701 solum
873 3634 1080 3718 τήνας
1124 3644 1187 3700 et
1229 3636 1478 3719 ὕστερον
1524 3638 1713 3715 ἕξεῖς
1756 3644 2021 3719 scripsit,
2068 3643 2170 3702 sed
2215 3645 2396 3703 etiam
2437 3644 2511 3702 de
2540 3644 2802 3720 graviori

473 3728 810 3801 corruptela
862 3727 1172 3804 cogitavit,
1230 3746 1362 3786 cum
1405 3723 1657 3805 ὕστερον
1701 3747 1821 3788 non
1866 3726 2164 3804 δευτερεῖα
2208 3728 2505 3805 significet
2549 3729 2650 3788 sed
2694 3747 2802 3803 par

474 3812 804 3885 praemium
847 3831 1054 3871 verum
1100 3812 1424 3873 secundo
1469 3813 1599 3873 loco
1644 3816 1914 3890 captum,
1961 3816 2024 3872 et
2067 3813 2225 3872 inter
2269 3815 2307 3872 8
2353 3817 2416 3873 et
2461 3816 2496 3873 9
2527 3813 2796 3872 huiusce-

475 3895 635 3954 modi
678 3915 913 3956 versum
957 3898 1245 3958 excidisse
1287 3901 1457 3975 patet

774 4054 817 4143 ἦ
860 4055 979 4142 μᾶν
1022 4063 1143 4125 σὺν
1193 4065 1452 4138 Μοίσαις
1495 4061 1669 4152 ᾄδων
1711 4065 1847 4128 ἴσον
1887 4058 2083 4129 ἆθλον
2122 4060 2364 4149 ἆποισῇ.

473 4233 693 4293 Contra
719 4236 782 4293 in
828 4237 1241 4314 sequentibuS,
1286 4258 1436 4314 quae
1479 4239 1759 4299 threnum
1807 4239 2195 4315 antecedunt,
2239 4239 2391 4298 nihil
2435 4240 2528 4298 est
2556 4256 2800 4313 respon·

474 4320 689 4395 sionis,
734 4323 1014 4395 quoniam
1060 4323 1135 4381 ab
1181 4343 1250 4381 ea
1292 4325 1553 4383 alienum
1599 4329 1692 4385 est
1734 4328 2169 4401 argumentum.
2240 4324 2353 4383 Sed
2386 4326 2609 4382 exitum
2653 4341 2798 4399 quo-

472 4423 586 4480 que
630 4406 927 4479 strophice
969 4409 1361 4482 compositum
1392 4429 1520 4468 esse
1550 4410 1814 4484 profecto
1846 4410 2082 4468 mireris
2111 4429 2147 4466 a
2175 4410 2410 4467 nemine
2441 4409 2583 4466 dum
2611 4409 2796 4466 anim-
