3132 5129
1380 312 1789 374 ..70-

414 469 568 529 solas
599 474 662 528 et
692 468 1108 528 cunctabunda
1147 470 1453 527 reveretur
1484 463 1635 547 (411
1665 463 1786 547 sq.)
1809 472 1870 527 et
1901 469 2050 527 clam
2082 469 2337 527 abducta
2364 470 2513 528 latet
2543 464 2737 549 (420).

414 553 585 623 Quod
640 554 833 629 ipsum
892 553 1206 613 discrimen
1265 553 1420 611 inter
1472 555 1826 629 gravissima
1886 554 2028 612 mihi
2076 573 2200 613 esse
2245 554 2485 613 videtur
2527 555 2741 614 indicia

413 638 867 713 teichoscopiam
911 657 946 695 a
989 639 1400 697 monomachia
1440 637 1697 696 alienam
1743 658 1889 697 esse.

358 733 391 780 4
579 723 768 782 Paulo
827 724 1018 799 magis
1076 721 1148 781 de
1192 723 1267 782 iis
1311 723 1572 781 dubitari
1619 725 1848 797 potest,
1905 724 2121 798 quibus
2167 723 2239 781 de
2282 724 2576 782 Priamo
2622 725 2739 801 agi·

413 811 530 866 tur.
592 808 847 883 Singula*
887 807 1320 867 consideremus
1350 808 1718 866 Lachmanni
1765 810 2134 883 argumenta.
2193 809 2282 866 Ac
2326 810 2584 884 primum
2614 810 2738 884 qui-

415 893 548 951 dem
605 893 763 967 quod
825 892 926 950 ille
983 912 1040 966 p.
1081 894 1152 951 15
1203 892 1514 951 admonuit
1557 892 1630 950 de
1675 892 1928 951 obscura
1972 893 2127 952 circa
2170 914 2226 952 v.
2264 894 2385 951 249
2432 894 2740 968 brevitate,

415 998 531 1053 qua
582 996 691 1035 nec
747 977 847 1035 ubi
902 996 1220 1052 praecones
1278 977 1581 1035 Priamum
1637 978 1978 1036 invenerint
2032 997 2139 1038 nec
2194 979 2296 1035 ubi
2353 980 2476 1037 eius
2536 997 2741 1037 currus

418 1062 602 1120 fuerit
644 1081 752 1120 nec
796 1061 1095 1137 quomodo
1142 1062 1191 1119 is
1239 1065 1403 1120 turre
1438 1061 1813 1120 descenderit
1845 1062 2159 1136 indicatur,
2206 1062 2266 1121 id
2301 1067 2490 1122 totum
2525 1062 2599 1120 ad
2632 1064 2741 1121 tei-

416 1147 792 1221 choscopiam
849 1148 1114 1220 tantum,
1172 1167 1292 1206 non
1349 1146 1421 1204 ad
1480 1147 1779 1222 reliquum
1825 1166 2060 1206 carmen
2106 1148 2414 1223 pertinet„
2480 1148 2650 1218 Quod
2695 1148 2743 1206 si

414 1235 646 1290 remota
691 1231 796 1290 illa
839 1251 947 1307 per
990 1251 1051 1290 00
1098 1232 1554 1301 consideramus,
1603 1231 2005 1291 desideramus
2051 1232 2290 1307 quidem
2322 1233 2741 1291 accuratiorem

415 1317 487 1375 de
532 1316 678 1391 1000,
724 1317 787 1373 111
832 1335 949 1391 quo
996 1317 1268 1377 Priamus
1313 1319 1606 1390 versatur,
1651 1318 2050 1387 notationem,
2100 1317 2202 1375 sed
2247 1335 2383 1374 eum
2426 1318 2621 1391 ipsum
2662 1318 2746 1375 lo-

417 1419 551 1460 cum
609 1419 728 1459 non
787 1404 910 1459 tam
962 1403 1028 1460 ‘in
1074 1400 1257 1462 Scaea
1302 1400 1451 1460 turri
1497 1401 1599 1459 sed
1646 1401 1707 1458 in
1754 1401 1933 1476 regiis
1978 1401 2223 1460 aedibus
2270 1401 2452 1460 fuisse
2498 1421 2630 1459 cum
2678 1421 2745 1459 ex

414 1480 531 1544 ἆνᾶ
576 1481 731 1543 ἄστυ
779 1486 899 1542 245
945 1489 1071 1544 111111
1117 1507 1185 1545 ex
1231 1507 1294 1545 re
1340 1487 1470 1560 ipsa
1513 1485 1867 1559 conicimuS,
1915 1505 2049 1543 cum
2094 1505 2305 1561 parum
2351 1486 2637 1544 credibile
2668 1487 2746 1545 sit

415 1571 722 1629 Priamum
768 1573 829 1626 et
875 1569 1034 1628 intra
1078 1571 1286 1630 urbem
1332 1589 1504 1629 curru
1552 1589 1725 1628 usum
1771 1590 1898 1628 esse
1942 1590 2078 1645 1100,
2127 1570 2186 1628 111
2233 1575 2398 1629 111110
2442 1572 2492 1629 01
2542 1589 2744 1630 001100·

415 1656 628 1727 disset,
687 1654 1002 1729 quicquam
1059 1656 1129 1713 de
1187 1656 1509 1714 certamine
1555 1655 1831 1713 Paridem
1888 1655 2044 1712 inter
2088 1659 2150 1713 et
2195 1656 2530 1714 Menelaum
2576 1655 2745 1715 insti-

417 1740 639 1799 tuendo
684 1739 954 1797 sensisse.
1019 1741 1187 1810 Quod
1219 1741 1271 1800 si
1302 1740 1610 1812 statuitur,
1657 1742 1827 1813 patet
1850 1760 2052 1799 versus
2086 1739 2233 1799 duos
2266 1743 2481 1811 tresve,
2529 1740 2746 1815 quibus

417 1826 638 1884 diserte
683 1823 744 1881 id
791 1823 1181 1897 indicabatur,
1229 1828 1488 1884 resectos
1535 1843 1662 1883 esse
1707 1824 1781 1882 ab
1827 1844 1917 1895 00,
1968 1825 2303 1900 quicunque
2349 1825 2609 1899 primum
2643 1827 2745 1884 tei-

416 1907 789 1984 choscopiam
847 1912 1050 1969 nostro
1106 1910 1349 1969 carmini
1407 1911 1710 1968 insereret.
1801 1910 2031 1968 Deinde
2085 1910 2497 1968 Lachmannus
2559 1910 2620 1968 in
2679 1930 2748 1970 eo

418 1995 676 2053 offensus
706 1996 816 2065 est,
850 1994 1027 2068 quod,
1064 2014 1195 2053 cum
1226 1995 1495 2053 Priamus
1527 1997 1859 2052 arcessatur
1903 1988 2049 2070 ὄφρ’
2087 1989 2258 2070 ὅρκια
2292 1992 2484 2073 τάμνῃ
2522 1990 2532 2071 Ι
2570 1988 2748 2066 αὐτός

420 2082 538 2139 105
556 2099 678 2154 sq.,
727 2078 1137 2153 Agamemnon
1184 2083 1383 2138 tamen
1429 2079 1592 2138 solus
1634 2098 1757 2138 non
1801 2080 1991 2138 solum
2039 2099 2251 2154 agnam
2297 2099 2331 2137 a
2361 2077 2606 2138 Graecis
2650 2081 2750 2139 ob-

417 2164 597 2222 latam
653 2164 755 2223 sed
812 2182 995 2238 agnas
1051 2166 1294 2223 omnino
1351 2164 1411 2222 h.
1457 2183 1509 2221 e.
1566 2164 1749 2221 etiam
1809 2163 1954 2224 duas
2011 2183 2046 2220 a
2100 2164 2335 2223 Priamo
2402 2166 2750 2238 apportatas

418 2249 763 2308 immolasse
809 2248 1059 2307 dicatur.
1118 2249 1448 2324 Respondit
1493 2248 1609 2305 iam
1652 2251 1812 2307 recte
1858 2248 2275 2321 Hoffmannus,
2322 2267 2581 2324 quocum
2616 2268 2747 2308 con-

421 2332 608 2392 sentit
651 2332 846 2393 Iacob.
892 2353 951 2407 p.
992 2334 1141 2405 191,
1200 2334 1561 2392 locutionem
1617 2333 1784 2390 illam
1841 2333 2116 2393 similiter
2171 2337 2349 2408 atque
2395 2332 2748 2393 Latinorum

422 2417 689 2479 foedus
736 2418 937 2476 icere
981 2437 1102 2477 non
1148 2419 1395 2493 proprio
1426 2417 1529 2476 sed
1560 2418 1854 2476 translato
1889 2437 2064 2478 sensu
2094 2418 2569 2495 intellegendum
2604 2438 2748 2487 esse,

417 2501 575 2579 quod
625 2523 694 2561 ex
744 2504 821 2561 73
869 2505 931 2559 et
977 2503 1055 2561 94
1104 2503 1428 2562 clarissime
1475 2505 1744 2577 apparet.
1833 2503 1959 2562 Nec
2003 2503 2136 2579 plus
2181 2503 2523 2561 offensionis
2570 2504 2634 2561 in
2680 2522 2749 2561 eo

417 2591 527 2659 est,
575 2588 734 2663 quod
763 2588 1039 2647 Priamus
1086 2608 1260 2648 senex
1308 2587 1551 2646 inermis
1596 2589 1776 2647 tacite
1808 2589 2248 2665 Agamemnoni
2292 2590 2523 2646 armato
2568 2588 2747 2647 bella-

418 2671 537 2732 tori
581 2690 703 2733 non
749 2690 927 2730 unam
973 2676 1206 2730 tantum
1254 2672 1649 2744 Achivorum,
1697 2672 1798 2731 sed
1842 2692 2047 2733 omnes
2091 2675 2216 2732 tres
2260 2692 2443 2750 agnas
2490 2675 2748 2732 mactan-

420 2757 525 2815 das
569 2757 884 2833 relinquit,
931 2761 1216 2816 mactatas
1264 2776 1404 2816 vero
1439 2789 1512 2797 —
1549 2757 1704 2831 quod
1753 2776 1872 2816 non
1915 2761 2151 2816 tantum
2197 2758 2599 2832 „interpretes
2647 2778 2750 2833 pu·

419 2843 619 2913 tant“,
681 2845 749 2899 ut
794 2841 1212 2901 Lachmannus
1267 2862 1323 2917 p.
1362 2843 1439 2899 16
1496 2841 1750 2913 indicat,
1813 2842 1914 2901 sed
1974 2844 2151 2916 poeta
2206 2842 2424 2901 diserte
2484 2844 2750 2903 narravit

420 2927 755 2985 292-294
804 2958 884 2968 -
930 2945 1128 2984 00011111
1187 2929 1249 2985 111
1307 2944 1481 2985 0111111
1528 2926 1753 2997 aufert,
1813 2927 1898 2985 ita
1944 2931 2012 2984 ut
2054 2927 2197 3002 quid
2242 2927 2316 2985 iis
2362 2927 2622 2986 facturus
2669 2928 2749 2987 sit

418 3030 538 3070 non
607 3011 915 3070 adiciatur.
1002 3011 1420 3070 Desideramus
1477 3010 1574 3069 hic
1630 3030 1770 3069 sane
1826 3031 1934 3070 nos
1991 3011 2241 3087 posteri,
2311 3011 2473 3086 quod
2538 3015 2751 3090 poetae

421 3096 770 3171 aequalibus
815 3097 920 3153 aut
962 3098 1170 3154 notum
1215 3100 1344 3155 erat
1386 3099 1492 3153 aut
1535 3114 2032 3170 supervacaneum
2080 3096 2424 3168 videbatur,
2472 3099 2750 3170 quoniam

419 3180 706 3256 agebatur
731 3181 802 3239 de
830 3179 1115 3239 sacrificio
1145 3182 1319 3240 certis
1351 3181 1565 3238 ritibus
1595 3181 1909 3254 patrando,
1956 3181 2049 3239 Ad
2079 3180 2238 3255 quod
2257 3180 2680 3240 illustrandum
2704 3182 2752 3240 si

422 3265 701 3324 adhibere
730 3265 870 3324 licet
899 3265 1090 3323 simile
1123 3265 1272 3323 illud
1304 3264 1463 3340 quod
1501 3266 1554 3320 T
1572 3266 1696 3324 250
1719 3284 1848 3340 sqq.
1875 3265 2246 3339 describitur,
2278 3265 2582 3325 auditores
2612 3268 2752 3325 scie·

421 3349 568 3407 bant
622 3350 718 3408 vel
762 3353 998 3407 tacente
1055 3354 1232 3424 poeta
1276 3369 1461 3426 agnas
1506 3349 1641 3408 illas
1684 3368 1806 3408 non
1853 3355 2141 3409 crematas
2186 3350 2289 3409 sed
2334 3352 2440 3407 aut
2481 3352 2546 3409 in
2592 3370 2752 3411 mare

423 3437 527 3492 aut
568 3435 631 3492 in
678 3437 871 3492 terrae
915 3434 1257 3510 voraginem
1291 3434 1709 3508 praecipitatas
1740 3453 1886 3494 0000.
1945 3435 2170 3510 Neque,
2216 3436 2280 3493 in
2309 3454 2425 3510 quo
2457 3439 2754 3509 postremo

423 3519 839 3578 Lachmannus
883 3539 940 3593 p.
972 3520 1049 3577 16
1094 3519 1339 3591 insistit,
1388 3538 1458 3577 ex
1506 3520 1605 3580 73.
1639 3519 1742 3576 94.
1776 3520 1900 3577 323
1946 3519 2140 3579 evinci
2182 3522 2382 3594 potest
2426 3520 2749 3579 secundum

423 3604 863 3662 monomachiae
914 3606 1217 3661 auctorem
1260 3621 1384 3661 non
1427 3606 1599 3661 ante
1643 3603 1744 3661 sed
1792 3608 1961 3677 post
2003 3607 2302 3663 certamen
2349 3603 2583 3662 demum
2631 3604 2749 3663 foe-

424 3689 533 3747 dus
580 3690 765 3747 ictum
810 3707 964 3747 esse:
1013 3707 1152 3746 nam
1198 3691 1265 3746 ut
1310 3689 1387 3745 73
1435 3683 1722 3761 φιλότητα
1767 3684 1870 3746 καὶ
1913 3683 2082 3766 ὅρκια
2127 3686 2303 3745 πιστὰ
2349 3681 2746 3768 ταμόντεςΙ

426 3770 640 3831 ναίοιτε
672 3807 753 3816 -
784 3775 849 3832 01
878 3774 958 3831 94
991 3804 1071 3814 —-·
1103 3768 1447 3848 τάμωμεν
1489 3790 1599 3846 per
1641 3792 1702 3831 se
1747 3773 2016 3848 intellegi
2060 3773 2253 3848 possit
2295 3773 2477 3838 etiam
2524 3773 2597 3831 de
2627 3773 2749 3833 foe·

424 3859 560 3917 dere
604 3863 770 3934 post
807 3877 1070 3933 pugnam
1115 3857 1404 3929 faciende,
1450 3857 1536 3914 ita
1582 3858 1702 3915 323
1748 3851 1896 3933 ἡμῖν
1934 3851 1992 3914 δ’
2026 3848 2107 3915 αὖ
2139 3853 2423 3932 φιλότητα
2453 3854 2554 3915 καὶ
2581 3853 2751 3935 ὅρκια

423 3941 602 4000 πιστὰ
658 3939 1052 4020 γενέσθαι,
1111 3944 1160 4001 si
1214 3943 1343 4001 sine
1398 3942 1521 3999 ulla
1579 3946 2003 4018 praeoccupata
2059 3946 2408 4017 spectantur
2452 3942 2750 4018 opinione,

426 4028 525 4085 vix
581 4027 758 4086 aliam
815 4028 1119 4086 continere
1176 4027 1454 4086 videntur
1508 4028 1932 4102 precationem,
1991 4028 2106 4087 nisi
2163 4033 2232 4087 ut
2273 4026 2541 4102 Iuppiter
2600 4046 2749 4102 eam,

425 4130 576 4186 quae
620 4112 737 4170 iam
782 4112 939 4170 facta
982 4113 1078 4188 sit,
1125 4111 1464 4188 pactionem
1512 4114 1699 4170 ratam
1743 4112 1892 4171 velit
1933 4131 2080 4171 esse.
2154 4112 2235 4171 Et
2278 4115 2338 4171 in
2369 4131 2601 4170 summa
2631 4130 2752 4170 cer-

369 4203 403 4250 5
425 4196 665 4254 1011111110
731 4196 1053 4272 singularis
1117 4198 1414 4274 gravitate
1473 4198 1764 4256 sonticam
1829 4197 2022 4255 inesse
2081 4216 2346 4268 causam,
2422 4197 2498 4255 ob
2572 4215 2751 4271 quam

429 4281 740 4424 8111ἰὸξίυο
784 4281 1023 4339 initium
1067 4282 1276 4342 foedus
1321 4282 1705 4343 sanciendum
1754 4281 1963 4353 fuerit,
2011 4282 2155 4341 scite
2201 4281 2515 4371 admonuit
2557 4281 2751 4340 Iacob.

428 4384 487 4439 p.
671 4384 759 4440 sq.
