3132 5129
1367 360 1828 422 —456-

431 522 608 579 etiam
642 541 698 579 v.
724 521 846 578 278
877 513 937 578 P
970 540 1039 578 ex
1084 522 1212 594 ipsa
1256 481 1479 577 Musaei
1528 536 1703 575 manu
1750 536 2016 576 servasse
2063 516 2301 575 videtur
2346 516 2767 590 imperfectum

428 600 613 665 α’ἶειδε
659 624 768 679 pro
816 606 1047 680 vulgari
1092 605 1315 664 aoristo
1358 599 1537 661 ἄεισε.
1627 602 1793 659 Idem
1839 605 2072 677 tempus
2118 601 2297 659 etiam
2341 622 2398 661 v.
2434 602 2554 659 319

684 718 937 782 πολλάκι
980 716 1091 797 μὲν
1134 719 1262 780 λιτά
1272 736 1480 781 νευσε
1523 719 1908 794 θαλασσαίην
1947 714 2303 797 Ἀφροδίτην

332 848 396 896 14
436 844 784 919 imperfecto
831 841 1038 900 cedere
1082 840 1260 899 debet
1303 859 1423 898 non
1469 841 1662 899 solum
1706 843 1956 916 propter
1984 833 2044 898 P
2090 839 2459 914 aliorumque
2504 838 2772 897 codicum

434 928 879 1001 auctoritatem,
941 927 1043 984 sed
1100 927 1279 984 etiam
1324 928 1573 1001 propter
1615 925 1816 984 Nonni
1862 944 2034 984 usum
2077 925 2194 983 iam
2239 943 2274 982 a
2316 924 2619 999 Lennepio
2666 924 2772 983 sed

436 1015 657 1073 frustra
700 1012 1073 1071 advocatum.
1447 1008 1455 1016 ’

504 1120 513 1133 ·
606 1097 859 1156 Leviora
902 1097 1044 1155 haec
1088 1098 1259 1169 sunt,
1309 1094 1412 1154 sed
1456 1098 1688 1153 restant
1730 1095 1990 1169 quinque
2021 1094 2296 1170 egregiae
2326 1094 2772 1152 emendationes

435 1204 505 1243 ex
549 1177 609 1243 P
653 1181 963 1258 petendae.
1050 1180 1123 1239 In
1165 1201 1224 1240 v.
1260 1180 1411 1255 291,
1458 1179 1653 1255 qualis
1698 1178 1917 1254 ubique
1963 1178 2186 1254 legitur

1093 1290 1231 1357 οὐδ’
1280 1291 1377 1353 ἐπὶ
1425 1287 1610 1373 δηρὸν

688 1377 962 1459 ἀλλήλων
1002 1376 1304 1442 ἆπόναντο
1349 1376 1818 1457 πολυπλάγκτων
1861 1369 2162 1455 ὑμεναίων

434 1525 556 1581 iam
625 1520 767 1579 olim
826 1519 1007 1578 haesi.
1113 1519 1420 1593 Quomodo
1486 1519 1643 1577 enim
1705 1518 2000 1594 duplicem
2066 1519 2405 1594 genetivum
2473 1517 2776 1593 explices?

437 1609 644 1681 Itaque
705 1604 989 1662 facillima
1046 1604 1386 1663 coniectura
1442 1595 1913 1679 πολυπλάγκτων
1954 1595 2034 1659 θ’
2082 1591 2383 1678 ὑμεναίων
2437 1603 2632 1661 locum
2688 1622 2776 1661 sa-

438 1710 610 1751 nasse
655 1689 800 1747 mihi
847 1689 1106 1747 videbar.
1196 1688 1310 1746 Hic
1353 1688 1556 1747 videre
1600 1688 1768 1763 licet,
1829 1707 2007 1763 quam
2064 1707 2238 1763 saepe
2294 1688 2610 1746 facillimae
2652 1706 2779 1746 non

440 1778 564 1835 sint
637 1773 1001 1833 certissimae
1076 1773 1465 1831 coniecturae.
1584 1766 1644 1831 P
1711 1792 1818 1847 pro
1889 1766 2163 1845 αλλήλων
2234 1770 2520 1848 scriptum
2595 1771 2781 1830 habet

433 1851 872 1936 ἆγρύπνων,
915 1856 1074 1932 quod
1119 1857 1265 1932 quin
1292 1876 1500 1916 verum
1545 1858 1625 1916 sit
1669 1858 1875 1916 eodem
1918 1876 2037 1933 quo
2070 1878 2125 1916 v.
2164 1859 2239 1914 12
2272 1861 2332 1917 et
2360 1857 2481 1915 225
2526 1850 2773 1932 ἀκοιμή-

438 1965 561 2002 των
604 1944 837 2002 dixerat
892 1961 1101 2018 sensu,
1149 1942 1404 2000 alterum
1448 1945 1651 2000 autem
1694 1944 1991 2002 intrusum
2036 1961 2106 2000 ex
2153 1943 2362 2001 ultimo
2408 1960 2584 2001 versu

692 2053 966 2135 ἀλλήλων
1009 2053 1071 2118 δ’
1121 2050 1419 2119 ἆπόναντο
1464 2054 1569 2117 καὶ
1613 2054 1678 2116 ἐν
1720 2053 1972 2141 πυμάτῳ
2018 2080 2125 2139 περ
2172 2053 2404 2139 ὀλέθρῳ

437 2182 571 2258 quis
616 2178 1025 2239 dubitaverit?

608 2266 733 2324 Nec
764 2267 958 2324 minus
990 2267 1094 2323 aut
1126 2268 1352 2323 certum
1397 2267 1502 2323 aut
1544 2264 1769 2324 bonum
1812 2268 1936 2340 est,
1985 2264 2145 2341 quod
2174 2259 2234 2324 P
2265 2286 2322 2325 v.
2350 2267 2473 2333 300
2501 2264 2778 2340 praebet:

691 2379 1103 2460 καρτερόθυμε
1150 2377 1455 2457 Λέανδρε,
1502 2379 1812 2459 διακτορίη
1861 2379 1924 2441 δέ
1965 2399 2030 2443 σε
2076 2378 2358 2461 λύχνου

693 2462 904 2542 ἠθάδα
950 2465 1322 2544 σημαίνουσα
1367 2465 1746 2544 φαεσφορίην
1793 2461 2094 2542 ὑμεναίων

694 2549 1059 2629 μαινομένης
1102 2548 1368 2632 ὤτρυνεν
1411 2546 1822 2627 ἀφειδήσαντα
1867 2550 2206 2630 θαλάσσης,

440 2676 546 2734 ubi
593 2675 773 2750 vulgo
818 2670 1055 2750 πύργου
1097 2673 1337 2748 legitur.
1428 2672 1586 2732 Vide
1630 2674 1804 2732 modo
1849 2692 1908 2733 v.
1942 2674 1979 2731 6

699 2785 915 2865 λύχνον
957 2782 1396 2869 ἀπαγγέλλοντα
1442 2787 1784 2870 διακτορίην
1824 2785 2175 2869 Ἀφροδίτης

453 2913 517 2970 et
558 2911 630 2969 cf.
678 2932 734 2972 v.
768 2910 889 2968 254
1922 2906 1934 2916 ⁰

697 3023 1078 3105 λαμπομένου
1123 3021 1182 3086 δ’
1233 3024 1515 3086 ἔσπευδεν
1557 3021 1654 3086 ἀεὶ
1695 3028 2048 3088 κατεναντία
2094 3021 2331 3106 λύχνου.

448 3236 497 3291 Β
584 3148 689 3251 'V‘
720 3147 1278 3290 3161λίαωέᾶιέιᾶιιω
1322 3166 1433 3247 pro
1449 3147 1699 3289 1¹*tradito
1742 3140 2027 3292 ἆζέηκεν
2071 3168 2441 3293 correxeram
2468 3144 2668 3294 ἔτί-τος
2699 3147 2782 3245 είς

501 3251 872 3377 ”fitam
893 3252 1092 3394 “522ss
1134 3250 1766 3395 32325⁷1230⁰21⁹⁹v¹1¹1¹1¹23
1808 3253 2134 3379 γῗᾝὲω
2165 3254 2197 3292 ⁰
2229 3254 2343 3292 ¹²⁰¹
2377 3253 2437 3292 ¹¹¹
2559 3253 2780 3294 ”wem'

700 3432 800 3493 καὶ
847 3431 1065 3506 σθένος
1110 3424 1189 3511 ἦν
1231 3428 1611 3509 ἇδόνητον
1652 3426 2078 3513 ἆκοιμήτων
2120 3434 2453 3514 παλαμάων

446 3573 685 3649 legitur.
777 3571 933 3630 Nam
988 3559 1356 3646 ἆδὸνητον
1412 3566 1633 3642 σθένος
1689 3591 1821 3631 cum
1879 3591 1999 3632 non
2045 3592 2171 3634 esse
2214 3574 2405 3649 possit
2445 3574 2561 3633 nisi
2604 3574 2786 3633 robur

448 3659 523 3715 ad
580 3657 778 3715 omnia
833 3656 1266 3731 impedimenta
1329 3656 1620 3716 invictum
1685 3675 1794 3715 nec
1852 3648 2248 3734 ἆκοίμητοι
2310 3655 2579 3733 παλάμαι
2635 3659 2783 3717 aliae

450 3760 658 3801 manus
703 3741 821 3799 nisi
864 3741 1194 3800 indefessae
1240 3760 1387 3816 quae
1431 3741 1614 3799 nullis
1658 3741 1962 3803 laboribus
2007 3743 2251 3820 fatigari
2296 3744 2558 3819 possint,
2617 3744 2787 3818 patet

447 3827 604 3884 hunc
648 3826 848 3902 ipsum
893 3845 1134 3885 sensum
1178 3825 1608 3885 alienissimum
1650 3845 1778 3886 esse
1823 3827 1898 3885 ab
1954 3829 2065 3887 hoc
2122 3828 2282 3904 loco,
2341 3827 2444 3886 ubi
2502 3831 2565 3886 et
2619 3829 2782 3887 ante-

448 3910 798 3970 cedentibus
843 3913 903 3968 et
945 3910 1330 3985 sequentibus
1360 3910 1619 3969 Leandri
1666 3911 1990 3972 deficientis
2035 3913 2316 3972 interitus
2346 3912 2785 3972 accuratissime

447 3998 777 4054 enarratur.
854 3995 973 4053 Suo
1032 3994 1220 4071 igitur
1277 3996 1406 4053 iure
1462 3997 1581 4054 iam
1628 3996 1772 4055 olim
1818 3995 2119 4057 Graefius:
2183 3998 2620 4073 „necessarium
2662 3991 2786 4054 ἆν-

450 4077 702 4152 όνητον;
748 4079 999 4138 alterum
1046 4080 1406 4138 contrarium
1455 4084 1546 4140 est
1589 4081 1981 4141 sententiae.“
2071 4083 2185 4142 Sed
2230 4101 2340 4141 nec
2382 4082 2493 4141 hoc
2535 4082 2784 4142 sufficit:

448 4166 725 4224 accedere
781 4164 835 4223 ei
895 4164 1110 4223 debere
1167 4165 1227 4223 id
1284 4166 1442 4241 quod
1487 4159 1547 4225 P
1593 4166 1840 4241 praebet
1892 4160 2278 4244 ἀκινήτων
2318 4165 2650 4243 παλαμάων
2690 4167 2788 4227 vel

451 4270 521 4309 ex
566 4249 1050 4309 antecedentibus
1093 4247 1304 4308 ποδῶν
1345 4247 1410 4307 δέ
1456 4248 1522 4307 οἱ
1560 4246 1826 4308 ὤκλασεν
1871 4246 2021 4330 ὁρμή
2066 4255 2252 4328 patet.

623 4333 761 4392 Pari
807 4335 1127 4410 sagacitate
1171 4335 1330 4395 idem
1375 4335 1678 4410 Graefius‚
1737 4356 1856 4412 qua
1898 4341 2026 4397 erat
2066 4338 2271 4397 Nonni
2313 4338 2555 4413 eiusque
2601 4339 2785 4397 secta-

460 4424 658 4479 torum
701 4418 945 4495 peritia,
991 4441 1049 4480 v.
1085 4421 1209 4479 334
1253 4439 1455 4480 verum
1504 4421 1761 4498 invenit,
1810 4422 1913 4481 ubi
1963 4422 2141 4500 vulgo
2188 4421 2476 4480 traditur:
