3132 5129
1411 420 1489 429 -
1579 381 1707 444 340
1794 420 1870 428 --·-

475 539 575 597 ubi
621 540 816 599 locum
874 538 1081 613 habet,
1137 540 1279 597 urbs
1323 538 1723 613 intellegitur,
1784 557 1933 613 quae
1991 540 2082 596 est
2128 538 2549 607 Troianorum,
2610 540 2678 595 ut
2720 537 2808 595 in-

474 625 734 682 colarum
781 623 958 681 simul
1005 623 1383 682 contineatur
1426 624 1613 681 notin.
1690 622 1898 681 Multis
1956 623 2104 681 locis
2151 640 2511 698 quamquam
2556 622 2804 696 perinde

471 709 660 766 videri
705 713 929 785 potest,
979 712 1115 767 utra
1146 709 1325 766 dictio
1358 708 1643 783 eligatur,
1690 711 1833 766 sunt
1876 711 2076 766 tamen
2109 707 2319 781 etiam,
2368 707 2586 783 quibus
2617 707 2807 765 altera

472 796 703 851 tantum
747 796 891 867 apta
943 792 1200 852 videtur.
1278 793 1372 851 Ita
1414 811 1483 851 eo
1529 793 1687 866 loco,
1748 791 1905 850 unde
1951 793 2174 869 egressi
2231 810 2468 867 sumuS,
2527 790 2806 867 equidem

476 876 689 953 Τροίης
748 874 899 935 ἄστυ
953 876 1334 953 praetulerim
1403 880 1746 953 propterea,
1818 878 1977 952 quod
2047 877 2329 951 primaria
2382 877 2473 936 vis
2532 877 2690 937 inest
2743 876 2805 934 in

469 962 654 1022 verbo
699 960 1062 1037 διέπραθονε
1108 980 1230 1021 non
1260 962 1418 1021 enim
1451 962 1559 1021 hoc
1592 966 1865 1038 urgetur,
1918 963 2341 1031 Troianorum,
2387 980 2509 1021 non
2554 962 2807 1020 aliorum

470 1048 675 1106 urbem
731 1067 994 1108 eversam
1048 1066 1176 1106 esse
1234 1048 1308 1106 ab
1366 1047 1620 1105 Hercule
1688 1050 1749 1105 et
1806 1047 2150 1123 Telamone,
2222 1066 2430 1105 verum
2485 1046 2685 1123 potius
2742 1047 2803 1104 id

470 1133 737 1208 effertur,
786 1150 1072 1201 eversam,
1118 1150 1238 1191 non
1281 1132 1507 1192 frustra
1548 1134 1838 1191 tentatam
1870 1131 2180 1191 obsidione
2209 1150 2338 1191 esse
2382 1132 2609 1191 urbem.
2676 1131 2803 1189 Nec

468 1218 642 1276 aliter
697 1217 993 1277 Homerus
1051 1217 1124 1275 de
1191 1216 1398 1275 eadem
1454 1237 1517 1275 re
1582 1218 1633 1272 E
1679 1217 1831 1291 6423
1894 1236 2067 1292 quem
2132 1218 2331 1276 locum
2388 1216 2683 1292 expressit
2732 1217 2803 1286 Q.

460 1289 682 1359 Ιλίου
728 1297 1050 1375 ἐξαλάπαξε
1094 1294 1289 1362 πόλιν.
1363 1302 1445 1361 Et
1475 1302 1859 1361 confirmatur
1888 1322 1958 1360 ea
2001 1302 2202 1378 opinio
2249 1302 2381 1362 aliis
2428 1300 2593 1379 (nam
2625 1320 2804 1376 quae-

468 1387 604 1446 dam
661 1391 893 1447 tantum
951 1387 1240 1446 indicasse
1298 1388 1443 1446 sat-is
1497 1382 1654 1465 esto)
1723 1386 1903 1445 etiam
1960 1387 2148 1462 ipsius
2208 1387 2276 1458 Q.
2334 1387 2497 1446 locis.
2584 1387 2678 1445 Ita
2720 1385 2798 1459 ΙΙ,

469 1473 593 1532 240
622 1493 710 1549 sq.
757 1473 829 1531 de
877 1473 1144 1531 Pherone
1192 1476 1253 1530 et
1297 1472 1562 1530 Ereutho
1608 1490 1643 1530 a
1687 1472 2002 1530 Memnone
2049 1472 2252 1531 occisis
2298 1472 2585 1530 refertur.

720 1589 779 1649 οἳ
810 1580 1026 1662 ’Θρύον
1070 1580 1476 1664 ἀμφενέμοντο
1525 1583 1674 1666 παρ’
1719 1584 2013 1664 Ἀλφειοῖο
2057 1586 2330 1667 ῥεέθροις

718 1674 825 1734 καί
863 1670 925 1754 ῤ’
972 1669 1093 1733 ὑπὸ
1146 1673 1400 1752 Νέστορι
1442 1674 1640 1753 βῆσαν
1685 1671 1744 1744 ἒς
1784 1669 2007 1733 Ἰλίου
2052 1668 2214 1747 ἱερὸν
2257 1672 2465 1733 ἄστυ.

463 1793 630 1852 Nihil
677 1795 879 1855 aderat
922 1813 1160 1868 causae,
1209 1813 1326 1870 qua
1372 1798 1610 1869 praeter
1654 1795 1860 1852 urbem
1892 1794 2071 1854 etiam
2117 1794 2274 1854 cives
2322 1794 2563 1853 Troiani
2610 1793 2798 1853 nomi·

463 1884 780 1938 narentur:
826 1880 1086 1955 primum
1129 1879 1241 1938 hoc
1283 1880 1413 1938 loco
1458 1884 1616 1955 erat,
1676 1884 1743 1938 ut
1798 1880 1870 1938 de
1915 1880 2114 1955 patria
2168 1885 2229 1937 et
2283 1898 2501 1955 genere
2557 1879 2797 1937 illorum

465 1963 826 2023 Graecorum
872 1968 1285 2039 exponeretur.
1360 1963 1653 2023 Similiter
1708 1964 1825 2039 III,
1876 1965 1996 2023 284
2032 1983 2157 2040 sq.,
2220 1964 2321 2022 ubi
2379 1963 2798 2041 gravissimum

462 2050 571 2108 hoc
628 2053 748 2125 est,
811 2050 972 2125 quod
1029 2046 1233 2107 Glauci
1303 2050 1551 2109 cadaver
1616 2049 1689 2108 ab
1757 2050 1959 2110 Aenea
2016 2048 2256 2108 Graecis
2311 2049 2563 2124 eripitur
2618 2052 2798 2124 atque

464 2133 703 2192 Troiam
748 2135 1041 2194 mittitur:

715 2250 953 2328 εἷ’ρυσεν
996 2252 1079 2323 εἰς
1128 2254 1332 2331 Τρωας
1379 2248 1469 2334 (in
1514 2254 1901 2313 Troianorum
1948 2250 2276 2351 catervam)
2321 2248 2421 2310 καὶ
2470 2247 2530 2322 ἐς
2572 2245 2799 2308 Ἰλίου

1984 2336 2144 2413 ἱερὸν
2187 2330 2374 2396 ἄστυ

720 2419 875 2483 δῶκε
920 2420 1125 2499 φέρειν
1170 2416 1438 2497 ἑτάροισι.

329 2547 428 2596 703
459 2542 667 2619 Neque
724 2543 899 2603 aliter
951 2543 1068 2618 IX,
1129 2543 1248 2602 279
1307 2536 1650 2616 πονεωμεθ·’
1718 2536 1869 2621 ὑπὲρ
1929 2539 2141 2617 μένος,
2211 2534 2399 2602 εἰσόκε
2462 2538 2753 2637 Τροίης
2788 2536 2797 2621 Ι

462 2624 770 2707 πέρσωμεν
815 2624 1032 2686 κλυτὸν
1085 2623 1300 2704 α’στυ,
1362 2631 1425 2687 et
1477 2629 1862 2688 Homericum
1921 2629 2069 2687 illud
2125 2622 2250 2686 ἕπει
2312 2626 2583 2702 Τροίης
2640 2616 2798 2704 ἱερὸν

461 2711 923 2787 πτολίεθρον
977 2709 1180 2786 ἔπερσε
1241 2714 1495 2772 dictum:
1555 2717 1807 2789 utroque
1852 2714 1980 2773 loco
2025 2714 2311 2773 everte-ndi
2352 2714 2519 2772 notio
2565 2718 2794 2788 regnat.

464 2797 580 2855 Sed
629 2797 771 2873 quid
816 2817 964 2874 opus
1010 2801 1131 2873 est,
1193 2797 1363 2873 plura
1420 2798 1555 2857 Tibi
1615 2817 1942 2873 proponere
1997 2799 2296 2872 exempla,
2357 2817 2487 2855 curn
2547 2798 2675 2872 ipse
2734 2798 2793 2855 in

461 2883 844 2941 adnotatione
903 2884 973 2941 ad
1034 2883 1106 2940 Il.
1153 2882 1202 2938 Β
1249 2883 1367 2941 133
1414 2883 1571 2942 locos
1630 2884 1972 2959 collegeris,
2021 2884 2235 2958 quibus
2281 2884 2435 2957 apud
2468 2883 2792 2940 Homerum

455 2960 633 3023 Ἰλίου
675 2963 832 3024 ἄστυ
877 2968 1232 3044 appellatur.
1309 2967 1467 3038 Quos
1511 2969 1674 3026 locos
1706 2969 1808 3042 qui
1856 2969 2175 3042 evolverit,
2223 2987 2412 3026 meam
2459 2967 2794 3026 confirmari

459 3052 532 3108 iis
578 3053 933 3111 sententiam
981 3053 1360 3111 intellexerit.
1394 3085 1475 3095 —
1509 3052 1734 3112 Contra
1778 3056 1937 3111 recte
1984 3053 2054 3111 de
2102 3053 2231 3112 Diis
2278 3056 2553 3111 narratur
2597 3053 2657 3111 in
2707 3053 2794 3110 Io-

459 3136 550 3194 vis
592 3136 836 3196 aedibus
881 3137 1224 3197 sedentibus
1274 3139 1327 3191 A
1374 3139 1409 3195 3
1444 3157 1531 3213 sq.

720 3288 790 3299 —
844 3289 917 3298 —-
968 3290 1042 3300 -
1094 3250 1181 3313 τοὶ
1230 3249 1292 3312 δὲ
1337 3250 1605 3330 χρυσέοις
1653 3248 1934 3314 δεπάεσσι

713 3335 1002 3416 δειδέχατ’
1051 3330 1339 3416 ἀλλήλους
1387 3334 1658 3411 Τρώων
1700 3339 1929 3398 πόλιν
1972 3338 2364 3420 εἰσορόωντες.

459 3477 554 3535 Ad
602 3478 833 3537 diversa
877 3478 1038 3536 enim
1093 3477 1154 3535 in
1211 3479 1365 3550 ipsos
1422 3477 1710 3537 Troianos
1767 3478 2080 3554 respicitur
2137 3478 2360 3553 studia,
2419 3479 2636 3553 quibus
2692 3478 2790 3537 Dii

459 3581 661 3620 coium
709 3562 914 3620 urbem
959 3563 1453 3638 prospectabant3
1517 3562 1578 3620 id
1625 3563 1781 3638 quod
1828 3563 2153 3622 clarissime
2208 3583 2277 3621 ex
2335 3583 2629 3637 sermone,
2689 3564 2788 3638 qui

457 3649 611 3706 inter
665 3647 867 3707 Iovem
923 3653 984 3705 et
1041 3646 1330 3705 Iunonem
1387 3647 1526 3706 inde
1592 3667 1628 3706 a
1684 3668 1740 3707 v.
1798 3651 1831 3706 7
1904 3649 2179 3723 habetur,
2249 3651 2523 3724 apparet3
2598 3649 2671 3707 cs.
2736 3669 2791 3707 v.

460 3735 618 3788 31-
630 3733 709 3791 33

710 3831 1017 3910 δαιμονίη,
1065 3830 1122 3929 τί
1163 3829 1239 3892 νύ
1283 3847 1348 3892 σε
1396 3833 1664 3932 Πρίαμος
1706 3829 2007 3912 Πριάμοιό
2047 3855 2105 3894 τε
2150 3832 2354 3904 παῖδες

712 3913 889 3976 τόσσα
932 3939 1086 3976 κακα
1131 3914 1432 3996 ῥέζουσιν,
1479 3915 1546 3977 ὅτ
1619 3913 1905 3998 ἀσπερχὲς
1948 3918 2273 3996 μενεαίνεις

705 3998 883 4062 Ἰλίου
928 3998 1282 4076 ἐξαλαπάξαι
1327 4001 1672 4081 ἐυκτίμενον
1715 4004 2097 4082 πτολίεθρον;

456 4124 636 4183 Recte
682 4124 860 4182 etiam
905 4123 1060 4198 apud
1109 4124 1396 4195 Quintum
1442 4123 1515 4199 V,
1566 4126 1690 4183 280
1720 4144 1806 4200 sq.
1854 4124 2149 4201 gloriatur
2189 4124 2421 4183 Ulixes.

714 4238 772 4311 ἐς
825 4236 980 4317 Τραί
997 4264 1041 4299 ω
1063 4265 1095 4299 ν
1139 4242 1493 4320 πτολίεθρον
1539 4235 1845 4315 ε’σήλυθον
1862 4282 1879 4315 ‚
1927 4264 2092 4315 οφρα
2136 4238 2422 4318 πύθωμαι

709 4318 944 4384 ὁππόσα
987 4325 1317 4402 μητιόωντο
1361 4350 1405 4386 π
1419 4348 1444 4384 ε
1459 4350 1492 4404 ρ
1508 4324 1528 4384 ὶ
1574 4349 1619 4386 π
1632 4350 1662 4386 τ
1675 4347 1705 4383 ο
1719 4330 1749 4386 λ
1764 4323 1844 4403 έμ
1861 4347 1891 4383 ο
1906 4348 1945 4385 υ
1988 4317 2316 4405 ἆλεγεινοῦ.

458 4446 577 4524 (lta
631 4447 869 4521 quidem
926 4447 1092 4505 illum
1147 4448 1340 4506 locum
1396 4448 1773 4506 sciibondum
1834 4444 2095 4523 censeo.)
2181 4446 2525 4523 Ingreditur
2580 4447 2788 4507 urbem
