3132 5129
279 733 342 781 16

280 4220 339 4269 17

1312 359 1770 423 -164-

377 519 557 664 alia1n21
602 518 784 578 fuisse
829 517 1202 577 Nitzschii
1248 518 1643 576 unitariorum
1702 517 1988 592 principis
2044 516 2435 592 sententiam,
2492 517 2596 593 qui
2657 520 2728 576 et

376 625 414 665 v
561 608 590 662 1
626 623 715 680 sq.

669 709 756 796 ἠέ
800 719 859 779 τί
894 741 995 797 μοι
1036 716 1139 778 καὶ
1182 721 1359 797 κῆτος
1405 710 1693 821 έπισσεῦῃ
1735 716 1882 798 μέγα
1925 719 2160 797 δαίμων

686 802 744 878 ἐξ
788 800 970 881 ἁλός,
1019 796 1117 864 οἷά
1167 828 1224 864 τε
1268 799 1452 864 πολλοὶ
1497 802 1696 882 τρέφει
1738 797 1951 874 κλυτὸς
1989 798 2333 893 Ἀμφιτρίτη

380 927 732 1002 „notionum
780 925 1146 984 abundantia
1191 923 1265 983 ab
1311 925 1570 983 Homero
1626 924 1859 983 aliena“
1915 926 2181 983 laborare
2240 926 2731 1013 pronuntiaverit

377 1014 440 1070 et
496 1012 640 1071 adeo
696 1031 753 1070 v.
796 1012 917 1067 427
980 1008 1034 1068 εἰ
1085 1003 1165 1086 μὴ
1231 1006 1327 1067 ἐπὶ
1382 1004 1556 1084 φρεσὶ
1617 1043 1696 1052 —
1753 1029 1939 1085 usque
1995 1009 2070 1068 ad
2127 1030 2185 1068 v.
2228 1011 2352 1068 436
2409 1041 2494 1051 —
2548 1003 2726 1068 ωλετ’

372 1089 700 1166 Ὀδυσσεύς
765 1096 839 1155 ab
909 1095 1334 1170 interpolatore
1397 1096 1663 1154 intrusos
1728 1114 1856 1154 esse
1926 1094 2333 1153 demonstrare
2409 1095 2729 1154 studuerit.

381 1181 737 1240 Vanissimis
781 1181 1022 1254 quidem
1069 1181 1139 1238 de
1186 1181 1410 1254 causiS,
1460 1184 1528 1237 ut
1572 1179 1841 1255 profecto
1886 1179 2092 1237 mirari
2138 1180 2375 1254 subeat,
2436 1181 2577 1254 quid
2622 1181 2725 1255 sit,

378 1267 537 1342 quod
582 1266 763 1325 iidem
809 1267 1028 1339 critici,
1075 1266 1208 1340 qui,
1267 1284 1398 1322 cum
1444 1265 1506 1322 in
1551 1264 1658 1323 illa
1701 1284 1895 1323 rerum
1944 1266 2098 1323 inter
2143 1283 2206 1322 se
2252 1263 2723 1340 depugnantium

378 1351 609 1410 unitate
664 1350 959 1410 mordicus
1016 1349 1326 1408 retinenda
1383 1350 1458 1407 ad
1518 1350 1719 1408 omnia
1776 1350 1960 1408 etiam
2016 1349 2392 1425 apertissima
2456 1350 2727 1410 diversae

379 1436 627 1512 originis
694 1436 914 1495 indicia
979 1436 1341 1509 caecutiant,
1412 1435 1473 1492 in
1538 1433 1887 1511 detegendis
1954 1435 2324 1510 singulorum
2394 1436 2727 1494 carminum
2814 1453 2819 1458 ¹

380 1523 584 1597 „vitiis
631 1525 752 1580 tam
803 1524 1049 1579 cernant
1092 1519 1393 1595 acutum“,
1441 1521 1509 1576 ut
1553 1520 1765 1594 etiam,
1812 1538 1961 1595 quae
2007 1538 2129 1578 non
2173 1519 2323 1594 sint,
2369 1521 2555 1579 nimia
2599 1521 2727 1579 acie

381 1608 751 1682 pervideant.
845 1605 1113 1679 Scilicet,
1183 1604 1341 1680 quod
1403 1603 1690 1663 Horatius
1751 1605 1823 1664 de
1885 1609 2167 1662 natura
2237 1604 2388 1663 dixit
2453 1606 2723 1664 omnium

379 1693 686 1751 hominum
745 1691 969 1749 invicta
1022 1691 1289 1764 domina,
1350 1689 1445 1747 hic
1500 1690 1574 1747 ad
1619 1689 1959 1765 philologos
2006 1690 2161 1748 trahi
2207 1693 2438 1764 potest,
2502 1690 2725 1766 quibus

379 1777 613 1835 etiamsi
659 1776 924 1834 criticam
970 1774 1362 1850 „expellas
1406 1774 1655 1849 furca,
1715 1778 1958 1832 tamen
2021 1792 2247 1849 usque
2290 1774 2721 1850 recurret“,

380 1862 480 1921 sed
526 1861 869 1937 importuno
919 1860 1147 1919 scilicet
1189 1861 1250 1919 et
1293 1860 1422 1918 loco
1467 1862 1530 1918 et
1574 1859 1871 1934 tempore!
1949 1859 2220 1917 Profecto
2267 1860 2446 1934 enim,
2494 1860 2725 1935 siquid

379 1947 443 2004 in
489 1946 581 2005 his
627 1949 835 2022 postea
880 1945 1150 2002 additum
1194 1947 1304 2018 est,
1351 1944 1505 2002 nihil
1550 1944 1713 2002 aliud
1743 1963 1871 2002 esse
1903 1947 2098 2019 potest
2127 1947 2369 2019 praeter
2398 1964 2453 2004 v.
2487 1946 2609 2003 426
2633 1964 2722 2020 sq.

1930 2071 2321 2097 ’’’’’

683 2166 738 2225 εἰ
776 2163 856 2242 μὴ
905 2161 1001 2224 ἐπὶ
1043 2160 1221 2241 φρεσὶ
1267 2168 1424 2242 θῆκε
1468 2161 1586 2222 θεὰ
1630 2162 1971 2242 γλαυκῶπις
2012 2156 2270 2240 Ἀθηνη,
2730 2211 2747 2246 x

379 2285 480 2343 ubi
527 2289 586 2343 et
629 2285 871 2344 initium
913 2288 1164 2360 propter
1193 2286 1407 2344 v.‹135
1441 2280 1598 2359 ῥινοὶ
1642 2276 2043 2356 ἀπέδρυφθεν
2085 2285 2473 2342 offensionem
2520 2289 2728 2344 movet

379 2376 442 2428 et
487 2371 547 2429 in
591 2370 779 2429 altero
827 2389 1002 2429 versu
1046 2370 1165 2428 iam
1209 2373 1458 2446 propter
1502 2368 1917 2444 repetitionem
1964 2388 2019 2427 v.
2052 2370 2172 2427 437

685 2485 740 2546 εἰ
776 2486 858 2564 μὴ
904 2482 1316 2566 ἐπιφροσύνην
1357 2485 1552 2546 δῶκεν
1594 2489 1935 2564 γλαυκῶπις
1976 2480 2209 2561 Ἀθήνη

380 2611 655 2683 suspecto
715 2609 893 2666 etiam
952 2609 1174 2667 locutio
1232 2603 1328 2664 ἐπὶ
1388 2601 1560 2683 φρεσὶ
1620 2609 1775 2682 θῆκε
1834 2606 2114 2682 displicet
2180 2610 2304 2665 tam
2368 2606 2527 2664 nude
2593 2609 2725 2666 sine

381 2694 584 2752 dativo
630 2697 691 2750 et
733 2692 1033 2751 infinitivo
1080 2692 1293 2767 posita.

551 2776 645 2835 Ad
690 2776 1004 2835 alteram
1052 2775 1462 2855 transgredior
1506 2776 2015 2852 rhapsodiam,
2073 2795 2223 2851 quae
2269 2775 2517 2835 Ulixis
2564 2795 2723 2835 cum

381 2863 758 2920 Nausicaa
803 2879 1288 2937 congressum
1336 2864 1621 2935 continet,
1668 2880 1844 2937 quam
1890 2866 1952 2919 et
1993 2860 2184 2935 ipsam
2230 2861 2376 2920 satis
2421 2862 2718 2937 integram

381 2951 561 3022 atque
605 2950 727 3003 tam
774 2946 924 3005 bene
967 2949 1378 3005 conservatam
1421 2945 1494 3003 ad
1539 2964 1648 3005 nos
1694 2947 2051 3020 pervenisse,
2101 2948 2170 3004 ut
2198 2946 2553 3021 paucissima
2584 2951 2722 3005 tan·

380 3035 506 3090 tum
552 3030 770 3089 criticis
828 3031 1187 3090 removenda
1227 3031 1418 3103 sint,
1452 3030 1662 3088 itidem
1717 3032 1834 3089 iam
1892 3032 1957 3088 in
2012 3031 2115 3088 ino
2170 3049 2438 3089 sermone
2496 3032 2721 3089 monui.

382 3116 477 3174 Ita
519 3133 711 3191 nuper
755 3115 1060 3175 Bekkerus
1107 3118 1264 3174 recte
1308 3136 1363 3175 v.
1397 3116 1477 3173 35

682 3226 926 3291 πάντων
970 3228 1278 3309 Φαιήκων,
1319 3223 1428 3290 ὅθι
1475 3253 1562 3290 τοι
1606 3230 1775 3309 γένος
1823 3229 1945 3291 ἐστὶ
1988 3229 2090 3290 καὶ
2135 3228 2290 3309 αὐτῇ

379 3354 640 3426 sustulit,
689 3353 912 3428 quippe
958 3352 1059 3427 qui
1106 3354 1167 3408 et
1209 3371 1455 3427 prorsus
1500 3353 1734 3412 inutilis
1778 3354 1861 3411 sit
1905 3356 2045 3427 post
2074 3371 2228 3427 eum,
2269 3354 2372 3427 qui
2417 3352 2722 3412 antecedit

679 3466 797 3546 ἤδη
841 3466 957 3547 γάρ
1002 3485 1064 3527 σε
1108 3477 1374 3547 μνῶνται
1417 3462 1691 3548 ἀριστῆες
1735 3467 1884 3529 κατὰ
1930 3469 2151 3547 δῆμον,

378 3595 439 3648 et
480 3592 542 3648 in
588 3591 703 3648 fine
750 3592 1083 3648 contortam
1128 3589 1433 3649 contineat
1476 3593 1834 3650 sententiam
1882 3593 1997 3649 iam
2043 3591 2424 3665 antiquorum
2471 3590 2713 3648 dubita·

376 3675 640 3735 tionibus
685 3674 1018 3732 obnoxiam.

552 3760 783 3819 Deinde
826 3758 1106 3835 pulchros
1150 3759 1283 3818 illos
1329 3778 1534 3819 versus
1580 3761 1829 3818 41—-47

686 3870 1104 3952 Οὔλυμπόνδ’,
1150 3871 1283 3935 oea
1330 3873 1503 3953 φασι
1548 3881 1719 3937 θεῶν
1763 3875 1894 3950 εδος
1939 3870 2205 3953 ἀσφαλὲς
2250 3874 2365 3938 αἰεὶ

680 3959 950 4038 ἔμμεναι·
998 3954 1131 4017 οὔτ’
1179 3956 1447 4038 ἀνέμοισι
1489 3960 1834 4023 τινάσσεται
1877 3984 2014 4023 ουτε
2059 3957 2193 4022 ποτ’
2242 3958 2438 4042 ὄμβρῳ

680 4041 909 4105 δευεται
953 4042 1090 4105 οὔτε
1136 4045 1284 4123 χιὼν
1327 4043 1724 4125 ἐπιπίλναται,
1768 4044 1913 4107 ἄλλα
1958 4042 2097 4124 μάλ’
2145 4046 2339 4127 αἴθρη

679 4128 969 4189 πέπταται
1011 4125 1329 4206 ἀνέφελος,
1375 4130 1551 4208 λευκὴ
1598 4128 1660 4191 δ’
1711 4129 2089 4210 ἐπιδέδρομεν
2130 4131 2338 4212 αἴγλη·

684 4223 762 4296 τῷ
809 4214 895 4273 ἔνι
940 4212 1248 4294 τέρπονται
1289 4214 1552 4294 μάκαρες
1597 4216 1730 4276 θεοὶ
1775 4211 1971 4294 ἤματα
2014 4215 2242 4276 πάντα·

680 4276 816 4357 ἔνθ’
863 4295 1060 4374 α’πέβη
1104 4304 1465 4379 γλαυκῶπις,
1514 4298 1640 4360 ἐπεὶ
1686 4298 2046 4380 διεπέφραδε
2090 4323 2309 4384 κουρῃ,

375 4437 499 4478 non
543 4418 618 4476 ab
663 4418 836 4476 initio
883 4420 978 4478 hic
1020 4420 1247 4494 positos
1295 4421 1479 4480 fuisse
1526 4439 1645 4480 non
1693 4422 1884 4479 solum
1917 4442 1986 4480 ex
2017 4424 2135 4481 isto
2165 4440 2410 4497 prorsus
2441 4420 2715 4478 inaudito
