3132 5129
1285 395 1733 461 -233-

513 548 623 614 18.
699 553 1029 613 Levidense
1094 555 1213 628 est,
1281 552 1386 613 sed
1450 553 1611 629 quod
1671 556 1869 613 temen
1934 554 1997 612 in
2064 554 2408 613 transcursu
2464 557 2674 612 notare

336 639 562 714 placet,
608 639 671 697 in
718 637 912 698 Schol.
960 638 1141 697 Laur.
1188 637 1262 696 ad
1308 639 1507 714 Apoll.
1552 638 1745 697 Rhod.
1788 637 1895 712 IV,
1943 639 2065 697 816
2112 636 2296 714 (apud
2342 639 2672 698 Marckech.

342 724 482 797 172,
529 722 751 783 Goettl.
769 720 866 816 2)
915 722 1294 783 scribendum
1339 742 1493 782 esse·
1558 715 1623 779 ‘O
1668 718 1778 780 τὸν
1824 720 2105 799 Αἰγίμιον
2134 717 2386 796 ποιήσας
2430 718 2495 780 ἐν
2539 721 2671 781 δευ-

335 802 480 887 τέρφ
524 803 712 881 φησὶν
769 797 859 865 ότι
912 801 950 882 ἡ
998 802 1171 877 Θέτις
1227 805 1310 877 εἰς
1354 805 1570 883 λέβητα
1599 802 1816 876 ὕδατος
1847 804 2091 883 ἔβαλλεν
2134 800 2269 879 τοὺς
2316 803 2382 866 ἐκ
2428 803 2674 883 Πηλέως

331 887 777 967 γεννωμένους,
833 899 1065 968 γναῖναι
1123 887 1452 968 βουλομένη
1519 891 1576 951 εἰ
1628 890 1847 969 θνητοί
1909 891 2084 951 εἰσιν·
2143 887 2378 969 ἕτεροι
2433 887 2532 967 δέ,
2588 890 2671 963 εἰς

331 984 495 1052 πῦρ,
540 998 620 1045 ως
659 970 1054 1046 Ἀπολλώνιός
1101 992 1265 1052 φησι.
1340 976 1539 1054 Vulgo
1588 972 1888 1055 ἑτέρους
1919 973 1984 1035 δὲ
2028 973 2111 1048 εἰς
2155 984 2278 1052 πῦρ
2321 977 2557 1054 legitur.

517 1056 627 1122 19.
702 1062 795 1121 Ad
840 1062 1059 1140 fragm.
1112 1063 1228 1121 191
1279 1061 1605 1122 Marckech.
1654 1059 1802 1142 (171
1854 1058 2109 1141 Goettl.)

588 1172 709 1255 ἡδῦ
756 1174 823 1237 δὲ
868 1176 969 1238 καὶ
1012 1168 1077 1237 τὸ
1121 1174 1464 1256 πυθέσθαι,
1511 1170 1624 1239 ὅσα
1667 1182 1983 1255 θνητοῖσιν
2026 1175 2268 1255 ἔδειμαν

589 1257 918 1340 ἀθάνατοι,
962 1263 1178 1323 δειλῶν
1218 1284 1281 1323 τε
1324 1259 1426 1322 καὶ
1470 1261 1711 1323 ἐσθλῶν
1752 1260 1971 1342 τέκμαρ
2017 1261 2257 1344 ἐναργές

333 1383 478 1443 haec
523 1385 617 1443 est
647 1381 999 1461 Goettlingii
1030 1384 1368 1443 adnotatio:
1418 1383 1868 1459 „Marcksch.
1914 1403 2023 1460 pro
2069 1379 2311 1460 ἔδειμαν
2353 1383 2670 1461 legendum

333 1487 463 1528 cese
523 1464 765 1543 ἔνειμαν
818 1468 1170 1545 suspicatur.
1261 1468 1378 1527 Sed
1437 1488 1572 1528 cum
1628 1488 1824 1529 sermo
1889 1470 1969 1529 sit
2023 1469 2097 1528 de
2166 1469 2545 1529 vaticinando
2601 1488 2672 1528 ex

334 1554 512 1612 certis
557 1553 915 1630 quibusdam
961 1553 1148 1630 signis
1192 1557 1253 1612 et
1296 1554 1575 1628 ostentiS,
1633 1553 1881 1629 propius
1924 1553 2129 1613 abesse
2172 1573 2208 1612 a
2262 1553 2378 1612 fide
2435 1553 2673 1614 videtur

332 1633 636 1711 ἔδειξαν.“
708 1639 891 1698 Recte
934 1638 1069 1713 ille3
1117 1639 1219 1698 sed
1250 1638 1517 1698 nondum
1547 1638 1798 1715 perfecit
1841 1638 1954 1697 loci
1986 1638 2489 1698 emendationem:
2535 1658 2671 1697 cum

332 1740 456 1782 non
500 1723 575 1782 de
619 1723 988 1798 hominibuS,
1036 1724 1137 1782 sed
1184 1724 1255 1783 de
1300 1723 1510 1798 rebuS,
1557 1742 1709 1799 quae
1749 1723 2091 1783 hominibus
2133 1723 2426 1798 accidant,
2473 1742 2669 1783 sermo

333 1810 442 1883 sit,
501 1810 630 1868 eine
686 1808 866 1868 dnbio
927 1808 1109 1867 etiam
1163 1807 1380 1867 δεινῶν
1435 1808 1809 1868 scribendum
1865 1811 1974 1867 est.
2062 1808 2273 1885 Neque
2324 1809 2485 1867 enim
2543 1809 2667 1869 vul-

331 1896 474 1969 gato
514 1892 885 1953 defendendo
929 1890 1129 1953 δειλὸν
1169 1900 1356 1971 γῆρας
1387 1893 1531 1954 Hes·
1569 1892 1725 1969 Opp.
1763 1895 1882 1952 113
1914 1912 2002 1969 sq.
2039 1896 2101 1952 et
2143 1912 2293 1969 quae
2339 1897 2480 1953 eunt
2508 1894 2669 1953 simi-

335 1978 418 2037 lia
459 1977 739 2037 adhibere
783 1980 994 2055 poesie.

507 2056 622 2123 20.
694 2064 766 2123 In
811 2063 1150 2139 fragmento
1195 2063 1472 2123 carminis
1502 2063 1990 2139 Naupactici,
2037 2063 2195 2140 quod
2244 2063 2417 2122 affert
2444 2063 2666 2126 Herod.

335 2166 398 2204 π.
446 2170 512 2223 μ.
560 2150 612 2205 λ.
658 2168 716 2224 p.
768 2150 875 2223 15,
923 2148 1244 2226 legendum
1288 2147 1580 2208 arbitror:

587 2256 723 2325 ἀλλ’
771 2260 804 2323 ὃ
846 2263 959 2342 μὲν
1001 2255 1117 2324 οὖν
1162 2260 1256 2325 ἐπὶ
1301 2262 1471 2325 θινὶ
1513 2263 1821 2342 θαλάσσης
1866 2258 2221 2343 εὐρυπόροιο

587 2348 745 2410 οἰκία
793 2348 1141 2411 ναιεταασκε
1187 2347 1522 2429 πολύρρην,
1569 2347 2013 2429 πουλυβοῶτης.

343 2469 596 2546 Legitur
637 2470 819 2547 vulgo
869 2465 963 2528 ἐπι
1007 2466 1216 2546 νηυσὶ,
1262 2470 1362 2529 sed
1409 2470 1534 2529 cod.
1583 2465 1881 2545 ἕπινευσὶ,
1927 2470 2083 2529 unde
2114 2488 2379 2529 summus
2409 2469 2666 2532 Lobeck.

337 2553 645 2630 Paralipp.
690 2575 782 2632 gr.
831 2552 936 2616 Gr.
985 2576 1042 2632 p.
1093 2558 1166 2616 71
1216 2545 1349 2615 ούκ
1393 2545 1785 2614 ἀπάνευθε
1839 2556 2190 2616 coniecerat.

506 2633 617 2703 21.
687 2640 738 2699 Ε
791 2641 1256 2718 Panyasside
1307 2640 1526 2700 Athen.
1572 2641 1659 2700 XI
1712 2661 1773 2716 p.
1821 2642 1945 2701 498
1990 2642 2027 2700 d
2084 2642 2190 2700 hos
2257 2642 2406 2701 duos
2463 2660 2668 2702 versus

338 2725 602 2784 servavit
644 2724 887 2803 (fragm.
935 2727 973 2785 3
1018 2726 1349 2800 Duebner.,
1400 2727 1476 2785 16
1522 2724 1955 2803 Tzechirner.):

588 2849 693 2902 τοῦ
737 2837 988 2922 κεράσας
1031 2843 1290 2922 κρητῆρα
1334 2838 1524 2921 μέγαν
1568 2848 1808 2922 χρυσοῖο
1851 2838 2134 2920 φαεινόν,

588 2925 912 3005 σκύπφους
955 2926 1277 3007 αἰνύμενος
1321 2924 1553 3005 θαμέας
1600 2925 1785 2988 πότον
1826 2924 1987 3007 ἡδὺν
2030 2926 2215 2989 ἔπινε.

335 3047 635 3107 Videntur
678 3048 752 3107 de
796 3048 1057 3108 Hercule
1098 3049 1411 3124 accepisse.
1502 3047 1619 3107 Sed
1675 3048 1725 3108 ei
1783 3048 1857 3108 ad
1910 3049 2067 3109 hunc
2123 3052 2230 3108 aut
2288 3049 2531 3108 omnino
2588 3050 2667 3108 ad

330 3132 634 3193 bibentem
681 3133 994 3193 immodice
1024 3152 1434 3209 quemcunque
1462 3133 1524 3192 hi
1554 3152 1760 3193 versus
1792 3133 2188 3208 pertinerent,
2233 3136 2340 3193 aut
2384 3135 2512 3209 ipso
2542 3153 2666 3194 cra-

333 3220 459 3276 tere
515 3221 622 3277 aut
672 3218 878 3277 eodem
937 3218 1175 3293 saepius
1228 3218 1439 3293 poculo
1497 3236 1639 3278 usus
1698 3237 1823 3277 esse
1882 3218 2202 3278 diceretur.
2283 3217 2443 3277 Hinc
2499 3222 2668 3294 patet

330 3302 475 3362 haec
537 3302 611 3360 ed
666 3301 1079 3378 pocillatorem
1143 3302 1458 3361 referenda
1522 3307 1585 3363 et
1646 3321 1755 3378 pro
1823 3298 2028 3361 ἔπινε
2093 3304 2470 3363 scribendum
2540 3322 2666 3363 esse

329 3382 605 3463 ἔνειμεε
655 3388 729 3447 cf.
775 3387 952 3446 Hom.
1000 3385 1030 3457 ξ
1073 3387 1195 3445 449
1243 3390 1409 3445 σῖτον
1452 3382 1519 3444 δέ
1563 3401 1713 3462 σφιν
1755 3384 1945 3462 ἔνειμε
1993 3384 2362 3459 Μεσαύλιος.

500 3465 614 3530 22.
690 3472 760 3531 In
803 3472 922 3532 alio
966 3471 1229 3531 eiusdem
1271 3475 1482 3549 poetae
1527 3472 1888 3550 fragmento,
1934 3473 2092 3548 quod
2138 3473 2416 3550 praebuit
2446 3472 2665 3533 Athen.

326 3555 390 3614 11
434 3575 498 3631 p.
545 3557 626 3616 36
672 3556 740 3631 d,
786 3558 862 3616 ab
905 3557 1079 3616 initio
1124 3555 1266 3616 haec
1308 3557 1595 3634 leguntur
1639 3555 1705 3633 (6
1750 3557 2075 3633 Duebner.,
2124 3559 2206 3618 20
2237 3554 2660 3633 Tzschirner.):

584 3671 886 3752 προὸτην
926 3669 1037 3750 μὲν
1082 3670 1335 3754 Χάριτές
1381 3666 1431 3732 τ’
1483 3671 1696 3751 ἔλαχον
1739 3671 1840 3733 καὶ
1884 3669 2172 3753 ἐύφρονες
2208 3666 2393 3753 Ωραι

584 3762 811 3862 μοῖραν
845 3754 947 3817 καὶ
1000 3757 1295 3830 Διόνυσος
1340 3755 1690 3863 ἐρίβρομος,
1723 3756 1894 3837 οἵπερ
1939 3756 2213 3833 ἔτευξαν·

587 3864 707 3915 τοις
752 3836 811 3902 δ’
861 3841 959 3902 ἔπι
1003 3843 1409 3940 Κυπρογένεια
1454 3839 1572 3904 θεὰ
1617 3839 1751 3940 λάχε
1795 3840 1898 3903 καὶ
1946 3838 2274 3922 Διόνυσος,

586 3923 741 3987 ἔνθα
785 3951 844 3989 τε
888 3926 1191 4002 κάλλιστος
1234 3920 1411 4001 πότος
1429 3919 1713 4030 ανδροὶσι
1754 3927 2015 4033 γὺγνεται
2057 3927 2256 3989 οἴνου·

585 4010 649 4071 εἴ
684 4034 793 4085 τις
834 4009 967 4090 μὲν
1008 4012 1221 4073 πίνοι
1267 4013 1371 4073 καὶ
1414 4005 1748 4093 απότροπος
1792 4009 1996 4074 οἴκαδ’
2042 4006 2298 4074 απέλθοι
2631 4025 2663 4072 5

583 4094 786 4192 δαιτὸς
829 4092 947 4158 ἀπὸ
991 4102 1312 4178 γλυκερῆς,
1357 4094 1468 4159 οὐκ
1510 4095 1597 4158 ἄν
1637 4118 1777 4159 ποτε
1820 4097 2046 4177 πήματι
2089 4097 2333 4177 κύρσαι·

582 4168 712 4241 ἄλλ’
761 4179 860 4245 ὅτε
902 4204 991 4256 τις
1034 4182 1243 4261 μοίρης
1290 4181 1557 4262 τριτάτης
1602 4181 1748 4263 πρὸς
1789 4180 2009 4261 μέτρον
2052 4181 2291 4243 ἐλαύνοι

582 4267 783 4327 πίνων
828 4262 1158 4347 ἀβλεμέως,
1203 4268 1330 4329 τότε
1378 4264 1437 4326 δ’
1467 4265 1743 4371 ζ”Υβριος
1764 4261 1904 4327 αἶσα
1947 4265 2048 4328 καὶ
2078 4266 2260 4366 ’Ἀτης

580 4350 847 4430 γίγνεται
888 4348 1176 4434 αργαλέη,
1221 4350 1376 4414 κακὰ
1423 4343 1483 4411 δ’
1528 4349 1949 4432 ανθρωποισιν
1993 4345 2215 4426 ὀπάζει.

319 4454 399 4513 V.
452 4457 486 4513 1
534 4451 779 4532 πρώτην
836 4475 972 4517 cum
1015 4456 1364 4518 Hoeechelio
1416 4456 1629 4533 scripsi
1682 4476 1791 4534 pro
1835 4476 1935 4533 eo,
1992 4457 2152 4535 quod
2208 4459 2272 4517 in
2327 4457 2498 4518 libris
2552 4463 2664 4534 est,

2704 1814 2768 1863 14
