3132 5129
1301 432 1720 495 -67-

343 610 397 665 p.
448 591 569 649 130
596 609 688 664 sq.
735 589 860 647 fere
903 591 1288 665 comprobata
1330 591 1474 664 quin
1521 609 1658 647 vera
1704 590 1800 661 sit,
1847 608 1920 647 ne
1965 607 2123 647 nunc
2168 588 2412 664 quidem
2444 588 2673 661 dubito,

343 693 698 749 quamquam
754 674 1227 733 Duentzerus
1284 676 2013 746 „carminum.venator“
2068 677 2131 731 et
2185 674 2310 748 ipse
2364 692 2556 748 nuper
2614 673 2679 730 in

342 758 528 817 Iahnii
573 759 794 817 annall.
842 760 958 818 vol.
1006 759 1201 821 LXIV
1241 758 1431 835 (Lips.
1484 754 1676 839 1852)
1718 778 1776 832 p.
1827 760 2033 815 3—14
2077 777 2302 819 novum
2349 757 2677 833 periculum

340 843 476 902 fecit
520 845 744 902 unius
790 844 948 916 inde,
1001 844 1104 902 sed
1151 844 1314 919 quod
1360 863 1493 902 cum
1540 845 1599 900 A
1643 843 1793 901 nihil
1841 863 2148 902 commune
2193 844 2493 914 habuerit,
2557 861 2677 899 car-

340 930 513 987 minis
543 928 854 988 3133033ᾶί
892 929 1098 987 multis
1134 929 1488 1005 magnisque
1520 928 1885 988 athetesibus
1914 930 2108 987 factis.
2167 928 2353 987 Tollit
2380 929 2539 987 enim
2569 926 2677 984 hos

342 1032 570 1072 versus:
626 1015 855 1071 1-47,
890 1015 1160 1073 53-86.
1199 1015 1335 1071 124.
1375 1014 1726 1071 130—133.
1764 1015 2117 1072 143—146.
2155 1015 2505 1076 160—162.
2535 1013 2677 1071 164.

347 1101 699 1157 185-187.
754 1100 1106 1157 193—197.
1155 1099 1506 1158 203—205.
1542 1099 1899 1156 239—242.
1933 1099 2285 1157 254—256.
2321 1099 2677 1158 286—288.

342 1184 698 1242 299—330.
745 1184 1103 1242 360—368
1153 1184 1507 1242 375—380.
1598 1183 1678 1242 Et
1720 1182 1813 1241 his
1858 1183 2280 1242 omissionibus
2327 1202 2460 1242 cum
2505 1202 2678 1258 quae-

342 1267 474 1325 dam
531 1287 674 1327 sane
730 1267 1113 1326 difficultates
1174 1271 1621 1338 removeantur,
1679 1271 1748 1325 ut
1802 1268 2094 1343 imprimis
2154 1268 2530 1342 ineptissima
2572 1269 2679 1326 illa

340 1354 545 1429 πεῖρα,
605 1353 774 1411 03133
819 1354 882 1411 111
927 1353 1228 1440 mysteriis
1273 1351 1611 1412 revelandis
1656 1356 1778 1409 tam
1825 1356 2062 1411 strenue
2109 1354 2485 1411 certaverunt
2530 1354 2677 1411 anti·
2710 1362 2775 1408 23

339 1438 574 1534 quiores
630 1441 694 1495 et
742 1439 1098 1498 recentiores
1143 1428 1341 1514 lytici,
1399 1442 1707 1495 remanent
1763 1440 1959 1494 tamen
2019 1438 2222 1511 plures
2278 1456 2497 1512 eaeque
2552 1456 2675 1496 non

341 1523 534 1582 minus
579 1542 813 1598 graves,
861 1522 934 1580 de
977 1524 1195 1597 quibus
1239 1524 1303 1581 in
1348 1523 1539 1597 prima
1584 1522 1687 1579 illa
1730 1521 2143 1580 dissertatione
2188 1524 2333 1581 satis
2378 1542 2674 1597 superque

340 1608 595 1678 dictum,
654 1609 723 1664 ut
778 1607 1252 1682 Agamemnonis
1309 1609 1499 1666 oratio
1557 1608 1712 1665 serio
1772 1607 2034 1665 reditum
2101 1607 2312 1665 iubens
2380 1610 2440 1664 et
2497 1608 2674 1683 fugae

340 1696 537 1751 tamen
594 1692 985 1767 ignominiam
1041 1694 1367 1769 aegerrime
1413 1693 1636 1761 ferens,
1685 1691 1986 1750 Thersites
2033 1691 2295 1750 eiusdem
2338 1693 2424 1749 rei
2470 1696 2676 1751 auctor

339 1783 399 1835 et
442 1782 644 1835 tamen
690 1795 809 1835 non
854 1777 1017 1835 Ulixi
1061 1779 1166 1837 sed
1196 1777 1637 1854 Agamemnoni
1683 1776 1952 1847 infestae,
2001 1777 2204 1835 Ulixes
2249 1783 2426 1852 atque
2455 1777 2677 1835 Nestor

339 1879 458 1920 non
490 1865 800 1936 tamquam
831 1862 1299 1937 Agamemnonis
1331 1862 1694 1921 sententiam
1724 1862 1825 1920 sed
1867 1865 1935 1919 ut
1956 1864 2287 1919 ceterorum
2318 1862 2675 1920 Graecorum

342 1947 647 2022 ignaviam
695 1946 952 2004 abeundi
998 1948 1310 2006 consilium
1357 1947 1741 2021 castiganteS,
1788 1946 2203 2022 Agamemnon
2251 1947 2506 2022 denique
2552 1947 2676 2021 ipsc

339 2031 716 2107 gravissimis
776 2031 973 2089 verbis
1032 2032 1294 2107 adeoque
1352 2032 1530 2090 minis
1587 2050 1852 2107 pugnam
1912 2031 2272 2090 denuntians
2329 2032 2401 2090 de
2448 2035 2679 2089 mutata

342 2116 529 2191 ipsius
575 2117 875 2174 sententia
916 2134 991 2173 ne
1024 2118 1324 2176 levissima
1354 2116 1594 2191 quidem
1625 2116 2056 2192 significatione
2086 2116 2430 2175 admonens.
2491 2117 2677 2175 Vides

344 2220 549 2275 parum
597 2204 832 2258 tantum
877 2201 1050 2259 istius
1097 2203 1375 2281 carminis
1421 2202 1707 2259 unitatem
1753 2201 1845 2259 his
1875 2201 2194 2259 Duentzeri
2242 2201 2547 2259 obelismis
2579 2202 2677 2259 ad·

345 2286 557 2343 iuvari.
633 2285 715 2343 Et
746 2285 973 2343 accedit
1016 2286 1177 2344 aliud
1222 2291 1611 2344 momentum.
1688 2286 1777 2342 Ea
1821 2286 1870 2344 si
1914 2286 2033 2343 fuit
2078 2287 2353 2344 carminis
2398 2286 2676 2361 primitus

344 2370 695 2445 compositio
750 2371 895 2428 satis
951 2371 1067 2428 iam
1124 2390 1321 2429 secum
1378 2372 1506 2445 ipsa
1560 2389 1863 2445 pugnans,
1923 2371 2191 2445 profecto
2245 2371 2441 2429 minus
2498 2372 2675 2428 etiam

345 2455 736 2529 intellegitur,
783 2454 884 2529 qui
928 2454 1055 2513 fieri
1100 2456 1382 2530 potuerit,
1429 2460 1497 2512 ut
1542 2457 1652 2513 hoc
1695 2473 1930 2513 carmen
1976 2455 2268 2513 eiusmodi
2298 2456 2676 2529 potissimum

345 2538 904 2614 interpolationibus
951 2545 1288 2616 augeretur,
1337 2540 1553 2615 quibus
1599 2558 1668 2598 ea
1710 2539 2057 2615 compositio
2102 2540 2291 2615 magis
2336 2540 2513 2598 etiam
2545 2559 2675 2615 per-

346 2624 723 2694 turbaretur,
804 2628 874 2683 ut
937 2625 1066 2699 ipso
1133 2626 1237 2684 illo
1305 2627 1531 2684 somnio
1598 2645 1632 2682 a
1697 2625 1838 2684 Iove
1900 2625 2338 2700 Agamemnoni
2411 2626 2676 2683 immisso

348 2710 396 2766 Β
444 2710 670 2778 1-47,
727 2710 887 2783 03οᾶ
933 2711 1231 2768 3013111313
1275 2713 1336 2767 31
1376 2710 1678 2768 levissime
1721 2712 1958 2768 tantum
2002 2729 2055 2768 v.
2105 2711 2143 2768 3
2174 2729 2263 2784 sq.
2311 2729 2443 2768 curn
2487 2711 2676 2768 altero

345 2794 523 2869 primi
578 2793 717 2851 libri
774 2795 1032 2853 carmine
1089 2794 1361 2853 cohaeret
1415 2799 1477 2853 et
1531 2794 1818 2852 orationis
1866 2795 2373 2891 Agamemnoniae
2415 2813 2679 2871 pugnam

344 2898 461 2937 11011
521 2878 723 2954 fugam
779 2880 1061 2953 spirantis
1106 2898 1343 2939 causam
1388 2879 1672 2937 continet.
1760 2879 1924 2937 Haec
1968 2880 2170 2937 omnia
2218 2912 2290 2920 —
2341 2884 2402 2939 et
2444 2898 2676 2954 possem

343 2965 460 3021 alia
519 2963 734 3021 addere
790 2963 938 3022 bene
996 2965 1187 3022 multa
1243 2995 1323 3005 -·
1383 2964 1639 3022 clamare
1694 2963 1972 3022 videntur
2025 2958 2214 3039 μόνον
2272 2958 2403 3039 οὐχὶ
2463 2960 2677 3040 φωνὴν

344 3037 594 3122 ἀφιέντα
649 3049 1061 3124 conglutinata
1116 3068 1242 3108 esse
1300 3049 1416 3107 duo
1470 3048 1754 3123 primitus
1799 3047 2035 3107 diversa
2079 3049 2366 3120 carmina,
2425 3068 2678 3123 quorum

346 3135 511 3208 prius
560 3165 633 3174 —
683 3134 990 3191 tertium
1034 3165 1116 3174 —
1161 3154 1194 3191 a
1224 3133 1708 3208 splendidissimo
1754 3133 1926 3191 initio
1959 3129 2337 3208 Ὄνειρον,
2380 3134 2676 3208 posterius

348 3251 427 3260 -
470 3221 821 3293 quartum
868 3250 943 3259 -—
991 3218 1221 3294 duplici
1276 3219 1551 3277 contione
1608 3218 1968 3277 instructum
2024 3207 2336 3295 Ἀγοροὶν
2379 3219 2677 3293 appellare

345 3302 485 3360 licet
526 3302 870 3361 nominibus
913 3303 1244 3378 antiquitus
1287 3301 1546 3362 traditis.

517 3386 745 3459 Restat,
778 3391 846 3445 ut
873 3387 1135 3447 breviter
1157 3388 1229 3446 de
1253 3388 1563 3462 utriusque
1589 3388 1867 3447 carminis
1899 3388 2279 3447 conclusione
2310 3387 2677 3457 admoneam,

348 3472 503 3547 quod
551 3474 612 3530 in
658 3472 761 3529 illa
805 3473 1221 3532 dissertatione
1266 3492 1326 3547 p.
1375 3474 1454 3531 23
1487 3491 1576 3547 sq.
1625 3472 1814 3531 facere
1858 3473 2186 3548 supersedi.
2276 3473 2346 3530 Iu
2393 3473 2677 3531 somnio

347 3557 533 3633 igitur
587 3557 704 3614 iam
760 3575 880 3615 non
947 3557 1155 3615 dubito
1217 3557 1363 3632 quin
1420 3564 1556 3631 post
1599 3558 1722 3614 452
1769 3558 2003 3616 additae
2049 3558 2275 3616 fuerint
2316 3576 2434 3616 non
2479 3558 2677 3615 minus

346 3644 607 3716 quinque
651 3641 986 3716 parabolae,
1033 3661 1285 3716 quarum
1331 3645 1453 3700 tres
1497 3642 1875 3716 copiarum
1918 3642 2382 3718 ingredientium
2425 3642 2674 3716 splen-

347 3726 600 3785 dorem
656 3724 881 3803 (455—
898 3724 1083 3801 458),
1155 3727 1565 3800 strepitum
1617 3724 2050 3806 (459—466),
2106 3727 2677 3785 multitudinem
2733 3762 2740 3768 ·

349 3810 583 3887 (469-
591 3805 777 3890 473),
836 3811 986 3869 duae
1041 3811 1263 3870 duces
1319 3811 1728 3885 imperitantes
1789 3808 2182 3889 (474-477)
2238 3816 2415 3888 31033
2482 3812 2544 3869 in
2603 3810 2676 3869 iis

346 3896 729 3970 conspicuum
762 3898 1381 3971 Agamemnonem
1428 3891 1661 3972 (477-
1678 3897 1828 3969 483)
1874 3897 2207 3971 illustrant3
2256 3900 2393 3971 post
2420 3915 2517 3955 eas
2548 3899 2678 3953 tum

347 3981 754 4055 sequebantur
800 3981 1160 4052 786—815,
1218 3980 1320 4054 qui
1376 3999 1581 4040 versus
1638 3986 1701 4040 31
1753 4001 1951 4040 rerum
2011 3982 2279 4055 alioquin
2334 3983 2678 4058 ignotarum

346 4066 515 4140 copia
569 4069 632 4122 et
662 4067 975 4132 ,sermonis
1030 4066 1459 4140 verborumque
1526 4066 1894 4141 proprietate
1960 4084 2204 4140 prorsus
2269 4066 2590 4124 abhorrent
2644 4085 2677 4122 a

345 4150 527 4208 solita
584 4150 1063 4210 centonariorum
1120 4151 1449 4209 ieiunitate.
1536 4149 1747 4226 Itaque
1802 4169 1913 4210 nec
1956 4148 2299 4209 Aristarcho
2355 4150 2675 4223 adsentior,

346 4235 447 4309 qui
497 4236 839 4294 791--795
872 4235 1044 4293 obelo
1075 4236 1337 4309 notavit3
1383 4235 1508 4295 vid.
1544 4234 1739 4295 Schol.
1774 4237 1847 4294 ad
1882 4236 2035 4294 791·
2083 4228 2260 4310 „obad
2307 4228 2518 4293 τούτου
2566 4231 2675 4305 ἕως

348 4318 448 4377 τοῦ
495 4340 574 4377 τω
629 4340 735 4394 μιν
792 4315 1097 4396 ἐεισαμένη
1152 4313 1511 4378 ἆθετοῦνται
1546 4319 1755 4416 στίχοι
1811 4315 2002 4382 πέντε.
2091 4316 2146 4377 εἰ
2184 4315 2295 4396 γὰρ
2355 4315 2528 4378 ἕνεκα
2574 4326 2679 4377 τοῦ

346 4405 813 4481 προαπαγγεῖλαι
854 4424 950 4462 οτι
991 4402 1422 4483 παραγίνονται
1466 4395 1563 4461 οἱ
1562 4396 1858 4481 Έλληνες,
1901 4399 2068 4482 ἤρκει
2110 4397 2142 4461 ὁ
2192 4402 2466 4480 Πολίτης,
2511 4401 2679 4480 εἴπερ

345 4484 497 4559 ολως
543 4483 829 4568 ἐπετήρει.
887 4489 941 4548 εἰ
980 4485 1046 4546 δὲ
1093 4484 1266 4546 ἕνεκα
1314 4497 1419 4546 τοῦ
1464 4487 1923 4568 προτρέψασθαι
1962 4486 2043 4566 μὴ
2090 4493 2422 4564 τολμῶντας
2469 4492 2675 4565 προελ-

2200 4592 2268 4640 5.
