3132 5129
1363 1356 1628 1443 XXII.

411 1530 504 1598 De
541 1529 793 1599 Musaei
830 1530 1255 1617 grammatici
1294 1528 1523 1599 codice
1562 1528 1874 1598 Palatino
1913 1529 2193 1618 scripsit
2231 1530 2576 1599 variarum

684 1670 1053 1741 lectionum
1094 1671 1354 1739 lancem
1394 1673 1694 1741 saturam
1733 1668 1985 1739 adiecit
2023 1671 2093 1739 A.
2135 1670 2211 1740 K.
2227 1665 2308 1766 ¹).
2587 1732 2630 1771 0

1390 1979 1598 2038 Viris

578 2074 585 2083 ⁰
692 2079 1191 2154 amplissimis
1235 2080 1790 2140 eruditissimis
1833 2080 2307 2157 gravissimis

873 2180 1444 2257 Heidelbergam
1491 2182 2122 2241 convenientibus

1120 2284 1496 2343 Arminius
1542 2283 1873 2359 Koechly

1467 2385 1526 2443 S.

505 2537 1025 2614 Circumspicienti
1071 2536 1213 2595 mihi
1262 2536 1482 2614 diuque
1516 2537 1899 2613 deliberanti,
1947 2538 2088 2613 quid
2133 2538 2505 2613 potissimum
2547 2557 2663 2596 ma-

326 2624 512 2682 teriae
565 2625 677 2684 boc
730 2624 933 2682 libello
989 2622 1338 2682 salutatorio
1393 2624 1771 2683 tmctandum
1830 2642 2154 2697 sumerem,
2216 2642 2309 2681 res
2364 2623 2437 2680 ad
2496 2622 2666 2680 dubi-

330 2710 618 2769 tationem
663 2710 948 2785 primum,
998 2708 1210 2766 deinde
1253 2708 1332 2766 ad
1379 2709 1878 2783 sollicitudinem,
1934 2710 2233 2783 postremo
2281 2707 2352 2765 ad
2399 2707 2664 2783 despera-

330 2795 553 2852 tionem
612 2794 840 2851 recidit.
930 2796 1059 2864 Quo
1117 2794 1347 2868 saepius
1406 2795 1564 2852 enim
1624 2798 1685 2852 et
1741 2795 2028 2853 intentius
2086 2787 2151 2850 ἐν
2208 2799 2418 2871 μακρῷ
2472 2785 2666 2873 χρόνῳ

336 2867 549 2948 νυκτὸς
599 2875 1050 2954 διηγρύπνησα,
1098 2897 1166 2936 ex
1199 2878 1364 2937 varia
1405 2898 1557 2953 quae
1590 2880 1948 2954 suppetebat
1980 2881 2464 2954 argumentorum
2498 2881 2667 2954 copia

331 2962 490 3038 quod
545 2963 782 3022 tandem
842 2982 951 3022 neo
999 2963 1211 3022 Vestra
1266 2963 1559 3040 dignitate
1619 2965 1794 3022 nimis
1851 2965 2102 3022 inferius
2160 2966 2222 3021 et
2278 2965 2371 3020 tot
2425 2967 2664 3040 tamque

331 3047 697 3106 diversarum
745 3049 1126 3106 scientiarum
1173 3048 1664 3107 eminentissimis
1713 3049 2040 3108 cultoribus
2086 3049 2312 3123 pariter
2358 3052 2663 3124 acceptum

332 3136 392 3190 et
422 3132 623 3208 aliquo
656 3132 832 3190 modo
877 3153 1010 3192 cum
1058 3135 1297 3191 nostrae
1346 3133 1512 3192 urbis
1541 3136 1758 3191 natura
1786 3138 1892 3192 aut
1921 3133 2252 3192 rationibus
2283 3133 2665 3193 coniunctum

329 3236 438 3276 nec
482 3236 516 3274 a
558 3219 706 3276 meis
751 3218 937 3292 ipsius
984 3216 1288 3276 laboribus
1344 3236 1475 3275 cum
1533 3218 1608 3274 ab
1669 3220 1839 3277 initio
1882 3220 2207 3277 litterariae
2256 3219 2413 3277 vitae
2461 3219 2664 3276 electis

327 3306 457 3359 tum
513 3303 575 3360 in
630 3302 741 3360 hoc
795 3303 929 3377 ipso
986 3305 1226 3361 nostrae
1283 3303 1693 3362 universitatis
1749 3323 1994 3363 munere
2049 3303 2340 3378 susceptis
2407 3303 2666 3361 alienum

329 3392 518 3461 esset,
567 3406 634 3446 eo
679 3389 899 3446 certius
945 3388 1005 3445 in
1052 3407 1121 3445 ea
1165 3391 1466 3460 postremo
1513 3389 1812 3446 sententia
1856 3388 2296 3448 subsistendum
2344 3388 2486 3445 mibi
2533 3407 2665 3463 eog-

329 3473 502 3546 novi,
561 3473 629 3529 ut
683 3492 867 3530 unum
913 3476 1093 3547 atque
1138 3471 1471 3547 singulare,
1528 3473 1688 3546 quod
1744 3474 1818 3532 ab
1865 3472 2142 3532 omnibus
2188 3473 2458 3548 partibus
2503 3491 2667 3530 meae

333 3557 627 3616 voluntati
674 3557 1086 3632 responderet,
1135 3559 1550 3631 argumentum
1585 3576 1693 3616 nec
1724 3559 1785 3616 in
1817 3561 1987 3616 curta
2031 3557 2366 3617 studiorum
2398 3576 2664 3615 meorum

330 3642 700 3724 supellectile
745 3642 987 3700 omnino
1032 3642 1287 3701 inveniri
1332 3660 1441 3699 nec
1485 3642 1624 3700 exili
1669 3643 1892 3719 ingenii
1941 3644 2055 3701 mei
2099 3642 2508 3700 mediocritate
2552 3643 2667 3699 rite

326 3728 600 3786 exornari
663 3746 838 3801 posse
894 3745 1212 3785 censerem.
1303 3725 1397 3784 Ita
1452 3744 1584 3783 cum
1643 3727 1858 3786 cotidie
1913 3727 2102 3802 magis
2160 3727 2472 3802 magisque
2515 3725 2666 3784 illud

329 3811 567 3871 Solonis
611 3809 849 3869 πᾶσιν
902 3804 1121 3868 ἁδεῖν
1174 3807 1497 3886 χαλεπόν
1551 3812 1961 3888 intellegerem
2019 3812 2080 3869 in
2140 3830 2270 3868 mea
2324 3810 2670 3869 condicione

330 3896 416 3953 ita
459 3898 673 3971 valere,
720 3899 790 3955 ut
834 3897 1107 3955 omnibus
1155 3900 1257 3953 aut
1303 3914 1421 3953 uno
1467 3896 1645 3954 modo
1689 3898 1795 3954 aut
1837 3897 2061 3971 pariter
2103 3900 2210 3954 aut
2253 3897 2495 3953 omnino
2540 3895 2667 3970 pla-

331 3981 500 4039 cendi
547 4001 687 4056 spes
731 3982 876 4040 mihi
922 4000 1164 4057 prorsus
1210 3980 1562 4054 deponenda
1607 3983 1780 4056 esset,
1827 3983 2005 4056 certe,
2053 3982 2121 4038 ut
2173 3999 2350 4055 quam
2392 3980 2667 4055 plurimis

465 4197 516 4261 ¹)
558 4196 986 4264 {Philologos
1075 4193 1475 4262 aedagogos
1535 4210 1614 4248 ue
1641 4195 2012 4249 Germanos
2044 4195 2137 4253 dd.
2161 4194 2386 4253 XXVII.
2412 4195 2665 4250 XXVIII.

327 4263 505 4316 XXIX
578 4263 744 4317 XXX.
790 4279 963 4316 mens.
1054 4262 1328 4331 eptembr.
1374 4279 1425 4314 a..
1532 4261 1881 4316 DCCCLXV.
1965 4261 2377 4333 Heidelbergae
2422 4281 2666 4318 annuum

326 4339 661 4385 conventum
724 4331 997 4385 habentes
1067 4332 1175 4384 rite
1248 4332 1573 4384 reverenter
1641 4331 1818 4383 amice
1889 4329 2244 4385 consalutant
2313 4330 2668 4385 Arminius

328 4398 634 4468 Koechly
676 4399 1064 4452 Bernartius
1088 4398 1294 4451 Stark
1321 4397 1602 4451 Carolus
1629 4398 2040 4452 Cadenbaeh
2065 4399 2344 4452 triumviri
2369 4401 2668 4454 conventui
2699 4396 2708 4404 ’

331 4468 694 4522 moderando.
765 4466 1182 4536 Heidelbergae
1219 4465 1368 4536 typis
1405 4465 1711 4519 Mohrianis
1746 4465 2181 4537 MDCCCLXV.]
