3132 5129
377 3031 439 3076 10

1411 397 1868 461 -252—

473 557 667 614 omnis
710 574 808 613 eas
851 556 1174 630 particulas
1219 555 1530 630 separandi
1576 558 1822 614 conatus
1869 575 2052 614 vanus
2097 558 2193 629 sit,
2241 573 2476 613 omnem
2520 555 2685 612 illam
2732 555 2806 612 de

475 640 854 716 Theogoniae
912 641 1338 715 compositione
1394 640 1737 715 opinionem
1804 660 2017 700 vanam
2083 640 2293 702 videri.
2384 639 2503 697 Sed
2568 640 2811 698 omnino

472 726 651 801 longe
706 725 825 784 alia
881 725 1025 783 mibi
1087 745 1251 783 mens
1295 727 1401 784 est.
1494 726 1777 796 Quamvis
1821 727 1979 784 enim
2025 725 2340 784 concedam
2385 724 2512 784 fieri
2558 724 2809 783 fortasse

472 828 661 885 posse,
708 813 777 868 ut
819 811 1033 870 timida
1076 811 1315 869 illorum
1361 810 1652 886 modestia
1697 811 1867 870 irrito
1913 830 2148 886 quoque
2193 814 2409 869 conatu
2455 808 2806 884 comprobe-

474 900 600 969 tur,
648 898 849 954 tamen
894 895 989 954 hic
1031 896 1157 970 ipse
1201 898 1404 953 utrum
1451 896 1658 954 irritus
1702 896 1984 955 ceciderit
2025 915 2102 954 an
2145 895 2424 953 babuerit
2468 912 2807 953 successum

472 999 591 1038 non
647 982 840 1055 prius,
909 999 1086 1055 quam
1142 983 1375 1039 tentata
1429 980 1553 1039 sint
1608 982 1833 1055 omnia,
1903 981 2153 1039 iudicari
2209 984 2271 1038 et
2326 982 2525 1055 potest
2568 982 2630 1038 et
2671 997 2813 1038 vero

474 1065 666 1139 debet,
714 1067 994 1140 quoniam
1027 1068 1095 1123 ut
1124 1065 1396 1124 omnibus
1429 1067 1488 1123 in
1535 1066 1713 1124 rebus
1758 1066 1843 1124 ita
1886 1068 2061 1124 etiam
2107 1066 2170 1123 in
2214 1065 2436 1123 litteris
2481 1063 2809 1123 tractandis

473 1150 943 1225 desperationem
991 1150 1411 1220 tentaminum,
1470 1153 1765 1225 quotquot
1821 1152 2071 1226 cogitari
2123 1154 2389 1225 possunt,
2436 1152 2810 1224 postremum

476 1234 686 1310 finem,
746 1254 897 1309 non,
957 1238 1276 1311 quominus
1328 1237 1644 1311 quicquam
1702 1237 1943 1294 omnino
1997 1237 2291 1308 tentetur,
2354 1235 2429 1292 ab
2488 1234 2660 1292 initio
2705 1235 2811 1291 im·

476 1319 882 1395 pedimentum
930 1340 1054 1379 esse
1102 1323 1360 1395 oportet.
1435 1320 1664 1379 Deinde
1709 1340 1818 1379 nec
1862 1320 1971 1379 hoc
2016 1319 2273 1379 diffiteor
2315 1320 2467 1377 banc
2508 1320 2809 1394 quaestio—

477 1424 643 1474 nem,
691 1406 740 1464 si
788 1406 1029 1481 quidem
1074 1407 1265 1480 possit
1309 1406 1549 1464 omnino
1596 1405 1778 1476 solvi,
1827 1405 2089 1464 solutum
2135 1406 2205 1462 iri
2253 1409 2315 1462 et
2358 1403 2708 1462 difficillime
2751 1407 2814 1462 et

479 1491 696 1548 sensim
742 1492 1159 1566 gradatimque
1203 1493 1265 1547 et
1307 1492 1410 1561 ita,
1457 1492 1526 1548 ut
1555 1491 1647 1549 vel
1680 1492 1820 1565 post
1851 1490 2186 1548 cumulatos
2217 1489 2545 1548 multorum
2577 1489 2813 1547 labores

477 1575 548 1632 de
605 1575 782 1633 rebus
838 1575 990 1633 haud
1049 1576 1251 1650 paucis
1308 1574 1654 1650 ambiguum
1714 1576 2121 1649 incertumque
2178 1592 2409 1648 semper
2463 1592 2808 1632 mansurum

475 1661 556 1718 sit
599 1661 904 1718 iudicium.
981 1659 1201 1717 Verum
1235 1662 1391 1717 enim
1438 1677 1577 1718 vero
1622 1659 1769 1717 nibil
1815 1659 1954 1718 inde
1997 1659 2159 1717 aliud
2205 1660 2474 1734 sequitur
2516 1659 2630 1717 nisi
2677 1657 2806 1730 hoc,

475 1764 610 1803 cum
667 1745 906 1802 omnino
959 1746 1218 1818 plurima
1277 1746 1332 1801 in
1401 1745 1625 1802 nostris
1691 1744 1909 1802 litteris
1970 1763 2089 1803 non
2153 1745 2389 1819 possint
2452 1743 2528 1801 ad
2590 1746 2810 1801 certam

476 1829 1027 1887 mathematicorum
1057 1831 1373 1887 veritatem
1405 1828 1667 1904 perduci,
1717 1829 2121 1903 „periculosae
2150 1830 2391 1905 plenum
2424 1847 2575 1903 opus
2604 1828 2809 1886 aleae“

475 1914 768 1988 imprimis
820 1914 1105 1972 eiusmodi
1163 1933 1286 1972 esse
1341 1914 1780 1988 quaestionem,
1849 1913 1924 1971 ad
1991 1933 2168 1988 quam
2236 1915 2337 1989 qui
2394 1913 2638 1972 accedat
2691 1931 2812 1970 non

478 1999 670 2057 solum
701 1999 1330 2057 laboriosum-cautum
1368 1999 1581 2057 fortem
1614 2017 1738 2056 esse
1784 2002 2040 2072 oportet,
2089 1998 2189 2077 sed
2235 1999 2414 2057 etiam
2459 1999 2534 2056 ad
2580 1998 2808 2057 cladem

478 2103 582 2160 pro
630 2084 879 2141 victoria
923 2085 1340 2158 reportandam
1385 2086 1681 2158 paratum.
1771 2083 1901 2141 Hoc
1954 2085 2149 2157 ipsum
2194 2102 2334 2142 vero
2379 2084 2548 2142 decet
2591 2083 2813 2140 litteris

475 2188 545 2226 eo
604 2187 781 2244 quem
838 2188 1019 2243 supra
1074 2169 1541 2244 praedicavimus
1600 2168 1779 2227 modo
1836 2168 2139 2242 litantem,
2196 2170 2623 2243 verissimeque
2668 2168 2813 2225 olim

477 2254 711 2311 monuit
766 2254 1142 2313 Hermannus
1201 2256 1381 2313 etiam
1439 2254 1775 2311 litterarum
1835 2272 2032 2311 aream
2102 2253 2241 2311 belli
2308 2253 2479 2328 quasi
2538 2272 2811 2327 campum

474 2358 631 2412 esse,
690 2359 726 2396 a
782 2358 898 2414 quo
954 2358 1129 2398 nemo
1186 2340 1314 2398 sine
1373 2338 1720 2397 vulneribus
1776 2338 2042 2411 recedat,
2114 2358 2263 2412 quae
2319 2342 2380 2396 et
2432 2336 2811 2396 reformidari

477 2425 729 2482 maxime
760 2426 822 2481 et
851 2423 1144 2498 deplorari
1175 2445 1212 2483 a
1241 2424 1537 2483 tironibus
1568 2426 1747 2498 atque
1781 2423 2215 2482 Thrasonibus!
2289 2423 2582 2493 Quoniam
2626 2422 2811 2499 igitur

475 2509 653 2568 etiam
701 2509 1037 2568 litterarum

688 2645 949 2719 „militat
994 2646 1183 2705 omnis
1227 2665 1431 2704 amans
1477 2649 1539 2704 et
1582 2645 1761 2703 babet
1807 2664 1913 2703 sua
1957 2646 2153 2703 castra
2198 2644 2613 2718 Minerva“,

473 2765 631 2839 quod
678 2764 824 2823 Cato
882 2764 1120 2838 scripsit
1176 2765 1490 2841 „legiones
1535 2765 1833 2822 Romanas
1889 2764 1951 2821 in
2006 2782 2140 2821 eum
2198 2781 2373 2838 saepe
2430 2763 2623 2821 locum
2685 2781 2814 2838 pro·

475 2849 658 2907 sectas
704 2850 884 2907 alacri
932 2850 1131 2906 animo
1176 2853 1236 2907 et
1279 2852 1492 2922 erectO,
1541 2849 1697 2906 unde
1742 2867 1804 2907 se
1847 2867 2175 2922 numquam
2217 2848 2513 2906 redituras
2555 2847 2811 2906 arbitra-

476 2935 765 3003 rentur“‚
833 2934 1040 2991 harum
1110 2934 1296 3010 igitur
1361 2934 1698 3008 exemplum
1768 2934 2035 3006 imitatos
2101 2951 2211 2992 nos
2278 2932 2447 2991 decet
2509 2932 2816 2991 doctrinae

481 3018 726 3092 milites,
788 3018 888 3076 ubi
933 3020 996 3076 in
1041 3019 1329 3078 eiusmodi
1376 3038 1577 3077 caecas
1624 3017 2056 3092 insidiosasque
2101 3017 2359 3076 latebras
2404 3016 2809 3088 inciderimuS,

480 3122 600 3161 non
631 3104 866 3179 regredi
898 3104 1131 3177 pavide,
1180 3104 1280 3162 sed
1328 3104 1576 3179 provida
1618 3102 1865 3161 audacia
1908 3105 2264 3178 strenuaque
2309 3103 2645 3161 constantia
2689 3103 2815 3160 tam

476 3188 575 3246 diu
622 3189 935 3261 invadere,
994 3190 1177 3247 donec
1236 3192 1339 3246 aut
1384 3189 1430 3246 si
1477 3207 1599 3246 non
1643 3189 1833 3264 ipsam
1876 3188 2187 3246 victoriam
2230 3192 2294 3245 at
2337 3187 2569 3262 aliquid
2615 3190 2815 3245 tamen

474 3273 728 3348 praedae
773 3275 1275 3348 reportaverimus
1321 3276 1425 3331 aut
1467 3292 1595 3330 rem
1641 3273 1765 3332 sive
1810 3273 2051 3331 omnino
2096 3274 2383 3331 invictam
2428 3273 2554 3330 sive
2585 3271 2810 3330 nostris

473 3359 711 3433 quidem
773 3359 1000 3417 viribus
1067 3358 1527 3433 insuperabilem
1595 3376 1704 3416 nos
1772 3357 2133 3432 appetivisse
2186 3356 2812 3415 animadverterimus.

474 3444 627 3501 Nam
681 3443 778 3501 hic
834 3462 1070 3518 quoque
1131 3445 1198 3501 ut
1257 3444 1318 3501 in
1373 3442 1547 3501 bellis
1601 3445 1780 3517 atque
1826 3442 2102 3500 civilibus
2146 3441 2632 3501 conversionibus
2677 3460 2813 3500 cum

476 3527 670 3586 clades
727 3529 885 3585 haud
941 3547 1072 3586 raro
1128 3528 1569 3587 funestissimae
1624 3528 1961 3596 futurarum
2006 3526 2387 3586 victoriarum
2433 3526 2606 3601 quasi
2653 3527 2811 3601 igni—

475 3613 642 3671 culos
687 3614 988 3671 continere
1034 3613 1288 3682 soleant,
1349 3613 1581 3671 etiamsi
1639 3613 1833 3671 victor
1893 3611 2130 3669 demum
2175 3611 2373 3686 palma
2414 3611 2603 3669 nobili
2647 3629 2811 3669 coro·

475 3701 651 3755 natus
697 3697 1114 3773 plaudentium
1157 3697 1434 3757 laudibus
1477 3698 1848 3772 perennique
1877 3697 2070 3772 gloria
2102 3697 2431 3771 decoretur,
2477 3699 2678 3754 tamen
2710 3696 2809 3770 qui

478 3787 654 3841 antea
697 3782 934 3840 fortiter
970 3785 1310 3879 pugnantes
1340 3783 1683 3841 ceciderunt
1713 3783 1955 3857 impigri
1998 3782 2219 3841 laboris
2250 3781 2674 3840 conscientiam
2703 3799 2810 3856 pro

482 3868 709 3942 optimo
754 3868 1022 3942 praemio
1068 3867 1435 3925 habuerunt!

643 3952 772 4010 Hac
825 3971 938 4026 ego
995 3970 1228 4027 quoque
1283 3952 1642 4011 conscientia
1705 3952 1972 4009 firmatus
2034 3952 2098 4010 in
2164 3950 2545 4010 celeberrima
2600 3967 2810 4024 oppor-

478 4037 738 4095 tunitate
795 4035 1205 4094 difficillimam
1263 4038 1669 4111 quaestionem
1716 4035 1971 4094 multum
2016 4055 2156 4094 sanc
2203 4035 2424 4110 diuque
2467 4055 2504 4092 a
2549 4053 2641 4092 me
2686 4034 2809 4108 agi-

475 4123 664 4179 tatam
695 4122 938 4196 palam
923 4141 1039 4179 lam
1072 4121 1317 4198 adgredi
1349 4141 1468 4180 non
1499 4121 1787 4196 dubitavi,
1835 4125 1905 4178 ut
1942 4125 2004 4179 et
2031 4120 2376 4179 hodiernam
2406 4120 2812 4195 Theogoniam

477 4205 540 4263 in
585 4206 881 4282 singulas,
929 4226 961 4264 e
1005 4206 1222 4281 quibus
1267 4208 1597 4282 composita
1641 4210 1758 4280 est,
1814 4206 2138 4279 particulas
2184 4205 2512 4265 dissolvere
2556 4209 2644 4278 et,
2700 4204 2810 4261 bae

476 4291 639 4365 ipsae
703 4290 1000 4365 quomodo
1060 4291 1336 4366 primitus
1402 4287 1774 4365 comparatae
1839 4291 2022 4350 fuisse
2086 4290 2430 4364 videantur,
2493 4292 2811 4364 antequam

478 4375 739 4434 variatae
795 4377 1016 4434 sensim
1072 4381 1135 4434 et
1188 4377 1581 4452 amplificatae
1636 4378 1937 4450 postremo
1995 4376 2298 4451 „undique
2354 4374 2587 4434 collatis
2630 4392 2810 4432 mem-

477 4459 645 4521 bris“
692 4460 754 4518 in
800 4479 1014 4520 vanam
1058 4462 1236 4521 unius
1282 4463 1547 4536 corporis
1593 4459 1850 4536 speciem
1883 4461 2231 4519 coniunctae
2263 4461 2400 4534 sint,
2447 4459 2809 4534 investigare
