3132 5129
1267 383 1728 444 —131—

643 570 715 582 —
762 570 847 582 —
891 570 973 580 —
1017 535 1105 597 τοὶ
1150 533 1208 594 δ’
1257 532 1561 609 ὁπλίζοντο
1602 527 1730 615 μάλ’
1778 530 1936 613 ῶκα,

633 617 1004 702 ἀμφότερον,
1050 619 1270 694 νέκυάς
1315 618 1369 681 τ’
1416 617 1667 702 ἀγέμεν,
1713 619 1892 702 ἕτεροι
1940 618 2004 681 δὲ
2047 617 2193 698 μεθ’
2241 616 2414 696 ὕλην.

497 742 815 803 Postremo
859 744 983 800 4⁶24

635 857 792 919 ἔνθα
838 858 1167 939 διαγνῶναι
1209 861 1471 937 χαλεπῶς
1515 849 1597 938 ἦν
1638 852 1826 938 ἄνδρα
1870 857 2118 920 ἕκαστον

325 985 392 1040 et
445 1000 572 1039 rem
628 981 919 1040 confinxit
970 982 1119 1040 satis
1173 981 1585 1041 incredibilem
1648 1014 1721 1023 —
1778 983 1913 1057 quis
1971 981 2130 1039 enim
2198 980 2402 1039 credat
2466 998 2670 1039 omnes

327 1068 576 1125 omnino
615 1070 882 1125 mortuos
913 1067 995 1125 ita
1025 1070 1130 1124 aut
1172 1067 1427 1125 laniatos
1473 1070 1578 1125 aut
1620 1084 1826 1125 cruore
1872 1066 2093 1125 oblitos
2138 1066 2350 1140 fuisse,
2398 1069 2468 1123 ut
2511 1065 2667 1123 disfi-

323 1152 439 1210 cile
485 1155 645 1210 esset
686 1170 787 1210 eos
832 1151 1218 1226 dignoscendi
1261 1150 1618 1228 negotium?
1667 1183 1742 1193 -
1791 1151 2016 1210 scilicet
2060 1151 2280 1210 abu'sus
2331 1151 2400 1206 Ψ
2424 1152 2544 1209 239
2578 1170 2666 1225 sq.

636 1262 807 1327 ὀστέα
853 1267 1222 1347 Πατρόκλοιο
1268 1266 1679 1327 Μενοιτιάδαο
1721 1265 1981 1347 λέγωμεν

637 1345 705 1412 εὖ
751 1349 1310 1433 διαγιγνώσκοντες·
1355 1346 1686 1430 ἀριφραδέα
1733 1349 1796 1412 δὲ
1840 1350 2137 1430 τέτυκται,

331 1493 442 1533 nec
485 1475 705 1564 usitate
750 1475 991 1549 scripsit
1031 1470 1340 1549 χαλεπῶς
1383 1457 1493 1549 ἦν,
1539 1474 1698 1575 quod
1744 1473 1933 1533 sensit
1975 1473 2255 1531 librarius
2302 1475 2403 1548 qui
2447 1491 2554 1548 pro
2601 1491 2668 1531 eo

329 1563 542 1618 contra
584 1562 840 1618 metrum
886 1559 1202 1617 substituit
1244 1555 1499 1633 χαλεπὸν
1541 1580 1654 1634 ην,
1710 1559 1939 1617 scilicet
1979 1577 2203 1616 memor
2249 1561 2310 1615 et
2350 1556 2547 1626 κακῶς
2588 1547 2671 1633 ἦν

327 1643 537 1703 eadem
583 1645 647 1702 in
692 1643 829 1703 sede
876 1643 914 1699 Ι
943 1646 1061 1701 551
1110 1645 1292 1718 positi
1337 1646 1398 1701 et
1448 1644 1504 1699 Y
1532 1646 1650 1702 186
1700 1675 1781 1686 —-
1825 1640 2091 1718 χαλεπῶς
2149 1637 2216 1700 δέ
2270 1636 2330 1699 σ’
2380 1638 2558 1699 ἔολπα
2604 1631 2669 1699 τό

327 1723 734 1887 ὁέξεηῦιιοω,
779 1832 956 1888 quem
987 1813 1311 1889 ipsefecit,
1359 1832 1597 1872 versum
1644 1813 1719 1872 ab
1749 1815 1910 1872 omni
1941 1812 2382 1888 vituperatione
2414 1813 2670 1871 liberum

327 1917 459 1959 esse
505 1898 766 1958 concedo
810 1899 934 1957 362

635 2008 915 2094 ἄντικρὺς
962 2003 1014 2072 δ’
1064 2008 1372 2092 ἀπόφημι·
1416 2020 1677 2095 γυναῖκα
1719 2011 1832 2090 μὲν
1874 2011 1984 2074 οὐκ
2026 2009 2337 2075 ἀποδώσω.

503 2152 652 2226 Sed,
698 2156 766 2211 ut
809 2155 1049 2213 omnino
1092 2153 1404 2212 minimum
1449 2172 1623 2228 saepe
1668 2154 2051 2211 intervallum
2097 2173 2225 2214 esse
2264 2154 2485 2211 dicitur
2515 2154 2671 2212 inter

332 2239 452 2296 ima
482 2249 544 2296 et.
573 2257 835 2312 summa,
881 2239 966 2297 ita
1010 2239 1214 2298 statim
1262 2239 1517 2298 octavi
1564 2236 1748 2295 libri
1792 2237 2098 2296 initium
2131 2257 2374 2313 prorsus
2406 2238 2672 2296 diversae

328 2329 423 2382 est
449 2326 717 2381 naturae.
764 2322 967 2382 Sensit
996 2324 1105 2381 hoc
1135 2323 1252 2380 iam
1273 2323 1375 2381 Ka
1388 2340 1685 2398 yseruS,
1719 2341 1871 2394 cum,
1904 2324 1996 2381 uti
2028 2342 2209 2398 supra
2243 2319 2322 2401 [p.
2353 2315 2497 2402 122]
2522 2322 2667 2381 vidi-

333 2426 492 2480 muS,
541 2405 594 2463 Θ
630 2408 831 2465 1—27
863 2427 899 2466 a
929 2408 1253 2482 communi,
1301 2427 1482 2483 quam
1527 2408 1960 2482 pronuntiavit,
2010 2407 2389 2466 damnatione
2419 2407 2671 2480 exemit3

332 2492 435 2551 sed
459 2490 709 2550 eandem
733 2493 965 2568 spirant
984 2492 1429 2568 splendidarum
1451 2492 1780 2567 imaginum
1805 2490 2303 2567 magnificentiam
2322 2511 2378 2550 v.
2399 2491 2669 2566 41-52,

333 2578 551 2652 quibus
607 2578 877 2637 versibus
930 2580 1148 2653 partim
1206 2578 1363 2636 infra
1421 2578 1492 2635 de
1556 2577 1738 2636 simili
1791 2576 2059 2651 Neptuni
2126 2578 2337 2636 itinere
2400 2577 2671 2651 repetitis

333 2661 426 2736 (Ν
457 2663 707 2721 23—26
737 2688 819 2710 ==
855 2662 908 2720 Θ
937 2664 1208 2722 41-44,
1283 2663 1343 2719 Ν
1372 2663 1452 2719 33
1498 2661 1634 2722 coll.
1699 2659 1751 2717 Θ
1781 2663 1882 2720 44.
1932 2662 1994 2718 Ν
2024 2663 2105 2721 34
2125 2681 2212 2737 sq.
2245 2688 2328 2709 =
2364 2659 2417 2717 Θ
2451 2663 2531 2719 49
2556 2656 2674 2739 sq.)

333 2746 496 2805 Iovis
526 2765 705 2805 aureo
737 2766 924 2805 curru·
957 2746 1286 2806 insistentis
1330 2746 1407 2804 ab
1440 2744 1698 2821 Olympo
1729 2745 1804 2804 ad
1834 2745 2004 2805 Idam
2034 2750 2277 2806 vectura
2306 2746 2673 2806 vividissime

337 2831 700 2907 depingitur.
788 2831 912 2890 Nec
967 2833 1232 2907 profecto
1286 2831 1451 2890 cuius
1506 2831 1601 2889 bio
1655 2832 1931 2890 carminis
1990 2832 2311 2907 spectabile
2354 2832 2675 2890 habeamus

334 2916 753 2992 fragmentum,
798 2917 1117 2976 obscurum
1148 2935 1273 2976 esse
1304 2919 1532 2991 potest:
1583 2919 1650 2973 ut
1676 2915 1992 2990 Neptunus
2021 2917 2124 2976 ille
2154 2916 2336 2975 nullis
2366 2916 2671 2987 machinis,

336 3001 657 3075 quominus
701 2999 903 3060 Iovis
934 3002 1308 3077 vigilantiam
1355 3000 1609 3072 fallat,
1654 2999 1962 3076 prohiberi
2005 3004 2231 3075 potest,
2278 3001 2363 3059 ita
2406 3001 2503 3059 hic
2547 3001 2673 3076 qui-

335 3086 469 3144 dem
513 3085 791 3160 Iuppiter
844 3089 1047 3145 tantae
1105 3086 1410 3161 potentiae
1466 3086 1786 3144 iactatione
1829 3086 2153 3163 universos,
2183 3086 2322 3144 deos
2368 3085 2672 3144 deterrens

336 3169 492 3228 idom
515 3169 786 3243 profecto
812 3174 921 3245 est,
946 3189 1124 3246 quem
1146 3172 1208 3230 in
1232 3171 1532 3229 dissertat.
1552 3168 1637 3226 IV
1654 3190 1714 3244 p.
1730 3172 1810 3227 22
1840 3165 2046 3246 [supra
2071 3191 2128 3246 p.
2147 3167 2257 3246 86]
2286 3171 2348 3228 in
2379 3171 2673 3246 fragmen-

334 3255 414 3314 tis
444 3254 751 3313 Diomedis
796 3256 1036 3315 aristiae
1080 3255 1327 3315 intrusis
1360 3253 1648 3314 Iunonem
1682 3258 1862 3329 atque
1896 3254 2219 3314 Minervam
2251 3256 2466 3313 minaci
2496 3254 2674 3313 Iridis

336 3340 549 3398 nuntio
593 3343 968 3398 revocantem
1014 3341 1293 3399 vidimus.
1381 3339 1461 3397 Et
1503 3357 1636 3397 ecce
1680 3338 1833 3397 bona
1877 3358 2015 3413 pars
2071 3339 2311 3397 illorum
2369 3340 2665 3415 fragmen·

335 3428 534 3482 torum
578 3424 753 3483 novis
797 3424 1037 3500 insuper
1066 3424 1337 3485 versibus
1379 3423 1648 3482 eiusdem
1693 3423 1867 3498 plane
1898 3424 2113 3482 coloris
2143 3428 2322 3498 atque
2356 3424 2668 3499 dignitatis

335 3508 582 3567 adaucta
637 3509 816 3567 etiam
874 3509 1031 3568 infra
1092 3508 1143 3567 Θ
1185 3508 1518 3568 350—437
1574 3508 1824 3582 legitur,
1891 3509 1977 3566 ita
2033 3512 2102 3566 ut
2157 3504 2453 3567 disiuncta
2496 3512 2673 3583 atque

334 3592 485 3651 duos
529 3593 591 3651 in
634 3593 797 3652 locos
843 3594 1111 3669 dispersa
1153 3593 1422 3652 membra
1466 3597 1678 3667 poetae
1724 3592 2005 3651 facillime
2048 3594 2109 3651 in
2140 3594 2380 3668 pristini
2411 3593 2674 3667 corporis

335 3678 745 3753 integritatem
789 3697 994 3738 rursus
1039 3696 1389 3754 componere
1435 3678 1732 3751 possimus
1777 3677 1886 3735 hoc
1932 3678 2137 3736 modo:

505 3760 558 3818 Θ
602 3762 942 3821 350-380
986 3759 1122 3833 τοὺς
1169 3758 1234 3819 δὲ
1277 3755 1474 3821 ἰδοῦσ’
1521 3791 1608 3803 -
1650 3756 1747 3819 ἐπὶ
1794 3757 2016 3835 νηυσὶν
2054 3756 2326 3838 Ἀχαιῶν.

506 3844 559 3902 Θ
603 3849 937 3906 381-383
984 3873 1066 3896 -—-·
1113 3848 1168 3903 E
1214 3847 1542 3906 719—721
1596 3835 1675 3914 ῶς
1720 3840 1889 3919 ἔφατ’
1942 3880 2018 3887 -
2069 3843 2346 3920 Κρόνοιο.

507 3931 560 3986 Ε
607 3933 940 3990 722—732
969 3927 1136 4009 ”Ηβη
1185 3966 1262 3973 *-
1307 3924 1515 4005 ἀυτῆς.

507 4013 559 4071 Θ
604 4016 940 4075 384-388
987 4043 1068 4064 =
1116 4016 1171 4071 E
1216 4017 1548 4075 733-737
1597 4007 1786 4089 αὐτὰρ
1834 4048 1911 4056 -
1956 4012 2345 4092 δακρυόεντα.

507 4100 563 4155 Ε
607 4101 938 4160 738-744
985 4094 1137 4177 ἀμφὶ
1183 4094 1241 4158 δ’
1288 4094 1379 4173 ἄρ’
1437 4131 1508 4140 ·-
1553 4093 1868 4176 ἀραρυῖαν.

514 4184 567 4242 Θ
610 4187 947 4244 389-396
993 4212 1073 4233 =
1122 4186 1177 4241 E
1221 4184 1552 4243 745-752
1602 4180 1660 4254 ἐς
1706 4178 1768 4241 δ’
1815 4180 1954 4260 ὄχεα
2008 4219 2080 4226 -—
2127 4182 2368 4254 ἵππους.

513 4269 566 4327 Θ
611 4270 945 4328 397-437
996 4266 1148 4339 Ζεὺς
1192 4303 1274 4311 ——
1317 4260 1460 4346 ἦτορ

505 4354 669 4413 Haec
710 4355 814 4429 qui
861 4373 980 4413 uno
1025 4358 1233 4415 tenore
1276 4355 1626 4430 perlegerit,
1683 4354 1938 4413 fateatur
1989 4372 2229 4412 necesse
2274 4361 2364 4415 est
2406 4361 2672 4418 nostram

336 4442 526 4497 artem
583 4438 754 4515 quasi
810 4457 942 4497 eam
999 4440 1368 4515 chirurgicae
1424 4442 1681 4514 partem,
1756 4458 1932 4515 quam
1990 4439 2388 4513 plasticam
2440 4446 2673 4516 vocant,

2197 4536 2271 4588 9.

2713 3353 2774 3399 15
