3132 5129
1402 390 1860 451 ..42οῌ

460 564 584 603 mas
638 548 1041 620 terroremque
1099 546 1318 620 ubique
1374 549 1695 622 propagat,
1755 550 1824 605 ut
1879 567 2011 606 cum
2069 547 2245 606 ceteri
2304 547 2440 605 Indi
2495 549 2623 604 tum
2674 547 2801 622 ipse

460 630 745 688 Deriades
790 631 853 687 in
898 630 1143 705 aquatili
1190 630 1413 705 proelio
1458 631 1661 707 ignem
1708 632 1952 690 reveriti
2003 665 2078 673 —
2128 633 2188 690 in
2221 631 2444 690 talibus
2476 632 2635 690 enim
2667 651 2801 690 acu-

461 734 597 773 men
641 716 832 773 nostri
879 715 1168 773 exsultat!
1221 747 1293 756 —
1343 715 1415 773 ad
1461 718 1684 774 terram
1729 717 2005 793 refugere
2048 721 2259 791 parent
2292 714 2378 794 (v.
2414 712 2800 792 391—407).

628 799 752 857 Iam
800 818 941 858 vero
988 800 1264 859 omnibus
1308 801 1494 875 probe
1538 804 1796 876 patratis

766 913 952 994 Ζεύς,
999 909 1129 976 ὅστ’
1173 907 1521 996 ἀνθρώπων
1564 917 1773 995 ταμίης
1817 917 2094 994 πολέμοιο
2139 915 2409 977 τέτυκται
2434 915 2483 997 ¹)

460 1038 629 1096 lance
674 1038 957 1096 inclinata
988 1038 1213 1097 Baccho
1259 1039 1568 1097 victoriam
1613 1038 1826 1112 tradit,
1873 1059 2050 1114 quam
2095 1042 2156 1098 et
2184 1038 2501 1114 Neptunus
2540 1038 2802 1098 tridente

464 1123 712 1181 adiuvat
742 1140 878 1180 cum
912 1122 1215 1182 Melicerta
1245 1123 1455 1199 auriga
1500 1142 1721 1199 „super
1763 1125 1887 1182 alta
1917 1131 2125 1183 vectus
2159 1122 2335 1182 celeri
2367 1141 2544 1182 curru
2574 1122 2801 1181 maria‘·‘

358 1211 426 1260 20
460 1203 546 1282 (v.
579 1204 977 1284 372—376)‚
1039 1227 1186 1283 quae
1233 1209 1419 1266 maria
1462 1213 1522 1267 et
1566 1228 1797 1267 summa
1840 1208 2225 1267 cadaveribus
2271 1208 2572 1284 armisque
2617 1208 2805 1266 obdu-

465 1295 682 1350 cuntur
741 1292 855 1350 huc
909 1291 1052 1351 illuc
1100 1295 1409 1351 ventorum
1466 1293 1725 1352 ludibrio
1783 1292 2293 1353 circumvolutatis
2352 1299 2416 1353 et
2467 1294 2589 1351 ima
2640 1294 2802 1351 viros

431 1380 571 1439 ‚aut
629 1396 762 1436 cum
819 1382 1125 1436 armatura
1179 1396 1285 1436 sua
1339 1377 1509 1436 fundi
1563 1378 1710 1436 limo
1766 1378 2029 1436 obruunt
2082 1380 2188 1437 aut
2236 1379 2484 1452 piscium
2530 1377 2800 1436 faucibus

466 1460 844 1520 devorandos
880 1462 1162 1536 obiciunt,
1211 1463 1281 1520 ut
1323 1464 1655 1538 sanguinea
1698 1482 1907 1537 spuma
1951 1465 2013 1521 et
2056 1463 2248 1521 undae
2294 1462 2552 1522 rubeant
2580 1465 2642 1521 et
2670 1464 2800 1536 ipse

467 1545 773 1605 Melicerta
816 1546 1063 1605 Thetide
1119 1547 1447 1622 ceterisque
1503 1547 1860 1607 Nereidibus
1921 1548 1993 1606 de
2037 1547 2249 1606 Bacchi
2299 1547 2549 1606 victoria
2592 1547 2798 1605 trium-

465 1630 789 1705 phantibus
822 1629 911 1705 (v.
946 1629 1347 1710 228--256);
1394 1633 1456 1690 et
1498 1632 1616 1690 iam
1648 1632 1923 1691 omnibus
1970 1632 2045 1690 ad
2088 1632 2266 1691 finem
2297 1627 2532 1710 (τέλος
2564 1652 2619 1691 v.
2649 1630 2801 1707 295)

461 1715 763 1788 perductis
794 1715 1021 1774 Nereus
1064 1720 1242 1791 atque
1272 1716 1587 1792 Neptunus
1633 1717 1847 1776 fluctus
1892 1720 2263 1792 cruentatos,
2311 1718 2500 1791 pisces
2547 1716 2798 1775 homini-

460 1818 666 1872 voros‚
725 1803 1098 1858 mortuorum
1150 1803 1454 1877 ingentem
1508 1805 1774 1878 stragem
1820 1803 2114 1861 mirantur
2155 1802 2357 1878 pontis
2402 1803 2593 1860 instar
2637 1819 2799 1859 mare

463 1887 874 1960 contegentem
918 1879 1003 1965 (v.
1038 1886 1422 1962 295-299).

629 1968 725 2026 Ita
770 1972 907 2044 apte
952 1972 1217 2029 narratio
1272 1970 1675 2046 concluditur,
1735 1990 1913 2048 quam
1970 1972 2122 2030 bene
2166 1972 2395 2047 riteque
2437 1971 2548 2030 hoc
2593 1970 2802 2029 ordine

462 2053 779 2112 deductam
825 2073 950 2113 esse
995 2074 1168 2114 nemo
1214 2056 1391 2115 facile
1434 2057 1699 2131 negabit.

602 2220 652 2285 1)
692 2218 854 2273 Hom.
902 2223 953 2272 T
975 2225 1073 2273 223
1093 2236 1206 2285 sq„
1244 2235 1409 2286 quem
1449 2220 1634 2273 locum
1669 2220 1934 2289 respexit.
