3132 5129
1298 388 1747 452 -283-

353 545 778 605 accuratiorem
809 543 1095 605 babentes
1138 546 1627 622 descriptionem,
1675 545 1907 606 definiri
1953 565 2024 605 eo
2054 547 2253 607 minus
2283 549 2497 622 potest,
2532 548 2693 623 quod

354 630 416 688 in
463 632 588 688 tam
633 632 806 689 vasta
849 631 1097 690 materia
1139 631 1382 707 ingenio
1439 629 1752 707 indulgere
1797 631 1892 691 vel
1935 630 2217 691 mediocri
2273 634 2483 707 poetae
2535 632 2692 691 haud

354 714 601 774 difficile
647 714 791 788 fuit,
838 715 1058 774 nedum
1102 714 1238 774 huic
1282 716 1631 775 luxurianti.
1709 714 1825 774 Sed
1869 716 1997 776 eius
2044 716 2148 790 qui
2193 718 2515 787 supersunt
2557 735 2691 777 ver·

352 818 455 859 sus
511 799 689 858 modo
744 799 987 859 indicati
1045 819 1157 860 nec
1211 801 1330 877 ipsi
1373 801 1941 876 interpolationibus
1996 800 2173 861 liberi
2227 804 2576 861 manserunt
2630 802 2691 860 in

353 888 477 943 tam
521 901 811 959 generosa
854 884 1020 960 poesi
1063 885 1235 944 facile
1280 885 1678 945 noscitandis:
1739 888 1879 960 post
1921 885 2243 946 sublimem
2287 886 2453 945 illam
2498 887 2693 961 pictu-

353 988 482 1027 ram
530 969 733 1029 687-
744 971 863 1029 697
910 988 1090 1044 quam
1135 970 1350 1030 misere
1393 971 1741 1029 flaccescant
1787 972 1909 1030 698
1941 990 2029 1047 sq.

608 1083 895 1183 ἄσπετος,
942 1083 1080 1146 ὄσσε
1125 1083 1187 1146 δ’
1243 1083 1465 1166 ἄμερδε
1508 1085 1610 1146 καὶ
1653 1084 1932 1163 ἰφθίμων
1973 1108 2083 1167 περ
2128 1083 2350 1148 ἐόντων

610 1160 765 1250 αὐγὴ
815 1170 1230 1251 μαρμαίρουσα
1274 1179 1577 1250 κεραυνοῦ
1621 1193 1683 1232 τε
1729 1172 2015 1252 στεροπῆς
2058 1194 2119 1232 τε

353 1311 424 1351 ex
470 1292 650 1352 Hom.
682 1292 748 1348 N
778 1293 904 1352 340
933 1312 1022 1369 sq
1068 1293 1442 1371 ineptissime
1487 1293 1744 1368 detorti,
1805 1293 1940 1368 quis
1984 1312 2104 1352 non
2149 1294 2357 1354 videt?
2402 1295 2485 1353 Et
2513 1296 2694 1354 inter-

353 1378 557 1453 polata
611 1380 674 1436 et
727 1382 1008 1453 corrupta
1050 1383 1193 1439 sunt
1246 1380 1577 1455 postrema,
1647 1398 1798 1454 quae
1857 1381 1920 1437 et
1979 1377 2293 1437 emendata
2349 1379 2694 1440 Hermanno

353 1463 571 1539 partim
617 1462 765 1521 duce
809 1466 870 1521 et
912 1466 1168 1540 purgata
1209 1464 1565 1540 simpliciter
1606 1463 1991 1539 adscripsisse
2036 1463 2288 1522 sufficit:

698 1595 902 1674 καῦμα
947 1593 1017 1659 δὲ
1059 1595 1383 1659 θεσπέσιον
1423 1595 1671 1676 κάτεχεν
1715 1594 1912 1670 Χάος·
1962 1595 2160 1658 εἴσατο
2205 1592 2268 1655 δ’
2316 1591 2466 1658 ἄντα
2596 1608 2697 1657 ’100

613 1677 1049 1783 ὀφθαλμοῖσιν
1063 1682 1216 1744 ἰδεῖν
1258 1677 1367 1761 ηδ’
1413 1681 1632 1745 ουασιν
1673 1681 1861 1744 ὄσσαν
1910 1677 2167 1745 ακοῦσαι

610 1766 844 1843 αὔτως,
889 1762 972 1839 ὥς
1017 1789 1109 1828 οτε
1152 1774 1293 1867 γαΐα
1338 1765 1437 1827 καὶ
1483 1764 1740 1873 οὐρανὸς
1786 1762 1965 1847 εὐρὺς
2007 1767 2245 1843 ὕπερθε

610 1847 985 1913 πίλναιντ’
1031 1846 1457 1933 αλλήλοισι,
1500 1851 1731 1957 μέγας
1762 1848 1824 1912 δ’
1872 1846 2015 1912 ὑπὸ
2058 1851 2335 1926 δοῦπος
2379 1846 2654 1933 ὄρωροι

615 1947 717 2016 τῆς
760 1934 875 2014 μὲν
918 1934 1328 2017 ἐρειπομένης,
1386 1947 1491 1999 τοῦ
1535 1931 1596 1998 δ’
1642 1932 1892 2013 ὑψόθεν
1936 1935 2320 2018 ἐξεριπόντος.

611 2021 729 2084 σὺν
772 2015 838 2080 δ’
883 2019 1099 2099 ανεμοι
1143 2021 1344 2083 ἔνοσίν
1385 2044 1444 2082 τε
1487 2021 1666 2084 κόνιν
1707 2018 1763 2082 τ’
1810 2017 2368 2127 ἆμφεσφαραγιζον
2597 2033 2697 2082 706

610 2106 670 2181 ἐς
713 2104 896 2186 μέσον
938 2101 1319 2187 ἀμφοτέρων·
1370 2105 1581 2188 οτοβος
1626 2104 1685 2168 δ’
1732 2105 1993 2185 απλητος
2038 2104 2248 2187 ὀρώρει
2595 2117 2695 2166 709

609 2189 972 2272 σμερδαλέης
1018 2191 1241 2293 ἔριδος·
1286 2191 1501 2272 κάρτος
1546 2189 1605 2253 δ’
1655 2189 2011 2268 ἀνεφαίνετο
2056 2191 2262 2272 ἔργων.

697 2274 949 2356 ἐκλίνθη
993 2275 1059 2338 δὲ
1102 2299 1287 2357 μαχη·
1345 2277 1488 2359 πρὶν
1531 2274 1594 2338 δ’
1639 2271 1911 2356 ἀλλήλοις
1957 2275 2260 2356 ἐπέχοντες

616 2359 905 2441 ἐμμενέως
951 2357 1233 2442 ἐμάχοντο
1276 2362 1377 2424 διὰ
1422 2385 1709 2444 κρατερας
1752 2359 2030 2442 ὑσμίνας.

527 2500 760 2560 Iniuria
816 2502 974 2561 enim
1030 2501 1370 2562 Gerhardus
1424 2504 1763 2579 postremos
1819 2502 1969 2561 duos
2023 2520 2234 2561 versus
2291 2500 2700 2559 concinnatori

357 2587 688 2646 adtribuit:
745 2588 933 2663 ipsius
987 2590 1196 2665 poetae
1251 2591 1395 2649 sunt
1445 2589 1541 2649 vel
1586 2588 1786 2648 verbis
1840 2588 2113 2663 repetitis
2167 2586 2241 2645 ad
2299 2587 2540 2645 initium
2597 2605 2698 2644 au-

361 2672 594 2732 dientes
638 2675 992 2732 revocantis.

528 2756 757 2815 Eadem
801 2758 1097 2818 brevitate
1140 2760 1261 2817 iam
1321 2761 1389 2818 ut
1430 2759 1877 2819 vexatissimam
1921 2757 2087 2817 illam
2143 2756 2259 2832 „de
2303 2758 2698 2816 extremarum

361 2841 574 2901 mundi
618 2843 880 2917 partium
927 2843 1427 2920 descriptionem“
1473 2864 1509 2902 a
1541 2844 1666 2902 720
1710 2862 1898 2918 usque
1940 2843 2017 2909 ad
2062 2843 2184 2902 819
2231 2843 2534 2901 extensam
2564 2861 2700 2917 per-

360 2929 644 3001 tractem,
704 2925 895 2987 libelli
938 2929 1252 3005 angustiae
1299 2928 1643 2989 admonent.
1718 2928 1994 3004 Egerunt
2050 2927 2124 2986 de
2181 2946 2250 2986 eo
2307 2926 2471 3002 loco,
2530 2928 2698 2986 cuius

357 3011 621 3087 plurima
663 3011 1005 3088 fragmenta
1047 3013 1252 3073 eadem
1297 3014 1481 3073 verba
1524 3009 1715 3071 ἔνθα
1760 3007 1837 3070 δέ
1880 3014 1943 3071 in
1973 3011 2173 3072 fronte
2201 3015 2422 3089 gerunt
2462 3031 2517 3073 v.
2555 3013 2698 3070 733.

361 3098 485 3156 736
520 3093 631 3176 (εει
662 3096 839 3172 807).
920 3098 1063 3157 758.
1123 3100 1266 3157 767.
1326 3101 1470 3158 775.
1527 3100 1682 3174 811,
1729 3116 1862 3157 cum
1907 3097 2040 3172 alii,
2096 3100 2225 3155 tum
2269 3096 2698 3156 Ludovicus

355 3180 833 3258 Dindorfius,
892 3184 994 3257 qui
1054 3184 1118 3242 in
1175 3183 1664 3245 annotationibus
1732 3182 1981 3241 editioni
2039 3200 2180 3241 suae
2233 3201 2287 3241 a.
2340 3181 2501 3241 1825
2561 3181 2699 3241 sub-

355 3267 529 3325 iectis
572 3286 634 3342 p.
685 3268 1017 3327 105-107
1065 3287 1186 3328 non
1241 3269 1439 3328 minus
1500 3271 1667 3327 octo
1727 3267 1964 3326 diversa
2017 3267 2281 3326 carmina
2333 3267 2396 3324 et
2447 3267 2701 3341 agnovit

355 3355 420 3410 et
462 3350 768 3427 distinxit,
814 3353 1034 3428 partim
1076 3352 1435 3429 rectissime,
1482 3355 1552 3412 ut
1579 3353 1966 3429 gravissimos
1997 3351 2071 3411 de
2116 3353 2403 3427 quattuor
2446 3350 2698 3410 elemen-

356 3440 556 3495 torum
601 3434 825 3512 (terrae
868 3440 933 3497 et
975 3436 1209 3496 Tartari
1252 3439 1433 3498 Ponti
1479 3441 1543 3498 et
1585 3436 1759 3512 caeli)
1789 3437 2094 3497 radicibus
2124 3429 2332 3496 versus
2365 3437 2697 3495 ⁷36—739

357 3546 442 3570 ==
486 3522 856 3596 807—810,
903 3524 1031 3581 tum
1077 3521 1347 3600 Stygis
1391 3522 1987 3599 descriptionem
2032 3522 2386 3582 775—806.
2462 3519 2581 3579 Sed
2626 3520 2699 3579 de

361 3606 474 3665 hac
522 3605 780 3682 amplius
823 3606 1159 3667 dicendum.
1235 3608 1325 3668 Ac
1366 3610 1630 3684 primum
1659 3607 1900 3684 quidem
1945 3626 2095 3683 quae
2140 3606 2213 3664 de
2254 3625 2326 3664 ea
2359 3606 2696 3664 775-779

362 3691 682 3767 leguntur,
730 3710 800 3750 ea
842 3691 916 3750 ab
961 3692 1078 3752 alio
1124 3694 1302 3768 poeta
1343 3694 1434 3752 ita
1476 3694 1705 3753 variata
1735 3710 1893 3768 esse,
1939 3694 2010 3751 ut
2051 3709 2157 3767 pro
2191 3692 2440 3750 777--7
2451 3691 2528 3749 79
2564 3690 2698 3749 sub-

362 3777 634 3836 stituerit
674 3795 883 3836 versus
929 3778 1033 3853 qui
1077 3796 1240 3837 nunc
1281 3778 1810 3854 importunissimis
1854 3777 2001 3837 locis
2044 3776 2330 3853 leguntur
2362 3775 2697 3834 743-745
2729 3787 2795 3835 35

362 3879 499 3919 cum
547 3862 663 3918 731
684 3906 699 3937 ,
745 3862 1060 3921 verissima
1105 3865 1196 3922 est
1238 3863 1569 3922 Hermanni
1628 3863 1984 3923 observatio.
2057 3860 2212 3919 Tum
2256 3878 2398 3920 vero
2444 3877 2565 3918 non
2609 3877 2698 3918 so-

358 3945 482 4004 lum
532 3946 653 4006 783
699 3965 770 4005 ex
818 3948 937 4007 793
995 3944 1070 4006 ab
1126 3948 1553 4023 interpolatore
1609 3948 1913 4007 confectus
1968 3946 2262 4005 removeri
2328 3944 2533 4019 debet,
2595 3944 2699 4003 sed

358 4031 542 4089 etiam
589 4030 956 4107 787-792,
1005 4033 1109 4108 qui
1154 4052 1362 4092 versus
1415 4051 1663 4109 prorsus
1708 4032 1884 4091 aliam
1929 4032 2002 4091 de
2048 4029 2261 4106 Stygia
2316 4048 2476 4105 aqua
2527 4029 2696 4089 fabu-

357 4115 479 4172 lam
523 4117 862 4191 continent,
918 4116 1243 4177 secundum
1299 4136 1477 4193 quam
1530 4117 1639 4177 illa
1691 4135 1815 4177 non
1858 4136 1890 4176 e
1933 4134 2081 4192 rupe
2138 4114 2417 4174 demanet
2469 4113 2575 4174 sed
2630 4133 2700 4173 ex

360 4198 599 4259 Oceano
657 4203 825 4277 patre
884 4202 1172 4279 profluat,
1235 4203 1403 4262 cuius
1463 4205 1593 4279 ipsa
1647 4221 1786 4278 pars
1841 4202 1924 4261 sit
1980 4200 2236 4276 decima,
2296 4217 2428 4258 eum
2483 4218 2699 4260 novem

358 4287 583 4344 ceteras
626 4285 730 4345 ille
773 4285 905 4346 orbi
965 4286 1343 4347 circumfluus
1401 4288 1553 4347 mari
1598 4288 2010 4347 immittat—
2074 4278 2396 4361 εἱλιγμένος
2449 4282 2532 4356 εἰς
2585 4278 2700 4343 αλα

358 4363 634 4444 πέμπει
675 4389 737 4430 v.
786 4373 906 4430 791
966 4372 1343 4432 scribendum
1390 4375 1482 4433 est
1526 4405 1638 4446 —-,
1687 4389 2050 4448 quamquam
2091 4370 2457 4446 compositor
2500 4370 2702 4430 efficto

361 4453 576 4515 ultimo
620 4449 665 4532 ἢ
707 4449 775 4515 δὲ
834 4449 925 4531 μί’
973 4452 1050 4515 ἐκ
1093 4452 1377 4535 πέτρης
1432 4452 1666 4536 προρέει
1720 4458 1888 4517 illam
1945 4456 2316 4517 emblematis
2366 4454 2702 4533 discrepan-
