3132 5129
1273 394 1570 456 —579
1670 430 1750 440 -

338 546 419 604 Et
461 544 610 604 illud
671 543 907 617 εἰκότως
963 552 1109 625 quin
1152 568 1293 610 vere
1336 549 1680 626 Iphigeniae
1722 549 2083 609 adtribuerit
2125 551 2433 627 aptissime
2477 552 2562 610 ita
2605 552 2678 610 ad

336 629 624 690 Thoantis
682 622 752 690 εὖ
804 654 870 709 γε
925 631 1202 708 κηδεύεις
1258 628 1430 693 πόλιν
1486 634 1899 710 respondenti,
1961 634 2223 694 dubitari
2278 654 2401 696 non
2456 638 2679 710 potest.

337 714 454 774 Sed
522 715 786 775 eiusdem
853 720 1182 794 particulae
1249 720 1311 778 in
1368 720 1656 779 Thoantis
1720 738 2007 794 responso
2073 722 2353 796 repetitio
2411 720 2553 780 ferri
2608 739 2677 780 eo

336 801 534 859 minus
579 803 795 877 potuit,
846 806 1127 878 quoniam
1168 805 1345 863 aliam
1390 805 1791 864 desideramus
1821 805 2176 879 particulam
2212 806 2372 865 urbis
2403 824 2677 865 reveren-

334 885 479 942 tiam
524 904 655 944 cum
704 886 1049 963 Iphigeniae
1110 891 1335 965 pietate
1397 892 1872 964 componentem.
1962 890 2054 949 Ne
2098 890 2319 966 multa,
2367 891 2682 967 Euripides

334 970 575 1045 scripsit
616 970 917 1049 adverbiO,
964 975 1126 1050 quod
1174 976 1237 1033 in
1282 973 1507 1033 deliciis
1551 974 1747 1049 habet,
1794 975 1998 1034 illato:

504 1088 1000 1150 IGDIPENEIA.
1056 1088 1320 1163 εἰκότως.

502 1172 751 1234 ΘΟΑΣ.
1142 1167 1219 1247 ὥς
1262 1172 1496 1250 κάρτα
1542 1171 1666 1234 καὶ
1713 1171 1790 1235 σὲ
1834 1184 2003 1235 πᾶσα
2045 1174 2345 1253 θαυμάζει
2388 1170 2578 1249 πόλις.

332 1290 440 1367 Cf„
491 1296 559 1351 ut
602 1293 749 1353 alios
793 1296 952 1355 locos
997 1298 1251 1369 taceam,
1299 1294 1542 1371 Hippol.
1584 1298 1737 1363 1041

688 1407 811 1470 καὶ
859 1421 987 1471 σοῦ
1030 1433 1094 1491 γε
1139 1411 1375 1492 κάρτα
1420 1422 1609 1472 ταῦτα
1657 1407 2042 1492 θαυμάζω,
2084 1412 2289 1493 πάτερ.

520 1530 762 1589 Retinui
807 1534 869 1590 et
910 1533 1169 1607 defendi,
1218 1535 1305 1592 uti
1349 1554 1460 1610 par
1501 1537 1645 1609 erat,
1690 1534 1752 1592 in
1784 1534 2042 1593 editione
2075 1554 2131 1594 v.
2172 1536 2351 1611 1299,
2397 1535 2677 1610 quemad-

343 1614 580 1673 modum
629 1616 810 1692 vulgo
856 1637 928 1675 ex
971 1618 1306 1679 Marklandi
1352 1621 1715 1679 correctione
1758 1620 1994 1695 legitur,

741 1729 969 1810 μέτεστι
1013 1730 1222 1812 χύμῖν
1267 1744 1389 1796 τῶν
1430 1732 1863 1815 πεπραγμένων
1907 1733 2111 1813 μέρος,

331 1873 464 1913 cum
508 1854 649 1914 libri
691 1849 929 1928 μέτεστί
967 1849 1047 1911 θ’
1096 1849 1246 1931 ὑμῖν
1287 1856 1630 1933 praebeant.
1707 1856 1823 1916 Sed
1865 1857 2011 1916 mihi
2044 1876 2284 1934 quoque
2316 1858 2385 1915 ut
2411 1857 2681 1918 Nauckio

327 1933 474 2014 ὑμῖν
517 1935 743 1997 τῶνδε
789 1945 910 1998 τῶν
957 1937 1402 2019 πεπραγμένων
1456 1942 1808 2017 proponenti
1863 1943 2219 2001 inusitatum
2263 1944 2326 2001 in
2371 1943 2480 2003 hac
2523 1944 2682 2003 locu-

328 2026 492 2083 tione
537 2021 708 2100 μέρος
752 2029 1091 2100 suspectum
1127 2031 1243 2101 est,
1294 2026 1468 2100 idque
1512 2045 1583 2086 eo
1628 2028 1835 2102 magia,
1882 2046 1998 2126 quo
2046 2027 2277 2086 facilius
2323 2029 2503 2086 etiam
2547 2028 2681 2087 aliis

329 2110 662 2168 rationibus
694 2111 890 2169 omitti
920 2114 1180 2205 poterat,
1237 2115 1306 2169 ut
1335 2114 1440 2168 aut
1469 2131 1587 2168 των
1616 2110 2043 2186 πεπραγμένων
2090 2107 2270 2180 ἴσως
2313 2117 2417 2171 aut
2458 2108 2687 2184 μέτεστί

331 2188 400 2249 θ’
462 2188 609 2269 ὑμῖν
664 2193 796 2252 καί
845 2215 915 2251 τι
970 2194 1091 2252 τῶν
1148 2190 1578 2272 πεπραγμένων
1621 2199 1728 2253 aut
1769 2196 1915 2255 adeo
1961 2192 2138 2265 ἴσως
2192 2187 2326 2273 γὰρ
2369 2191 2519 2275 ὑμῖν
2562 2198 2684 2254 τῶν

332 2275 762 2358 πεπραγμένων
803 2275 980 2355 μέτα
1027 2281 1520 2342 scriberetur..

502 2364 686 2424 Recte
731 2366 849 2423 iam
896 2366 1262 2439 antiquiores
1308 2364 1497 2422 critici
1528 2365 1589 2422 in
1620 2384 1676 2423 v.
1715 2364 1874 2423 1386
1907 2354 1955 2421 ὦ
1999 2364 2109 2440 γῆς
2145 2356 2424 2433 Ἑλλαδος
2467 2363 2679 2423 ναῦται

334 2444 481 2518 νεώς
526 2450 933 2521 offenderunt,
984 2450 1086 2508 sed
1132 2449 1288 2508 male
1335 2448 1645 2507 scribendo
1690 2468 1796 2523 pro
1839 2454 1957 2526 γῆς
2003 2451 2106 2507 aut
2148 2448 2275 2521 τῆς
2321 2453 2424 2507 aut
2469 2470 2541 2507 tv
2530 2444 2673 2506 σδ’

333 2535 682 2611 languidum
716 2534 1056 2594 intulerunt
1099 2534 1586 2611 supplementum
1631 2538 1836 2594 contra
1879 2534 2065 2610 ipsius
2110 2537 2321 2610 poetae
2366 2537 2680 2594 consuetu-

337 2621 552 2694 dinem,
602 2639 738 2696 qua,
786 2620 928 2695 quid
959 2619 1055 2679 hic
1085 2639 1319 2695 quoque
1356 2620 1644 2694 scriptum
1676 2620 1880 2695 fuerit,
1914 2620 2060 2678 satis
2089 2623 2295 2716 aperte
2326 2619 2680 2680 declaratur.

336 2703 630 2780 Compara
687 2705 843 2763 enim
898 2705 1043 2763 mihi
1104 2723 1317 2780 quaeso
1375 2705 1598 2762 similes
1655 2704 2084 2779 adpelle-tiones
2130 2706 2191 2763 in
2235 2705 2369 2763 Hel.
2407 2706 2567 2765 1593
2591 2725 2678 2782 sq.

336 2787 394 2847 τί
430 2784 682 2865 μέλλετ’,
728 2809 774 2846 ω
821 2795 964 2890 γῆς
978 2783 1254 2858 Ελλαὸος
1298 2789 1651 2864 λωτίσματα,
1692 2791 1703 2864 Ι
1742 2782 1987 2862 σφάζειν
2031 2785 2315 2862 φονεύειν
2342 2782 2679 2867 βαρβάρους

336 2878 397 2932 et
439 2874 863 2933 Phoen.1225
913 2895 964 2932 ω
1016 2896 1124 2951 γης
1171 2869 1455 2944 Ἑλλάδος
1513 2868 1939 2950 στρατηλαται,
1998 2876 2321 2949 statimque
2365 2875 2679 2951 intelleges

336 2959 432 3017 hic
475 2978 708 3034 quoque
752 2963 889 3034 post
932 2949 980 3016 ὦ
1024 2958 1134 3036 γῆς
1175 2952 1454 3028 Ἑλλάδος
1498 2959 2010 3036 quadrisyllabum
2038 2960 2297 3034 positum
2331 2959 2514 3019 fuisse
2544 2961 2676 3019 sub·

338 3044 702 3117 stantivum,
771 3063 889 3118 quo
945 3044 1258 3118 peculiaris
1312 3048 1626 3103 nautarum
1694 3045 1961 3104 condicio
2020 3045 2240 3102 diserte
2294 3043 2676 3102 indicaretur.

339 3126 409 3185 Id
438 3146 578 3186 vero
609 3146 728 3186 non
771 3126 1076 3186 νεανίαι
1119 3129 1255 3203 fuit,
1302 3129 1458 3204 quod
1489 3129 1796 3188 Nauckius
1827 3129 2095 3203 coniecit,
2142 3128 2244 3187 sed
2288 3125 2675 3204 νεηλάται,

341 3213 506 3271 cuius
561 3212 834 3272 vocabuli
889 3214 1110 3272 nostris
1167 3214 1369 3273 lexicis
1414 3214 1675 3289 ignorati
1718 3214 2067 3272 memoriam
2113 3214 2374 3274 servavit
2418 3214 2675 3289 Hesych.

345 3293 502 3376 [Vol.
526 3296 618 3354 ΠΙ
642 3318 696 3372 p.
721 3298 838 3355 145
867 3293 1121 3377 Schm.]:
1172 3295 1395 3374 νεηλα
1409 3310 1558 3371 της
1609 3292 1641 3354 ὁ
1688 3293 1927 3355 ἰθύνων
1968 3291 2009 3371 ἢ
2053 3289 2319 3355 ἐλαύνων
2349 3294 2412 3355 τὸ
2445 3301 2673 3356 πλοῖον.

343 3382 627 3440 Eiusdem
679 3383 954 3441 vocabuli
1008 3384 1220 3442 similis
1277 3383 1475 3460 glossa
1530 3383 1589 3440 h.
1632 3384 1673 3441 1.
1722 3383 1837 3441 suit
1888 3381 2167 3439 ναῦται
2225 3401 2421 3452 νεως.
2510 3382 2673 3440 Idem

340 3467 552 3527 vitium
609 3467 752 3525 olim
807 3469 870 3526 in
927 3467 1188 3526 Maneth.
1234 3467 1323 3544 ΙΙ,
1371 3472 1449 3528 65
1506 3469 1708 3544 expuli
1766 3457 2018 3525 ἐλάται
2073 3466 2239 3543 νηῶν
2295 3487 2404 3542 pro
2463 3467 2676 3523 ναῦται

343 3551 509 3627 νηῶν
552 3552 884 3611 scribend0.
