3132 5129
1531 1231 1657 1317 VI.

861 1405 956 1474 De
994 1404 1230 1474 Iliadis
1270 1404 1684 1475 carminibus
1725 1404 2116 1475 dissertatio
2158 1405 2236 1474 vl
2252 1399 2326 1503 ¹).

596 1559 934 1617 Novissima
989 1558 1405 1617 dissertatione
1474 1563 1792 1633 postquam
1854 1558 2219 1618 Homiliae
2288 1563 2347 1617 et
2402 1562 2641 1618 initium
2698 1566 2760 1619 et
2802 1568 2833 1614 3

409 1645 599 1703 finem
648 1645 1142 1719 investigavimus
1193 1644 1568 1717 vidimusque
1615 1662 1773 1716 eam,
1836 1644 1948 1702 nisi
1994 1645 2233 1719 quidam
2283 1645 2508 1703 exordii
2557 1665 2760 1702 versus

409 1731 755 1805 perierunt,
803 1729 873 1787 de
919 1748 1036 1803 qua
1091 1747 1154 1785 re
1198 1727 1489 1785 lubricum
1550 1729 1643 1785 est
1685 1728 1999 1802 iudicium,
2049 1729 2097 1784 Z
2146 1732 2222 1788 73
2268 1764 2349 1770 ——
2393 1729 2457 1785 H
2506 1732 2579 1788 16
2626 1750 2759 1790 con·

413 1815 635 1886 timeri,
681 1817 867 1871 restat
909 1815 1058 1888 iam,
1117 1816 1209 1885 ut,
1267 1831 1418 1886 quae
1478 1813 1539 1869 in
1585 1813 1713 1887 ipso
1760 1814 2019 1871 carmine
2063 1813 2260 1872 aliena
2304 1834 2486 1873 manu
2531 1816 2761 1873 intrusa

417 1899 765 1972 videantur,
813 1898 1155 1978 hoc'libello
1197 1898 1572 1973 indagemus·
1651 1899 1737 1955 Ac
1783 1899 2041 1972 primum
2075 1899 2314 1973 quidem
2345 1900 2547 1957 mirari
2579 1901 2757 1972 subit,

421 1983 573 2059 quid
622 1984 700 2040 sit
742 1982 899 2058 quod
943 2001 1120 2041 nemo
1166 1983 1304 2039 dum
1351 1981 1426 2038 ad
1474 2001 1709 2040 versum
1757 1983 1835 2041 89
1883 1983 2196 2043 offenderit

726 2098 937 2173 οἴξασα
983 2100 1178 2176 κληῖδι
1222 2098 1422 2177 θύρας
1469 2099 1649 2175 ἱεροῖο
1694 2097 1930 2176 δόμοιο,

415 2240 600 2296 quem
645 2238 875 2279 versum
924 2221 1146 2278 scholia
1191 2221 1476 2293 ignorant
1516 2237 1878 2294 quamquam
1925 2219 2156 2279 duobus
2212 2216 2373 2292 ἅπαξ
2428 2218 2754 2296 εἰρημένοις

414 2306 764 2365 notabilem.
850 2305 1004 2364 Nam
1050 2324 1157 2363 nee
1201 2301 1353 2379 ἱερὸς
1391 2296 1573 2378 δόμος
1615 2304 1758 2362 alibi
1808 2305 2026 2362 dicitur
2056 2306 2127 2362 (le
2174 2306 2449 2380 templo
2495 2312 2554 2364 et.
2597 2307 2753 2364 locu-

416 2392 507 2449 tio
552 2388 758 2461 οἴξασα
814 2388 1041 2466 κληῖδι,
1099 2409 1216 2464 qua
1260 2390 1606 2446 brevissime
1661 2389 1958 2448 indicatur
2013 2409 2163 2464 quae
2208 2411 2255 2463 φ
2302 2392 2338 2448 6
2370 2409 2457 2465 sq.
2504 2393 2755 2448 47—50

417 2477 754 2534 accuratius
811 2477 1130 2551 exponitur
1192 2474 1546 2548 aperiendae
1608 2467 1817 2531 ianuae
1886 2476 2071 2548 rati0‚
2141 2492 2273 2533 cum
2344 2477 2555 2533 ceteris
2609 2476 2753 2533 loeis

417 2571 673 2637 pugnat,
722 2562 783 2620 111
829 2560 1045 2636 quibus
1089 2557 1254 2634 κληίς
1299 2577 1419 2617 11011
1478 2557 1787 2631 clavem,
1848 2559 1946 2617 sed
1994 2559 2378 2633 pessulum
2426 2557 2750 2636 significat:

421 2646 504 2701 M
541 2647 683 2703 456.
741 2642 798 2707 Ξ
837 2648 974 2705 168.
1035 2645 1092 2700 Ω
1148 2646 1290 2704 455.
1350 2665 1387 2699 α
1434 2644 1578 2700 442.
1651 2641 1685 2699 δ
1733 2645 1876 2702 802.
1925 2647 2065 2703 838.
2128 2666 2174 2717 φ
2233 2645 2384 2717 241,
2443 2646 2543 2703 ubi
2604 2645 2751 2704 adeo

416 2732 782 2789 contrarium
828 2730 1115 2788 habemus
1157 2725 1356 2804 θύρας
1401 2730 1706 2803 κληῖσαι
1762 2727 2029 2804 κληῖδι.
2122 2730 2239 2788 Sed
2283 2748 2475 2805 neque
2520 2730 2629 2789 hoc
2659 2750 2752 2788 me

417 2819 711 2889 moveret,
774 2832 884 2873 nec
944 2813 1101 2890 quod
1160 2816 1301 2872 satis
1357 2810 1649 2871 inutiliter
1707 2812 1972 2871 Helenus
2041 2813 2157 2872 hic
2213 2815 2533 2890 praecipit,
2596 2815 2748 2890 quod

415 2901 571 2958 infra
618 2920 672 2957 v.
724 2901 848 2958 270
878 2919 967 2978 sq.
1041 2899 1266 2957 Hector
1311 2917 1414 2956 suo
1460 2899 1588 2955 iure
1632 2897 1862 2955 omittit
1906 2900 1966 2956 in
2013 2900 2273 2957 eiusdem
2318 2900 2616 2957 mandatis
2658 2920 2749 2959 ae-

414 2987 785 3043 curatissime
827 2989 1134 3060 praeterea
1178 2983 1454 3043 Hecubae
1499 2981 1802 3055 repetitiS,
1861 2984 1976 3040 nisi
2035 2986 2407 3060 apertissime
2463 3004 2597 3042 cum
2642 2985 2747 3042 illo

415 3090 589 3128 versu
639 3074 983 3146 pugnarent
1028 3087 1180 3144 quae
1224 3068 1380 3126 infra
1424 3068 1711 3142 leguntur
1741 3086 1796 3124 v.
1847 3069 1966 3125 297
2001 3088 2129 3144 sqq

719 3186 786 3244 αἳ
829 3182 890 3244 δ’
937 3183 1033 3246 ὅτε
1080 3183 1227 3262 νηὸν
1270 3184 1483 3244 ἵκανον
1522 3178 1792 3261 Ἀθήνης
1839 3181 1906 3243 ἕν
1948 3182 2113 3245 πόλει
2156 3208 2342 3267 ακρῃ,

722 3279 853 3352 τῇσι
895 3266 1136 3347 θύρας
1181 3267 1351 3343 ωιξε
1401 3265 1609 3328 Θεανώ
1659 3268 2089 3369 καλλιπάρῃος,

719 3356 968 3432 Κισσηὶς
1012 3353 1220 3432 ἄλοχος
1258 3348 1611 3456 Ἀντήνορος
1651 3331 2037 3431 ἱπποδάμοιο·

720 3439 829 3517 τὴν
872 3440 1006 3518 γὰρ
1058 3443 1252 3515 Τρωες
1297 3437 1535 3513 ἔθηκαν
1573 3432 1905 3515 Ἀθηναίης
1951 3436 2270 3517 ἱέρειαν,

405 3561 564 3620 unde
611 3560 939 3620 clarissime
969 3563 1217 3636 apparet
1261 3560 1407 3617 nihil
1454 3561 1683 3636 negotii
1719 3559 1992 3618 Hecubae
2023 3578 2155 3617 eum
2188 3561 2488 3618 Minervae
2522 3561 2747 3635 templo

405 3647 613 3704 eiusve
665 3646 832 3704 clave
879 3645 1081 3703 fuisse.

579 3730 735 3788 Tum
782 3733 865 3803 ei,
922 3748 1099 3805 quam
1146 3729 1218 3787 de
1262 3728 1721 3803 Bellerophonte
1779 3728 2018 3787 exhibet
2073 3728 2358 3804 Glaucus,
2418 3730 2746 3787 narrationi

407 3817 659 3873 minime
701 3817 1073 3873 conveniunt
1119 3832 1324 3873 versus
1368 3818 1657 3888 quattuor
1707 3813 2036 3872 156—159

717 3947 796 3998 τῶ
841 3937 906 3997 δὲ
950 3938 1085 3999 θεοὶ
1129 3932 1338 4011 κᾶλλος
1386 3961 1442 3997 τε
1488 3935 1588 3996 και
1633 3932 1893 4017 ἠνορέην
1938 3936 2248 4017 ἐρατεινὴν

718 4002 1004 4129 ἔπαισαν·
1052 4019 1246 4103 αὐταρ
1290 4025 1352 4083 οἷ
1391 4024 1647 4102 Προῖτος
1692 4021 1847 4081 κακὰ
1890 4023 2119 4101 μήσατο
2162 4030 2374 4107 θυμῷ,

714 4130 788 4180 ος
835 4104 895 4186 ρ’
943 4106 1019 4167 ἐκ
1063 4105 1298 4184 δήμου
1342 4106 1684 4184 ἔλασσεν,
1731 4106 1855 4167 ἕπει
1898 4107 2082 4168 πολὺ
2128 4086 2485 4186 φέρτερος
2530 4130 2672 4185 ηεν,

709 4190 1020 4272 Ἀργείων·
1069 4191 1223 4264 Ζεὺς
1269 4216 1379 4272 )αρ
1425 4193 1486 4253 οἱ
1524 4186 1645 4251 ὑπὸ
1690 4184 1965 4273 σκήπτρῳ
2011 4188 2369 4271 ἐδαμασσεν,

551 4357 847 4483 1))ἅ11ᾱοι
887 4358 1037 4410 lectt.
1074 4359 1131 4411 in
1166 4358 1274 4411 litt.
1316 4359 1461 4412 univ.
1502 4358 1686 4411 Turio.
1733 4359 1862 4413 inde
1900 4376 1935 4412 a
1968 4360 2017 4411 d
2061 4358 2241 4412 XXVI
2281 4377 2351 4417 m
2393 4360 2525 4426 Apr.
2566 4376 2743 4428 usque

883 4428 1023 4492 Aug.
1060 4424 1429 4479 MDCCCLIX
1465 4426 1893 4495 habendarum]
2532 4482 2535 4485 .
