3132 5129
291 1561 357 1607 14

1329 376 1787 439 ...190...

647 527 921 608 νώμησεν
967 525 1024 588 δ’
1081 524 1201 608 ἄρα
1244 539 1428 591 πᾶσιν
1472 528 1825 591 ἐπισταδόν·
1872 533 1934 591 οἳ
1979 530 2041 593 δὲ
2086 538 2320 592 θεοῖσιν

646 615 926 675 ἔσπεισαν
968 611 1325 694 μακάρεσσι,
1371 614 1464 676 τοὶ
1509 606 1771 694 ουρανὸν
1815 613 2005 694 ε’ύρύν
2050 616 2320 696 ἔχουσιν,
2660 631 2729 679 55

643 695 908 761 αὐτόθεν
954 699 1012 773 ἐξ
1057 698 1296 779 ἑδρέων.
1357 694 1472 760 ἀνὰ
1518 695 1581 761 δ’
1628 702 1827 762 ἵστατο
1873 701 1998 774 δῖος
2037 698 2377 780 Ὀδυσσεύς,

635 781 858 867 ’Λρήτη
902 781 970 844 δ’
1018 781 1082 844 ἐν
1125 784 1288 864 χερσὶ
1333 788 1492 845 τίθει
1538 785 1719 859 δέπας
1762 783 2246 866 ἅμφικύπελλον,

644 872 747 929 καί
785 893 889 947 μιν
934 868 1216 946 φωνήσας
1261 870 1401 930 ἔπεα
1446 865 1761 953 πτερόεντα
1804 868 2145 951 προσηύδα·

725 953 934 1034 ,,χαῖρέ
976 977 1110 1033 μοι,
1158 979 1203 1015 ω
1250 957 1554 1035 βασίλεια,
1600 955 1940 1062 διαμπερές,
1984 958 2065 1031 εἰς
2110 955 2143 1017 ’ὅ
2187 979 2253 1016 κε
2295 968 2484 1037 γῆρας

644 1039 794 1145 ἔλθη
839 1062 939 1098 και
985 1034 1268 1117 θάνατος,
1312 1037 1383 1100 τά
1426 1035 1477 1101 τ’
1539 1038 1633 1100 ἐπ’
1678 1037 2057 1143 ἆνθρωποισι
2103 1041 2398 1105 πέλονται.
2658 1056 2730 1103 60

640 1122 829 1204 αὐτὰρ
872 1122 989 1205 ἐγὼ
1034 1123 1271 1202 νέομαι·
1315 1143 1392 1185 συ
1435 1124 1499 1186 δὲ
1545 1125 1750 1207 τέρπεο
1794 1120 1943 1211 τῳδ’
1993 1125 2082 1188 ἐνὶ
2125 1128 2275 1208 οἴκῳ

639 1211 814 1269 παισί
854 1231 912 1269 τε
958 1208 1056 1270 καὶ
1102 1215 1297 1271 λαοῖσι
1339 1209 1440 1270 καὶ
1483 1207 1763 1296 Ἀλκινόω
1819 1216 2125 1317 ssoeo'thtf‘

555 1298 593 1356 b
725 1320 806 1367 ως
852 1287 1034 1356 εἰπὼν
1079 1287 1177 1354 δια
1221 1294 1390 1372 δῶμα
1435 1273 1740 1371 πολύτλας
1777 1296 1904 1369 δῖος
1943 1289 2261 1369 Ὀδυσσευς
2390 1307 2539 1370 63-1-
2564 1324 2597 1372 η
2629 1310 2726 1358 139

637 1378 758 1458 ἤιε
809 1379 1134 1439 Ναυσικάα
1177 1376 1243 1439 δὲ
1286 1386 1456 1442 θεῶν
1496 1403 1619 1441 απο
1665 1382 1882 1454 κάλλος
1926 1381 2141 1459 ἔχουσα
2546 1392 2721 1443 θ457
2744 1407 2759 1414 ‘

638 1475 744 1543 στῆ
790 1466 866 1545 ρα
910 1456 1069 1564 παροὶ
1113 1464 1385 1544 σταθμὸν
1427 1464 1620 1545 τέγεος
1663 1467 1829 1527 πύκα
1872 1473 2175 1544 ποιητοῖο,
2626 1505 2627 1508 =

639 1547 948 1627 θαύμαζεν
992 1542 1047 1607 δ’
1092 1545 1343 1629 Ὀδυσῆα
1389 1546 1455 1610 ἕν
1498 1548 1906 1631 ὀφθαλμοῖσιν
1947 1548 2186 1630 ὁρωσα,

638 1636 745 1695 καί
782 1658 888 1711 μιν
931 1631 1264 1741 φωνήσαῶ
1291 1634 1437 1695 ἔπεα
1480 1633 1796 1711 πτερόεντα
1841 1635 2184 1714 προσηύδα·
2620 1649 2726 1698 460

721 1725 965 1821 ,,χαῖρε,
1014 1713 1185 1819 ξεῖν’,
1231 1743 1331 1779 ινα
1376 1722 1483 1779 καί
1524 1718 1662 1780 ποτ’
1711 1714 1824 1782 {obv
1867 1720 1933 1782 ἔν
1975 1722 2215 1801 πατρίδι
2258 1725 2396 1806 γαίῃ

635 1804 835 1902 μνῄσῃ
880 1804 1050 1883 ἐμεῦ,
1094 1824 1184 1864 οτι
1228 1827 1329 1881 μοι
1371 1800 1578 1889 πρώτῃ
1622 1801 1864 1888 ζωάγρι’
1914 1798 2201 1909 ὀφέλλεις.
2210 1811 2250 1844 “

721 1881 835 1964 τήν
880 1885 941 1948 δ’
988 1884 1461 1986 απαμειβόμενος
1504 1867 1777 1971 προσέφη
1819 1889 2145 1969 πολύμητις
2184 1885 2533 1965 Οδυσσεύς·

511 1973 593 2034 b*
637 1969 1037 2053 ,,Ναυσικοὶα,
1084 1967 1345 2055 θύγατερ
1386 1975 1787 2053 μεγαλήτορος
1827 1973 2185 2074 Ἀλκινόοιο,

634 2081 793 2122 ουτω
838 2070 952 2120 νῦν
997 2057 1150 2129 Ζεὺς
1194 2062 1366 2138 θείη,
1413 2059 1763 2158 ἐρίγδουπος
1794 2058 1965 2134 πόσις
1990 2061 2211 2139 ‘'Hem’'
2617 2075 2721 2122 465

635 2144 840 2206 οἴκαδέ
884 2143 943 2205 τ’
1004 2141 1317 2224 ἐλθέμεναι
1360 2144 1463 2205 καὶ
1508 2139 1789 2244 νόστιμον
1832 2139 1991 2226 ἦμαρ
2037 2144 2311 2207 ἰδέσθαι·

637 2253 717 2289 τω
767 2227 870 2289 κέν
914 2250 1005 2290 τοι
1049 2229 1150 2290 καὶ
1196 2235 1360 2290 κεῖθι
1408 2235 1541 2328 θεῳ
1589 2222 1667 2303 ὡς
1710 2227 2126 2334 εὐχετοῴμην

634 2314 750 2377 αἰει
796 2307 989 2394 ἤματα
1033 2334 1255 2375 παντα·
1301 2334 1376 2374 συ
1417 2310 1531 2394 γάρ
1574 2313 1640 2393 μ’
1685 2294 1992 2410 ἐβιώσαο,
2016 2311 2223 2393 κούρη.
2228 2318 2271 2353 “

722 2424 802 2471 ως
846 2396 1030 2461 εἰπων
1072 2395 1225 2498 ὑπὲρ
1269 2394 1454 2462 ούδόν
1498 2396 1740 2478 ἐβήσετο
1796 2404 1925 2473 δῖος
1978 2393 2305 2473 Ὀδυσσεύς.
2591 2427 2625 2459 v
2651 2413 2719 2461 63

633 2495 719 2569 τῷ
767 2480 824 2543 δ’
872 2477 995 2563 ἅμα
1039 2479 1273 2562 κήρυκα
1317 2489 1513 2563 προΐει
1556 2483 1732 2563 μένος
1772 2481 2137 2562 Ἀλκινόοιο,

634 2547 916 2649 ἡγεῖσθαι
961 2567 1057 2630 ἐπὶ
1105 2581 1219 2650 νῆα
1263 2566 1436 2667 θοὴν
1471 2569 1572 2629 καὶ
1616 2577 1767 2632 θῖνα
1812 2563 2138 2649 θαλασσης.
2647 2583 2715 2630 65

631 2651 847 2760 ’Λρήτη
892 2648 952 2714 δ’
1006 2679 1129 2733 αρα
1172 2656 1236 2715 οἰ
1274 2650 1473 2731 δμωας
1514 2647 1624 2732 αμ’
1672 2656 1889 2734 ἔπεμπε
1934 2660 2246 2735 γυναῖκας,

630 2733 741 2815 τὴν
782 2738 891 2838 μὲν
936 2749 1129 2817 φαρος
1174 2738 1423 2837 ἔχουσαν
1468 2737 1754 2812 ἐυπλυνὲς
1772 2738 1908 2844 ἠδὲ
1950 2751 2200 2819 χιτῶνα,

633 2818 741 2902 τὴν
786 2817 840 2882 δ’
890 2824 1095 2903 ἑτέρην
1138 2817 1322 2903 χηλὸν
1364 2820 1629 2900 πυκινὴν
1672 2820 1788 2904 αμ’
1839 2825 2059 2904 ἔπεμπε
2105 2825 2395 2903 κομίζειν·

633 2903 671 2985 ἦ
719 2906 779 2969 δ’
826 2906 976 2985 ἄλλη
1018 2908 1184 2970 σῖτόν
1228 2906 1283 2968 τ’
1332 2909 1542 2987 ἔφερεν
1585 2908 1686 2969 καὶ
1735 2905 1904 2971 οἶνον
1948 2907 2226 2990 ἐρυθρόν.

382 3047 536 3105 Hinc
579 3047 696 3105 iam
742 3048 952 3122 iidem,
999 3048 1100 3124 qui
1147 3046 1441 3123 hodieque
1486 3049 1800 3124 leguntur,
1847 3068 2052 3108 versus
2084 3051 2318 3107 tantum
2351 3066 2474 3107 non
2506 3067 2713 3107 omnes

379 3132 778 3206 sequebantur
824 3134 1137 3192 ‘zo—186.

550 3335 917 3411 Quamquam
963 3356 1132 3411 spero
1177 3337 1333 3411 fore,
1379 3338 1449 3393 ut
1493 3336 1637 3394 haec
1681 3337 1892 3395 ultima
1924 3335 2223 3412 Odysseae
2254 3339 2495 3394 nostrae
2538 3335 2714 3411 rhap-

377 3419 546 3478 sodia
589 3421 674 3478 ita
719 3421 1053 3495 integritati
1099 3440 1237 3480 snae
1268 3421 1548 3480 restituta
1579 3423 1804 3496 optime
1837 3440 1966 3481 sese
2000 3423 2129 3497 ipsa
2158 3421 2456 3494 defendat,
2492 3424 2712 3494 tamen,

377 3522 450 3562 ne
497 3504 745 3563 arbitrio
791 3508 978 3580 magis
1036 3510 1098 3563 et
1151 3506 1401 3565 obscuro
1458 3507 1714 3579 quodam
1760 3525 1942 3565 sensu
1991 3509 2215 3565 tractus
2261 3524 2439 3581 quam
2483 3507 2717 3563 ratione

377 3590 669 3664 certisque
713 3589 950 3647 indiciis
995 3590 1209 3649 duetus
1240 3591 1491 3648 arduum
1523 3610 1672 3666 opus
1719 3591 2034 3666 perfecisse
2077 3591 2299 3665 videar,
2353 3590 2714 3665 gravissima

377 3676 534 3732 certe
579 3675 704 3733 eius
750 3674 977 3749 negotii
1037 3675 1232 3750 capita
1275 3674 1538 3734 breviter
1582 3693 1928 3750 percensere
1973 3677 2185 3749 placet.

545 3759 633 3817 Ac
679 3758 935 3834 primum
980 3758 1219 3835 quidem
1265 3761 1317 3819 si
1360 3759 1493 3835 quis
1538 3760 1692 3819 forte
1733 3761 2012 3835 miretur,
2058 3760 2201 3835 quid
2248 3762 2359 3832 sit,
2407 3761 2566 3833 quod
2596 3779 2711 3837 ego

375 3861 496 3902 non
541 3846 855 3902 contentus
909 3843 1014 3918 iis,
1072 3862 1221 3919 quae
1265 3843 1441 3903 hodie
1496 3844 1667 3904 finito
1714 3845 1965 3921 apologo
2010 3866 2047 3900 ν
2097 3846 2343 3903 10—28
2403 3843 2708 3920 leguntur,

376 3928 728 4002 simpliciter
772 3927 1097 3986 retinendis
1150 3961 1219 3969 —
1267 3929 1428 4004 quod
1485 3933 1685 3989 tamen
1731 3929 1875 3987 adeo
1923 3928 2323 3988 Kirchhoffius
2372 3926 2543 4003 fecit,
2606 3931 2710 4005 qui

377 4012 436 4068 in
483 4012 867 4087 discerpenda
909 4012 1196 4071 hodierna
1239 4032 1525 4091 compage
1555 4033 1651 4073 me
1693 4013 1851 4072 haud
1898 4013 2165 4072 timidior
2192 4018 2331 4089 post
2360 4031 2530 4072 suum
2563 4033 2708 4089 apo-

374 4095 578 4171 logum
634 4098 783 4155 miro
839 4098 1106 4174 profecto
1164 4098 1383 4157 iudicio
1441 4100 1472 4155 λ
1519 4099 1899 4158 333-342.
1972 4098 2358 4157 344—353.
2418 4119 2455 4153 ν
2502 4100 2708 4157 7-9,

380 4182 666 4238 13—184
713 4183 880 4257 sequi
925 4184 1101 4241 iussit
1148 4216 1222 4224 —-
1271 4183 1502 4242 disiecti
1559 4183 1826 4241 membra
1869 4186 2083 4257 poetae
2139 4183 2529 4259 undecunque
2588 4185 2707 4242 col-

375 4264 530 4322 lecta
574 4283 928 4340 componere
972 4286 1151 4327 ausus
1196 4287 1356 4342 sum,
1402 4269 1597 4326 multa
1640 4285 1779 4326 sane
1822 4268 2000 4325 habui
2053 4286 2390 4344 magnaque
2434 4269 2560 4327 eius
2606 4287 2706 4325 au-

375 4348 576 4407 daciae
625 4381 697 4389 —
747 4353 795 4408 si
854 4351 1093 4426 quidem
1150 4352 1268 4410 fuit
1333 4384 1406 4393 —
1465 4350 1882 4425 concipiendae
1936 4356 1998 4412 et
2049 4353 2436 4413 incitamenta
2489 4354 2552 4411 et
2606 4353 2707 4410 ad-

375 4433 655 4492 iumenta.
733 4436 887 4494 Ante
932 4438 1132 4495 omnia
1176 4438 1333 4495 enim
1379 4438 1431 4495 si
1475 4438 1608 4511 quis
1639 4455 1841 4495 reeens
1872 4456 1907 4494 a
1934 4436 2371 4511 perlustrandis
2402 4437 2706 4513 prioribus

583 4770 716 4853 *X
