3132 5129
1296 348 1753 412 —481—

364 507 508 565 teris
540 505 810 581 profecto
834 504 1203 563 constantius
1236 506 1374 580 egit.
1423 505 1603 563 Aliud
1636 506 2070 581 argumentum,
2102 504 2261 580 quod
2290 507 2471 564 etiam
2501 507 2693 581 primo

363 591 646 666 adspectu
694 590 1025 665 speciosum
1071 589 1359 666 videatur,
1405 590 1663 665 protulit
1690 589 2122 666 Hartungus‘l.
2158 608 2207 648 c.
2240 591 2487 650 carmini
2519 591 2690 649 hexa-

361 681 549 735 metro
594 674 883 750 puerilem
930 674 1225 749 quandam
1271 675 1663 750 petulantiam
1704 675 1896 734 inesse
1927 676 1989 732 in
2018 675 2244 734 exordii
2274 677 2695 750 provocatione

358 765 420 819 et
472 760 741 820 facienda
799 763 860 818 et
913 760 1257 835 accipienda
1313 761 1716 835 conspicuam,
1773 761 1868 817 cui
1921 760 2071 820 bene
2126 762 2468 837 conveniat,
2539 761 2696 837 quod

364 847 661 904 Menalcas
705 845 897 903 victus
942 845 1133 919 abeat,
1180 843 1446 919 Daphnis
1491 845 1684 903 victor
1727 862 1859 902 cum
1903 848 2210 919 pastorum
2242 847 2696 904 admirationem

358 935 488 988 tum
534 931 865 1006 puellarum
913 948 1173 987 amorem
1220 929 1333 987 sibi
1380 929 1687 1005 conciliet3
1746 930 1808 987 in
1866 930 2112 1005 elegiaci
2170 934 2378 989 contra
2421 931 2696 989 carminis

358 1015 749 1073 alternatione
771 1014 1547 1079 mutuambenevolentiam
1578 1033 1988 1089 summamque
2020 1015 2394 1073 concordiam
2427 1034 2693 1091 regnare,

360 1104 428 1157 ut
472 1101 627 1157 alter
670 1099 846 1157 alteri
890 1098 1259 1156 faustissima
1304 1117 1575 1174 quaeque
1616 1099 1989 1175 adprecetur.
2063 1098 2181 1158 Sed
2222 1099 2291 1157 de
2322 1100 2431 1159 hoc
2461 1120 2696 1175 quoque

362 1186 716 1260 argumento
762 1185 971 1257 postea
1014 1182 1377 1259 videbimus;
1441 1186 1638 1242 cetera
1698 1202 1837 1242 vero
1897 1204 2045 1259 quae
2089 1184 2445 1242 adferuntur
2490 1188 2550 1242 et
2592 1204 2698 1259 per

360 1289 422 1327 se
469 1269 625 1327 levia
668 1271 809 1326 sunt
850 1272 912 1327 et
954 1268 1173 1342 partim
1219 1268 1334 1325 iam
1388 1269 1678 1327 refutata:
1735 1269 1898 1344 quod
1952 1269 2274 1344 elegiacum
2332 1272 2588 1327 metrum
2635 1269 2696 1326 in

361 1354 629 1412 bucolico
676 1355 1026 1428 argumento
1071 1352 1374 1427 habemuS,
1423 1353 1494 1412 de
1541 1372 1660 1428 qua
1704 1372 1763 1411 re
1810 1355 1957 1412 satis
1987 1354 2107 1411 iam
2140 1354 2519 1413 Hermannus
2550 1353 2700 1411 dixit

366 1459 425 1513 p.
474 1438 555 1496 85
599 1469 682 1480 —
741 1440 803 1496 et
854 1438 955 1512 qui
1010 1438 1239 1496 nesciat
1292 1438 1532 1495 unicum
1589 1437 1812 1514 elegiae
1868 1439 2201 1514 exemplum
2264 1439 2326 1496 in
2394 1438 2699 1515 tragoedia

368 1524 695 1597 inventum,
742 1522 901 1596 quod
946 1522 1007 1579 in
1054 1521 1357 1597 Euripidis
1402 1522 1822 1581 Andromacha
1866 1523 2196 1582 habemus?
2231 1546 2339 1597 ——3
2387 1523 2547 1597 quod
2578 1541 2698 1580 uno

367 1608 625 1665 carmine
681 1607 878 1682 potius
933 1624 1109 1680 quam
1166 1606 1396 1666 duobus
1452 1610 1678 1666 certare
1733 1626 1949 1682 pueros
2002 1610 2335 1681 exspecteS,
2394 1626 2525 1665 cum
2582 1606 2699 1664 duo

373 1693 635 1751 carmina
679 1691 822 1749 duas
882 1692 1148 1755 referant
1205 1696 1416 1751 cantus
1459 1692 1764 1753 amoebaei
1809 1693 2059 1766 formas3
2117 1692 2303 1766 quod,
2362 1693 2412 1749 si
2468 1691 2699 1750 duobus

366 1780 649 1850 certetur,
696 1776 893 1851 priore
939 1776 1279 1835 hexametro
1320 1779 1448 1836 tum
1479 1795 1619 1835 vero
1648 1778 1887 1835 maioris
1917 1778 2065 1854 artis
2097 1777 2496 1835 ostendendae
2527 1795 2701 1835 causa

363 1862 623 1938 elegiaco
670 1862 883 1919 certari
927 1865 1209 1936 praestet,
1255 1881 1387 1920 cum
1430 1863 1630 1936 potius
1657 1862 2027 1936 perdifficilis
2058 1862 2137 1920 sit
2164 1863 2451 1937 quaestio,
2499 1864 2699 1920 utrum
2735 1896 2742 1901 ·

363 1947 424 2005 in
481 1944 869 2005 distichorum
927 1945 1299 2021 singulorum
1356 1947 1630 2005 breviore
1689 1946 1791 2005 sed
1847 1946 2106 2021 repetita
2148 1967 2225 2005 an
2269 1947 2331 2004 in
2375 1948 2700 2005 hexametri

362 2032 638 2091 carminis
679 2031 950 2107 longiore
997 2030 1097 2089 sed
1143 2050 1263 2089 una
1304 2032 1692 2106 responsione
1747 2032 1936 2089 maior
1981 2035 2086 2090 aut
2128 2051 2224 2090 ars
2269 2033 2348 2089 sit
2391 2034 2496 2090 aut
2540 2031 2697 2089 diffi-

362 2117 571 2175 cultas.
661 2114 780 2174 Cur
822 2118 1020 2173 autem
1066 2115 1361 2191 elegiacos
1408 2134 1615 2174 versus
1659 2115 1880 2174 heroici
1925 2117 2252 2191 excipiant,
2311 2115 2421 2174 hoc
2465 2134 2699 2190 quoque

364 2201 565 2259 statim
611 2200 949 2276 apparebit,
1012 2200 1109 2257 ubi
1170 2203 1363 2258 totum
1410 2217 1647 2259 carmen
1693 2220 1762 2258 ex
1808 2203 2012 2259 nostra
2055 2201 2296 2275 quidem
2339 2205 2536 2258 mente
2582 2201 2696 2258 dis-

364 2286 627 2360 positum
671 2288 848 2360 atque
892 2284 1270 2344 emendatum
1314 2285 1819 2360 proposuerimus.
1908 2285 2037 2343 Hoc
2081 2287 2270 2361 igitur
2310 2285 2527 2360 accipe.

488 2431 571 2495 α’.
708 2429 973 2509 Δάφνιδι
1018 2442 1098 2517 τῷ·
1141 2434 1400 2512 χαρίεντι
1446 2433 1768 2512 συνήντετο
1811 2432 2192 2512 βουκολέοντι

615 2522 771 2618 μᾶλα
816 2517 1032 2597 νέμων,
1079 2514 1159 2592 ὦς
1202 2520 1406 2599 φαντί,
1452 2515 1584 2579 κατ’
1634 2518 1813 2622 α’)’ρεα
1814 2516 2030 2617 μακρὰ
2079 2513 2422 2592 Μενάλκας.

491 2602 578 2667 α’.
703 2597 886 2682 ἄμφω
929 2602 1072 2684 τοίγ’
1117 2604 1309 2684 ἤστην
1351 2605 1739 2685 πυρροτρίχω,
1784 2599 1963 2683 άμῳω
2009 2601 2223 2682 ἕνάβω,

619 2685 797 2767 ἄμφω
842 2690 1125 2764 συρίσδεν
1168 2688 1537 2769 δεδαημένω,
1581 2686 1780 2785 ἄμφω
1804 2687 2020 2752 άείδεν.

491 2767 573 2852 β’.
706 2776 921 2852 πρᾶτος
968 2770 1024 2830 δ’
1076 2799 1165 2836 ων
1206 2775 1341 2837 ποτὶ
1388 2773 1636 2851 Δάφνιν
1679 2766 1827 2835 ἰδων
1868 2770 2147 2873 ἀγόρευε
2162 2767 2520 2846 Μενάλκας·
2667 2785 2698 2830 5

702 2869 1022 2937 ,,μυκητᾶν
1065 2858 1299 2938 ἕπίουρε
1345 2861 1503 2938 βοῶν
1551 2858 1780 2938 Δάφνι,
1799 2861 1930 2966 λῇς
1972 2881 2072 2939 μοι
2116 2851 2338 2927 ἆεῖσαι;

619 2946 776 3020 φαμί
817 2968 887 3004 τυ
936 2952 1203 3005 νικασεῖν
1246 2943 1427 3005 όσσον
1469 2944 1631 3006 θέλω
1676 2937 1853 3016 αὐτὸς
1896 2942 2180 3009 ἆείδων.“

492 3022 573 3107 β’.
705 3022 807 3088 τὸν
851 3022 907 3089 ὃ
958 3027 1079 3107 ἄρα
1124 3026 1204 3108 χώ
1256 3025 1493 3106 Δάφνις
1538 3021 1735 3113 τοιῷδ’
1786 3024 2145 3128 ἀπαμείβετο
2187 3027 2398 3111 μύθῳ·

702 3109 968 3194 ,,ποιμᾶν
1011 3115 1341 3188 εἰροπόκων
1383 3112 1528 3176 ὀίων
1573 3114 1824 3192 συρικτὰ
1875 3109 2191 3186 Μενάλκα,

616 3197 831 3260 οὔποτε
878 3205 1138 3272 νικασεῖς
1180 3194 1245 3279 μ’
1251 3245 1269 3278 ,
1316 3192 1444 3260 οὐδ’
1494 3200 1559 3260 εἴ
1596 3224 1650 3260 τι
1696 3195 1916 3271 πάθοις
1960 3189 2088 3279 τύγ’
2139 3191 2420 3258 ἆείδωνέ(
2637 3208 2700 3254 10

1308 3319 1757 3370 ΜΕΝΑΛΚΑΣ.

506 3411 542 3466 y
557 3384 599 3446 '.‘
639 3381 909 3469 χρῄσὸεις
955 3411 1043 3447 ων
1086 3384 1341 3455 ἕσιὸεἷν;
1381 3386 1656 3469 χρῄσδεις
1700 3391 2056 3446 καταθεῖναι
2100 3379 2351 3448 αεθλον;

492 3566 575 3650 y'.
620 3566 855 3653 χρῄσδω
902 3563 1065 3633 τοῦτ’
1115 3504 2038 3656 ἐσιδεῖν,Δχςῖἔῖἑξματαθεῖναι
2080 3570 2326 3631 ἄεθλον.

1321 3691 1771 3746 ΜΕΝΑΛΚΑΣ.

497 3759 573 3825 δ’.
618 3762 718 3822 καὶ
762 3761 820 3822 τί
860 3759 930 3821 τύ
977 3765 1222 3838 θησεΐς,
1269 3751 1497 3838 ὦγάθ’,
1543 3756 1677 3839 ἐμὶν
1724 3758 1758 3820 ὅ
1801 3783 1906 3821 κεν
1949 3751 2162 3837 ὅρκιον
2205 3757 2328 3835 εἴης

1379 3877 1694 3930 ΔΑΦΝῙΣ.

497 3949 584 4011 δ’.
632 3943 857 4028 μόσχον
903 3946 1013 4029 ἐγώ
1059 3952 1267 4026 θησῶ·
1318 3945 1386 4007 τύ
1433 3943 1500 4005 δὲ
1543 3943 1654 4017 θὲς
1698 3945 2055 4026 λιπομάτορα
2099 3941 2309 4022 άμνόν.

1303 4065 1755 4118 MENAAKAZ.

507 4136 582 4201 ε’.
629 4158 700 4195 ου
745 4141 921 4238 θησῶ
964 4158 1120 4195 ποκα
1163 4130 1381 4212 άμνόι,
1428 4131 1559 4192 ἐπεὶ
1600 4130 1848 4210 χαλεπὸς
1893 4129 1925 4191 ὁ
1969 4154 2163 4209 πατηρ
2206 4154 2318 4207 μευ
2635 4141 2700 4187 15

623 4245 694 4300 χα
743 4220 954 4301 μάτηρ,
1001 4245 1070 4281 τα
1119 4218 1182 4278 δὲ
1223 4222 1379 4297 μᾶλα
1424 4215 1768 4296 ποθέσπερα
1814 4213 1992 4276 πάντ’
2040 4212 2418 4293 ἆριθμεῦντι.

1373 4335 1691 4388 ΔΑΦΝΙΣ.

497 4407 573 4479 ζ’.
621 4403 767 4468 ἀλλὰ
816 4409 874 4468 τί
909 4405 1033 4487 μὰν
1078 4411 1322 4486 θησεῖς;
1368 4405 1428 4464 τί
1467 4403 1527 4463 δέ
1573 4427 1660 4464 τοι
1706 4405 1883 4468 πλέον
1927 4401 2050 4478 ἑξεῖ
2086 4399 2118 4462 ὁ
2167 4404 2378 4466 νικῶνς

476 4516 716 4566 Κδοὴῐγ,
751 4517 995 4555 Schriften.
1050 4518 1087 4555 Ι.
1731 4531 1754 4548 ο
2233 4509 2292 4555 31

2741 3322 2800 3367 17
