3132 5129
1429 436 1508 445 —
1600 396 1892 478 blo-‚-

491 559 588 618 hic
633 561 695 616 et
739 559 801 616 in
847 555 1043 616 Orest.
1089 555 1212 614 549
1269 558 1488 614 monet.
1568 554 1683 613 Sed
1725 555 1822 612 hic
1876 554 2000 629 ipse
2056 553 2251 629 loona,
2312 571 2430 629 quo
2484 551 2827 611 adolescens

493 643 827 702 orationi
874 642 1180 739 praefatur
1222 645 1431 700 contra
1474 639 1776 716 Tyndarei
1819 640 2252 698 accusationem
2296 637 2601 698 habendae

899 754 1206 817 ἀπελθέτω
1251 754 1318 817 δὲ
1371 762 1493 829 τοῖς
1537 752 1800 835 λόγοισιν
1843 746 2115 816 ἐκποδών

898 834 964 901 τὸ
1007 843 1196 923 γῆρας
1241 836 1391 920 ἡμῖν
1447 839 1509 901 τὸ
1556 840 1700 919 σόν,
1745 838 1780 900 ὅ
1823 836 1889 919 μ’
1940 838 2245 920 ἐκπλήττει
2287 836 2546 920 λόγου,

499 965 724 1040 optime
768 963 1143 1023 demonstrat
1181 962 1527 1039 Iphigeniae
1584 963 1678 1023 hic
1732 962 1971 1036 quidem
2026 955 2207 1038 λόγον
2261 980 2382 1021 ιιοιι
2437 961 2621 1021 fuisse
2677 979 2832 1019 com-

501 1049 969 1108 memorandum.
1042 1048 1135 1106 Ne
1179 1050 1240 1106 te
1284 1066 1505 1107 morer:
1562 1047 1977 1125 interrogabat
2019 1047 2124 1105 illa
2166 1047 2308 1107 olim

903 1164 961 1225 τί
1000 1160 1062 1225 δ’
1113 1161 1232 1224 ἔστι
1275 1172 1383 1225 τοῦ
1427 1161 1725 1243 παρόντος
1772 1159 2103 1239 ἐκπλῆσσον
2142 1159 2350 1242 γόους

666 1286 740 1346 V.
791 1288 917 1348 330
945 1306 1074 1362 sqq.

901 1384 1068 1464 μόλις
1111 1383 1181 1445 δέ
1221 1407 1320 1445 νιν
1362 1407 1393 1443 τ
1407 1382 1537 1464 όλμ
1552 1406 1593 1467 ῃ
1633 1409 1675 1463 μ
1691 1381 1768 1445 ὲν
1809 1381 1882 1444 οὗ
1927 1379 2316 1466 χειρούμεθα,

902 1466 1101 1552 κύκλῳ
1146 1467 1214 1530 δὲ
1256 1465 1674 1550 περιβαλόντες
1718 1467 1748 1529 ἕ
1763 1472 1793 1544 ξ
1806 1491 1832 1530 ε
1848 1492 1886 1529 κ
1900 1473 1932 1528 λ
1946 1469 2081 1547 έψα
2092 1495 2135 1550 μ
2148 1493 2175 1530 ε
2190 1493 2227 1529 ν

905 1553 991 1615 πέ
1003 1578 1033 1615 τ
1047 1576 1158 1634 ροι
1174 1571 1244 1614 σι
1290 1557 1502 1635 χειρῶν
1544 1551 1850 1634 φάσγαν’,
1896 1554 1980 1628 εἰς
2025 1552 2091 1615 δὲ
2134 1564 2249 1635 γῆν
2290 1547 2441 1633 γόνυ

902 1661 1144 1722 καματῳ
1187 1643 1505 1702 καθεῖσαν.

500 1760 860 1821 Laudandus
904 1764 997 1820 est
1024 1760 1309 1835 Bothius,
1354 1761 1514 1836 quod
1545 1763 1892 1837 corruptum
1923 1762 2121 1821 locum
2150 1779 2274 1820 non
2302 1761 2584 1838 neglexit,
2631 1778 2837 1836 quem-

499 1846 820 1905 admodum
875 1845 1137 1920 plurimi.
1225 1845 1586 1920 ,‚Ineptum“
1643 1846 1837 1922 inquit
1890 1841 2363 1922 ,,ἐξεκλέψαμεν,
2420 1865 2611 1921 neque
2668 1845 2836 1903 locus

499 1935 592 1991 est
634 1930 829 2005 furt0,
875 1930 978 1989 ubi
1022 1930 1114 1989 vis
1159 1930 1422 1989 affertur.
1505 1930 1698 2001 Quare
1728 1930 2070 2007 ponendum
2103 1950 2313 1992 censeo
2359 1926 2787 2005 ἐξεκόψαμεν.
2792 1928 2837 1962 “

499 2016 571 2074 Id
615 2019 678 2075 et
719 1975 999 2092 pr6bavit
1039 1992 1385 2075 Dindorfius
1441 2018 1504 2074 et
1557 2017 1787 2091 recepit
1841 2015 2193 2093 Hartungus
2248 2019 2310 2076 et
2365 2019 2635 2092 praestat
2691 2033 2837 2074 sane

503 2101 946 2160 Hermanniano
993 2094 1383 2199 ἕξελέψαμεν,
1427 2101 1585 2176 quod
1634 2121 1704 2161 ex
1748 2101 2124 2177 Hesychiana
2164 2102 2367 2179 glossa
2409 2101 2668 2177 petitum
2711 2099 2836 2158 Ho-

500 2188 720 2245 merico
766 2206 813 2259 φ
843 2185 967 2245 455
1011 2175 1391 2262 ἀπολεψέμεν
1434 2182 1624 2243 οὔατα
1681 2189 1876 2267 χαλκῷ
1920 2186 2145 2246 frustra
2187 2191 2409 2246 tueare.
2485 2186 2665 2245 Modo
2711 2203 2837 2243 om-

500 2271 644 2330 nino
689 2271 763 2329 de
807 2271 885 2330 vi
929 2288 1121 2330 sermo
1165 2270 1261 2328 hic
1304 2289 1432 2330 esse
1475 2270 1696 2346 possit,
1754 2290 1935 2346 quam
1979 2289 2103 2332 non
2144 2270 2388 2331 allatam
2432 2290 2562 2331 esse
2607 2273 2836 2328 antece-

502 2355 706 2415 dentia
749 2354 984 2436 τόλμῃ
1041 2348 1154 2429 μὲν
1195 2347 1267 2411 οὐ
1326 2352 1684 2432 χειρούμεθα
1730 2359 1930 2431 aperte
1974 2355 2259 2431 clamant,
2309 2356 2526 2433 quibus
2569 2355 2836 2430 apprime

505 2441 848 2516 oppositum
894 2459 1019 2501 esse
1065 2434 1457 2516 ἐξεκλέψαμεν
1510 2459 1686 2499 nemo
1745 2458 1866 2499 non
1918 2441 2104 2501 videt.
2177 2401 2293 2499 Sed
2356 2441 2411 2500 ei
2466 2441 2626 2498 furto
2682 2439 2835 2498 illud

502 2522 762 2600 πέτροισι
808 2545 988 2602 quam
1031 2544 1152 2585 non
1182 2526 1525 2602 conveniat,
1573 2545 1645 2586 ex
1678 2523 1959 2586 Schoenii
1990 2526 2215 2602 optime
2258 2528 2403 2586 nota
2444 2524 2836 2602 intellegitur,

502 2612 603 2687 qui
646 2612 809 2671 solus
856 2611 1119 2669 omnium
1164 2611 1271 2670 has
1314 2612 1690 2698 prodigiosas
1720 2612 1992 2687 expedire
2024 2615 2267 2671 conatus
2313 2617 2406 2671 est
2448 2610 2695 2670 insidias
2725 2610 2838 2668 hoc

502 2697 708 2755 modo.
755 2695 939 2764 „Wr
970 2697 1320 2771 bczwanycn
1361 2698 1445 2754 sic
1485 2696 1644 2755 nicht
1687 2697 1870 2756 durch
1911 2697 2134 2756 kuhnes
2174 2698 2302 2756 wnd
2343 2697 2556 2769 offenes
2584 2693 2838 2769 Anyrei-

503 2781 636 2852 ἴση,
679 2781 941 2840 sondem
992 2782 1174 2840 durch
1230 2782 1344 2840 die
1387 2780 1586 2850 List,
1642 2781 1780 2840 dass
1832 2783 1943 2840 wir
1995 2783 2078 2840 sie
2131 2787 2247 2841 erst
2301 2782 2453 2841 dicht
2503 2782 2842 2854 amrinqten

347 2939 352 2946 A
502 2885 544 2923 a
563 2866 647 2924 nd
701 2867 868 2924 dmm
908 2866 1089 2924 ihnen
1138 2867 1246 2926 mit
1299 2864 1695 2936 Βίοίηιυιῖνΐεη
1747 2866 1838 2925 dic
1887 2865 2202 2926 Schwerter
2251 2884 2363 2927 aus
2416 2868 2531 2926 den
2579 2865 2843 2924 Ηῶηάεπ

412 2962 472 3010 15
518 2951 955 3011 cntrissen.“
1029 2949 1144 3009 Sed
1188 2950 1468 3009 nolumus
1511 2950 1768 3025 amplius
1813 2951 1877 3009 in
1921 2951 2014 3011 his
2045 2951 2310 3011 titubare
2353 2951 2642 3025 tenebris,
2691 2968 2840 3025 quas

509 3034 708 3094 subito
763 3034 1102 3094 disiciemus
1159 3034 1470 3094 scribendo
1524 3053 1634 3111 pro
1702 3031 1997 3111 πέτροισι,
2067 3036 2229 3113 quod
2285 3055 2354 3095 ex
2410 3057 2468 3095 v.
2514 3036 2657 3094 318.
2715 3035 2840 3092 327

506 3120 775 3195 irrepsit,
842 3115 1227 3177 πέπλοισιε
1283 3119 1756 3179 adolescentibus
1808 3121 2066 3181 vestium
2121 3120 2386 3196 undique
2440 3121 2842 3179 coniectarum

507 3205 663 3263 mole
721 3204 1155 3264 circumvelatis
1198 3207 1382 3280 atque
1435 3204 1743 3281 impeditis
1787 3206 2019 3282 gladios
2064 3206 2515 3281 subtraxerunt,
2563 3206 2705 3264 dum
2749 3204 2843 3263 illi

507 3288 862 3349 lassitudine
924 3289 1193 3349 exhausti
1245 3290 1319 3349 in
1390 3308 1584 3366 genua
1638 3291 2056 3366 procumbunt.
2159 3289 2432 3351 Vestium
2497 3309 2669 3365 usu8‚
2738 3288 2844 3346 ubi

509 3394 712 3449 „arma
754 3374 830 3432 ad
876 3373 1505 3451 tegendum,corpus“
1551 3374 1864 3450 deficiunt,
1924 3395 1993 3434 ex
2050 3375 2552 3451 descriptionibus
2595 3378 2658 3434 et
2698 3374 2841 3431 ima-

506 3461 749 3536 ginibus
782 3460 1049 3518 veterum
1093 3460 1239 3518 satis
1283 3463 1465 3520 notus
1508 3463 1604 3520 est
1618 3479 1790 3537 ,·nec
1818 3460 2138 3536 Euripides
2181 3461 2308 3520 eius
2350 3462 2661 3520 immemor
2702 3459 2841 3534 fuit,

508 3562 640 3602 cum
687 3563 866 3620 supra
910 3565 968 3604 v.
1018 3545 1140 3603 312
1165 3563 1254 3621 sq.
1299 3545 1540 3621 scripsit

910 3659 1154 3721 πέπλων
1195 3682 1258 3720 τε
1419 3648 1754 3721 ι’)κοὶλυπτεν
1797 3656 2102 3740 ενπήνους
2144 3656 2345 3738 ὑφάς,

911 3745 1264 3824 καραδοκῶν
1305 3769 1348 3824 μ
1380 3767 1415 3803 ν
1457 3736 1749 3806 τᾶπιόντα
1793 3745 2129 3846 τραύματα,

911 3830 1089 3907 φίλον
1130 3828 1197 3891 δὲ
1239 3829 1660 3909 θεραπείαισιν
1699 3823 1881 3910 ανδρ’
1929 3828 2275 3913 εὐεργετῶν.

511 3952 628 4012 Sed
684 3952 823 4011 teli
878 3952 1008 4011 loco
1076 3951 1426 4011 velamentis
1494 3951 1700 4012 utendi
1761 3954 2047 4031 magistra
2101 3954 2442 4030 Euripideis
2496 3951 2840 4028 pastoribus

513 4036 914 4112 Clytemestra
955 4037 1214 4112 exstitit,
1270 4031 1315 4112 ἢ
1357 4032 1540 4094 πόσιν
1591 4030 1815 4119 ἆπείρω
1870 4033 2362 4115 περιβαλοῦσ’
2411 4032 2839 4123 ὖφάσματιΙ

514 4117 805 4197 ἔκτεινεν,
853 4122 1350 4199 quemadmodum
1393 4121 1521 4198 ipse
1566 4125 1745 4198 poeta
1787 4123 1853 4183 in
1896 4122 2093 4184 Orest.
2142 4126 2221 4184 25
2253 4144 2343 4201 sq.
2389 4124 2643 4200 scripsit.

678 4258 755 4318 V.
803 4258 948 4319 558.
1038 4254 1280 4334 Πατρὸς
1323 4247 1621 4328 θανόντος
1673 4248 1894 4334 τήνδε
1937 4257 2390 4337 τιμωρούμενος.

511 4377 789 4453 Ineptum
834 4396 963 4438 esse
1008 4377 1117 4438 hoc
1160 4369 1339 4451 τήνδε
1383 4381 1540 4438 recte
1595 4379 1713 4436 iam
1769 4379 1995 4439 dudum
2037 4380 2385 4455 peritissimi
2440 4378 2661 4455 quique
2718 4375 2840 4436 edi-

515 4467 672 4522 tores
719 4463 1026 4540 viderunt‚
1072 4464 1289 4539 quibus
1336 4464 1439 4539 qui
1485 4463 1747 4524 oblocuti
1792 4470 1934 4525 sunt
1978 4464 2301 4525 Schoenius
2346 4467 2524 4540 atque
2568 4463 2841 4522 Klotzius

479 4807 846 4948 X
