3132 5129
1334 297 1751 362 ..24-

374 458 547 532 opica
574 457 861 518 oriundae
890 456 1405 516 enumerationum
1436 455 1649 516 seriem
1691 458 2104 516 narrationum
2135 457 2416 532 episodiis
2445 456 2714 517 suaviter

373 545 833 618 interrumpunt,
878 543 1098 601 inferre
1144 559 1321 600 ausus
1365 544 1475 600 est.
1564 541 1722 600 Hinc
1767 542 1918 602 alter
1961 542 2142 601 simul
2201 561 2366 601 error
2407 542 2706 617 profluxit,

375 628 535 705 quod
578 629 929 688 necessitate
976 629 1215 686 coactus
1260 625 1625 702 strephicam
1669 627 1834 686 illam
1879 627 2072 703 legem
2117 629 2240 686 tam
2296 628 2446 687 laxis
2489 626 2708 687 finibus

376 713 855 787 circumscripsit,
901 714 971 771 ut
1012 730 1143 770 eam
1172 711 1266 771 vel
1308 711 1395 769 ita
1424 711 1796 772 observatam
1828 731 1954 771 esse
2000 714 2306 786 statueret,
2352 715 2422 772 ut
2463 712 2708 772 alterius

377 798 655 873 strophae
710 798 954 856 ultimus
996 815 1203 856 versus
1260 815 1393 856 cum
1436 797 1739 871 sequentis
1783 797 1978 871 primo
2023 816 2231 856 sensus
2273 797 2708 872 verborumque

378 883 775 943 continuitate
819 881 1147 941 arctissime
1191 881 1558 954 cohaereret3
1615 882 1680 940 in
1727 882 1892 940 cuius
1936 883 2172 958 generis
2217 882 2490 957 strophas
2533 882 2708 941 hodie

378 968 589 1028 volunt
645 967 827 1025 etiam
870 965 1187 1024 Horatium
1240 966 1501 1024 carmina
1553 966 1984 1042 monostropha
2041 966 2312 1027 divisisse
2361 999 2435 1008 —
2485 967 2712 1026 scilicet

378 1047 787 1130 ἀριθμητικῶς
831 1052 1217 1124 numerando,
1262 1069 1385 1110 non
1428 1057 1749 1126 ποιητικῶς
1794 1050 2232 1126 componendo!
2311 1051 2442 1110 Hoc
2468 1053 2710 1150 gemino

380 1156 579 1198 errore
641 1138 863 1196 evitato
920 1137 970 1194 si
1024 1136 1098 1194 ad
1152 1136 1556 1234 Theogoniam
1609 1136 1744 1211 quis
1799 1136 2062 1208 accedat,
2121 1155 2301 1212 opera
2355 1156 2476 1197 11011
2529 1137 2710 1197 nimis

380 1222 613 1282 difficili
668 1224 729 1280 et
785 1240 937 1297 quae
994 1221 1115 1280 sint
1170 1222 1394 1295 primae
1453 1221 1700 1296 originis
1747 1220 2040 1280 detexerit
2081 1224 2145 1280 et
2187 1241 2256 1280 ea
2301 1222 2377 1280 ad
2420 1221 2712 1297 pristinae

380 1307 603 1366 formae
632 1307 961 1382 legitimam
992 1306 1371 1365 severitatem
1398 1306 1788 1366 revocaverit.
1867 1305 1984 1365 Sed
2015 1305 2092 1364 ad
2136 1307 2469 1383 catalogum
2511 1306 2709 1366 redeo.

380 1393 579 1451 Etiam
635 1391 708 1449 ab
768 1391 895 1449 eius
940 1393 1178 1449 auctore
1222 1391 1421 1466 legem
1462 1391 1629 1466 illam
1673 1391 2044 1468 genealogici
2089 1391 2216 1451 sive
2263 1391 2544 1450 Hesiodei
2587 1410 2712 1451 car-

380 1477 580 1550 miniS,
626 1494 778 1551 quae
822 1474 1094 1534 consistit
1136 1475 1199 1533 in
1242 1475 1439 1550 quinis
1469 1476 1741 1535 versibus
1772 1476 2074 1551 strophico
2117 1475 2426 1551 complexu
2456 1479 2714 1552 conexiS,

380 1562 756 1621 observatam
812 1578 941 1620 esse
986 1562 1055 1618 ut
1097 1559 1193 1619 vel
1239 1559 1562 1620 desultoria
1606 1561 1784 1620 lectio
1831 1561 2077 1632 divinat,
2127 1561 2214 1618 ita
2255 1563 2587 1622 accuratior
2630 1565 2716 1624 in-

380 1647 622 1722 quisitio
681 1645 853 1704 docet
919 1647 979 1703 et
1034 1644 1360 1703 confirmat.
1450 1644 1692 1720 Optime
1748 1647 1810 1704 id
1866 1645 1986 1704 iam
2041 1647 2399 1722 perspicitur
2454 1668 2523 1706 ex
2584 1649 2720 1724 ipso

382 1731 651 1807 catalogo
696 1730 883 1788 oculis
928 1729 1193 1788 subiecto
1237 1730 1351 1801 ita,
1409 1733 1475 1788 ut
1519 1733 1584 1788 et
1624 1730 1883 1806 genuina
1925 1731 2000 1788 ab
2045 1730 2398 1790 adulterinis
2444 1752 2720 1808 separen-

380 1823 481 1875 tur
525 1820 585 1874 et
630 1814 965 1874 adulterina
1008 1814 1143 1888 ipsa
1184 1814 1402 1874 litteris
1445 1815 1676 1874 AaBC
1722 1817 1786 1874 in
1829 1835 1937 1875 sua
1979 1821 2201 1891 genera·
2243 1815 2686 1890 dispescantur:

772 1945 1021 2009 ’Έσπετε
1068 1955 1186 2009 νῦν
1227 1969 1356 2026 μοι,
1406 1949 1658 2007 Μοῦσαι
1698 1943 1989 2026 Ὀλύμπια
2036 1944 2262 2025 δώματ’
2310 1947 2549 2028 ἔχουσαι
2600 1988 2674 1997 -

382 2045 480 2094 485
635 2029 806 2112 ὑμεῖς
849 2031 960 2114 γὰρ
1004 2032 1153 2093 θεαί
1192 2031 1378 2138 ἐστε,
1396 2030 1653 2106 ποίρεστέ
1697 2055 1788 2135 τε,
1836 2032 1960 2093 ἴστε
2003 2055 2063 2094 τε
2107 2029 2338 2113 πάντα,

636 2115 805 2197 ἡμεῖς
851 2115 917 2177 δὲ
961 2115 1125 2190 κλέος
1171 2111 1299 2177 οἷον
1340 2111 1666 2195 ἀκούομεν,
1713 2112 1854 2178 οὐδέ
1898 2141 1951 2177 τι
1995 2117 2170 2225 ἴδμεν
2218 2153 2316 2198 -,

641 2202 709 2264 οῖ’
744 2225 897 2274 τινες
941 2197 1229 2281 ἡγεμόνες
1278 2207 1537 2262 Δαναῶν
1581 2199 1683 2262 καὶ
1728 2203 2013 2306 κοίρανοι
2039 2207 2220 2281 ἦσαν·

643 2285 893 2366 πληθὺν
938 2283 999 2345 δ’
1046 2283 1156 2348 οὐκ
1198 2312 1280 2348 αν
1324 2285 1435 2367 ἐγώ
1480 2286 1836 2366 μυθήσομαι
1879 2282 2013 2348 οὐδ’
2062 2282 2372 2368 ὀνομήνω,

796 2367 934 2432 οὐδ’
983 2369 1047 2431 εἴ
1080 2394 1178 2452 μοι
1224 2370 1367 2432 δέκα
1410 2369 1519 2472 μὲν
1562 2373 1850 2452 γλῶσσαι,
1896 2367 2041 2431 δέκα
2086 2369 2153 2433 δὲ
2199 2371 2439 2452 στόματ’
2491 2369 2639 2450 εἷεν,

392 2469 493 2518 490
650 2481 824 2537 φωνη
870 2451 935 2516 δ’
982 2455 1307 2556 ἄρρηκτος,
1352 2453 1602 2535 χαλκεον
1647 2455 1714 2517 δέ
1755 2478 1856 2534 μοι
1897 2449 2037 2537 ητορ
2083 2455 2273 2536 ἐνείη,

641 2543 694 2605 εί
733 2541 814 2623 μὴ
855 2536 1247 2621 Ὀλυμπιαδες
1296 2545 1584 2617 Μοῦσαι,
1633 2539 1780 2616 Διὸς
1823 2539 2111 2649 αἰγιόχοιο

637 2626 997 2732 θυγατέρες,
1041 2623 1406 2706 μνησαίαθ’,
1451 2625 1581 2687 οσοι
1626 2624 1746 2689 ὑπὸ
1776 2626 1962 2689 Ἴλιον
2004 2620 2217 2707 ἦλθον.

637 2709 857 2793 ἀρχοὺς
902 2701 981 2772 αὖ
1024 2721 1193 2791 νηῶν
1238 2710 1379 2791 έρέω
1426 2706 1573 2791 νῆάς
1619 2735 1679 2773 τε
1723 2713 2089 2821 προπασας.

564 2797 615 2863 1.
794 2800 1071 2859 Βοιωτῶν
1111 2794 1226 2876 μὲν
1271 2795 1588 2875 Πηνέλεως
1634 2797 1736 2859 καὶ
1779 2790 2004 2876 Λήιτος
2049 2790 2233 2879 ἦρχον

388 2895 490 2943 495
643 2879 1017 2963 Ἀρκεσίλαός
1063 2906 1123 2943 τε
1171 2884 1552 2964 Προθοήνωρ
1598 2905 1656 2944 τε
1701 2883 1952 2956 Κλονίος
1999 2904 2089 2956 τε,

644 2967 713 3029 οἴ
745 2964 817 3027 θ’
851 2964 1065 3069 Ὑρίην
1109 2965 1383 3063 ἐνέμοντο
1426 2990 1528 3029 και
1571 2963 1809 3029 Αὐλίδα
1854 2983 2219 3072 πετρήεσσαν

649 3047 906 3132 Σχοῖνόν
950 3076 1009 3115 τε
1054 3047 1305 3113 Σκῶλόν
1349 3075 1407 3113 τε
1452 3052 1838 3155 πολύκνημόν
1881 3047 1932 3113 τ’
1979 3049 2297 3132 Ἐτεωνόν,

648 3136 948 3200 Θέσπειαν
993 3137 1222 3218 Γραῖάν
1266 3160 1327 3198 τε
1370 3137 1472 3200 καὶ
1514 3132 1837 3217 εὐρύχορον
1882 3133 2336 3215 Μυκαλησσόν,

800 3222 869 3282 οἴ
902 3217 957 3284 τ’
1003 3219 1158 3328 ἄμφ’
1190 3219 1371 3304 ’Ἅρμ’
1420 3220 1694 3301 ἐνέμοντο
1738 3221 1839 3283 καὶ
1881 3222 2156 3283 Εἰλέσιον
2198 3246 2298 3284 και
2339 3220 2674 3307 Ἐρύθρας,

338 3320 367 3369 ’1
402 3319 505 3367 500
664 3308 733 3368 οἴ
766 3303 819 3369 τ’
862 3300 1106 3370 Ἐλεῶν’
1154 3300 1313 3387 εἶχον
1354 3304 1456 3412 ηδ’
1484 3303 1683 3385 ’Τλην
1725 3330 1825 3368 και
1867 3308 2180 3386 Πετεῶνα,

651 3390 943 3473 Ὠκαλέην
992 3391 1291 3454 Μεδεῶνά
1336 3388 1415 3468 τ’,
1462 3391 1809 3468 ἐυκτίμενον
1850 3393 2234 3471 πτολίεθρον,

653 3474 879 3551 Κοόπας
928 3477 1237 3580 Εὔτρησίν
1282 3499 1342 3538 τε
1385 3473 1812 3582 πολυτρήρωνά
1856 3500 1914 3538 τε
1962 3476 2221 3557 Θίσβην,

656 3562 727 3624 οἴ
759 3587 819 3625 τε
869 3559 1213 3639 Κορωνειαν
1255 3585 1355 3623 και
1402 3557 1683 3665 ποιήενθ’
1725 3557 2080 3661 Ἁλίαρτον,

802 3648 868 3708 οῖ’
903 3670 961 3708 τε
1007 3645 1318 3709 Πλαταιαν
1362 3644 1495 3725 ἔχον
1536 3641 1641 3723 ἠδ’
1688 3646 1752 3706 οἳ
1794 3638 2080 3707 Γλίσαντ’
2128 3644 2432 3726 ἐνέμοντο,

396 3746 496 3795 606
638 3732 977 3840 ’Ὀγχηστόν
1019 3726 1093 3793 θ’
1140 3729 1334 3810 ἱερόν,
1383 3730 1718 3810 Ποσιδήιον
1760 3727 1984 3812 αγλαὸν
2027 3730 2238 3807 ἄλσος,

657 3819 865 3882 Νῖσάν
909 3841 967 3878 τε
1013 3814 1240 3894 ζαθέην
1278 3813 1622 3894 Ἀνθηδόνα
1665 3812 1719 3877 τ’
1770 3815 2175 3897 ἐσχατόωσαν·

652 3915 774 3967 των
814 3900 926 3982 μὲν
967 3896 1332 3980 πεντήκοντα
1376 3899 1507 3975 νέες
1550 3902 1713 3976 κίον,
1760 3901 1826 3963 ἐν
1869 3899 1934 3963 δὲ
1981 3900 2200 3985 ἑκάστῃ

396 4004 497 4051 510
652 3998 863 4071 κοῦροι
901 3990 1192 4049 Βοιωτων
1236 3976 1445 4047 ἑκατὸν
1488 4010 1588 4048 και
1633 3986 1820 4049 εἴκοσι
1863 3990 2096 4067 βαῖνον.

568 4074 626 4137 2.
804 4074 883 4133 Οἳ
926 4070 984 4132 δ’
1030 4067 1400 4149 Ἀσπληδόνα
1446 4077 1619 4132 ναῖον
1663 4068 1744 4134 ἰδ’
1787 4068 2138 4152 Ὀρχομενὸν
2187 4070 2519 4152 Μινύειον,

400 4324 475 4365 50⁶
552 4326 586 4363 a
656 4310 719 4363 οι
745 4304 814 4362 θ’
846 4302 1181 4393 Ὑποθήβας
1220 4304 1401 4391 εἶχον,
1438 4302 1773 4377 ἐυκτίμενον
1783 4310 2189 4397 πτολίεθρον,

400 4391 477 4431 507
547 4394 582 4431 a
651 4378 716 4431 οἵ
744 4396 803 4431 τε
840 4381 1279 4443 πολυσταφυλον
1308 4372 1507 4445 Ἀρνην
1546 4372 1703 4444 ἔχον,
1744 4376 1812 4428 οῖ’
1839 4396 1900 4430 τε
1935 4378 2224 4441 Μίδειαν,
