3132 5129
1411 386 1481 395 —-—
1575 348 1870 410 470—

471 528 595 569 non
636 509 829 567 solum
875 506 963 565 uti
1019 506 1232 565 scimus
1284 506 1491 565 vivens
1547 505 1906 582 vigensque,
1965 504 2068 565 sed
2123 504 2304 563 etiam
2357 502 2446 563 uti
2502 522 2808 579 speramus

471 594 642 652 illum
686 592 880 667 ipsum
913 592 1133 650 festum
1165 591 1321 649 diem
1352 590 1887 649 concelebraturus.
1931 589 2013 648 Et
2034 588 2532 665 quemadmodum
2564 589 2804 647 omnino

474 678 770 738 contraria
792 676 1102 736 contrariis
1132 694 1255 734 non
1296 674 1521 733 mederi
1551 675 2073 751 quidemsemper,
2106 679 2177 733 ut
2207 674 2392 751 vulgo
2425 676 2669 749 putant,
2703 674 2806 732 sed

478 763 709 839 placere
753 762 1096 837 saepissime
1140 761 1361 834 solent,
1408 760 1521 835 ita,
1568 760 1726 834 quod
1767 760 1878 820 hoc
1909 759 2140 819 saeculo
2187 778 2596 835 „paganarum
2639 758 2806 817 fabu-

477 846 710 907 larum“
764 845 1157 921 scriptoribus
1220 844 1377 921 apud
1434 864 1572 919 nos,
1639 844 1798 903 idem
1859 845 2003 905 olim
2069 844 2383 903 Theocrito
2449 843 2806 919 Idylliorum

478 932 707 991 auctori
739 930 1046 1007 Syracusis
1074 933 1251 1005 atque
1275 928 1674 989 Alexandriae
1705 930 2024 1007 contigisse
2057 928 2311 988 videtur.
2367 928 2616 987 Illorum
2648 928 2808 986 enim

477 1016 685 1076 rustici
732 1035 1087 1092 quamquam
1138 1015 1335 1075 verius
1378 1014 1682 1073 interdum
1726 1033 1902 1089 quam
1959 1013 2268 1073 venustius
2311 1014 2387 1071 ad
2443 1013 2604 1073 vitae
2661 1013 2804 1071 coti-

475 1103 687 1161 dianae
730 1100 1065 1177 squalorem
1111 1100 1373 1175 expressi
1428 1101 1498 1158 ut
1543 1098 1758 1157 mirum
1803 1102 2093 1175 quantum
2140 1100 2372 1174 „acutis
2414 1098 2660 1157 naribus
2703 1098 2808 1156 ho-

474 1206 609 1246 rum
650 1184 1002 1245 hominum“
1049 1185 1259 1244 fricare
1304 1183 1528 1259 solent,
1575 1184 1660 1243 ita
1703 1184 1886 1243 Siculi
1929 1186 2197 1259 pastores
2255 1186 2524 1242 accurate
2581 1182 2806 1242 vivide-

475 1290 589 1348 que
634 1271 735 1331 sed
779 1271 855 1330 ad
900 1271 1045 1329 artis
1088 1288 1355 1329 normam
1399 1270 1725 1344 temperate
1755 1269 1980 1343 depicti
2009 1288 2046 1327 a
2076 1267 2419 1342 TheocritO,
2464 1287 2584 1343 quo
2616 1268 2808 1343 magis

475 1357 679 1417 nativa
724 1374 927 1415 eorum
984 1354 1333 1431 simplicitas
1376 1374 1412 1411 a
1458 1354 1793 1413 delicatulis
1850 1355 2087 1413 urbium
2131 1352 2518 1429 aularumque
2575 1352 2806 1428 elegan-

476 1442 578 1501 tiis
622 1440 1048 1516 abhorrebant,
1106 1457 1175 1498 eo
1232 1438 1586 1515 impensiore
1639 1439 1841 1498 studio
1883 1439 1959 1498 ab
2013 1438 2106 1497 his
2159 1437 2498 1497 hominibus
2553 1438 2808 1497 formam

477 1526 821 1601 cultumque
862 1524 1143 1599 professis
1184 1523 1649 1599 excipiebantur.
1731 1524 1885 1595 Quid
1917 1524 2104 1600 quod,
2149 1542 2240 1583 ne.
2272 1522 2503 1581 deesset
2543 1522 2638 1581 hic
2667 1540 2810 1598 quo-

480 1630 595 1686 que
637 1609 985 1669 notissimae
1028 1608 1191 1667 illius
1236 1609 1599 1683 sententiae,
1647 1628 1766 1683 qua
1811 1609 1926 1667 duo
1971 1610 2023 1668 si
2067 1608 2294 1667 faciant
2335 1607 2492 1666 idem
2531 1625 2654 1665 non
2682 1625 2814 1667 esse

478 1695 635 1754 idem
682 1694 825 1753 scite
871 1693 1289 1767 admonemur,
1336 1692 1702 1751 luculentum
1751 1694 2116 1769 exemplum,
2165 1692 2500 1752 Theocritei
2545 1694 2814 1767 pastores

478 1779 721 1855 regibus
769 1778 1075 1851 doctisque
1127 1796 1163 1834 a
1218 1795 1451 1835 morum
1504 1778 1842 1837 rusticitate
1897 1777 2214 1875 placebant
2265 1777 2472 1836 eodem
2525 1782 2812 1852 tempore,

480 1882 599 1939 quo
648 1861 983 1921 Zenodotus
1026 1864 1207 1937 atque
1236 1861 1658 1955 Aristarchus,
1717 1881 2102 1939 quaecunque
2147 1863 2209 1920 in
2253 1862 2580 1937 Homericis
2625 1861 2812 1920 heroi·

480 1949 594 2007 bus
638 1951 819 2023 atque
867 1946 997 2004 Diis
1040 1942 1145 2005 διὰ
1191 1937 1254 2004 τὸ
1296 1938 1555 2021 ἀπρεπές
1586 1947 1796 2006 iisdem
1828 1947 2138 2023 displicere
2165 1928 2534 2021 viderentur,
2579 1947 2814 2022 magnis

480 2033 927 2108 temerariisque
985 2005 1350 2091 athetesibus
1392 2031 1840 2091 exterminanda
1883 2030 2224 2091 censebant.

648 2116 774 2175 Nec
817 2117 1109 2177 minorem
1154 2116 1506 2177 Theocritus
1571 2118 1726 2193 apud
1783 2118 2058 2193 aequales
2115 2120 2178 2174 et
2231 2120 2506 2194 posteros
2561 2118 2816 2176 lectores

482 2204 747 2263 favorem
792 2221 971 2278 quam
1015 2204 1173 2279 apud
1231 2202 1588 2262 recentiores
1631 2202 1973 2277 philologos
2018 2220 2218 2260 curam
2273 2204 2549 2277 expertus
2593 2204 2684 2261 est
2737 2201 2814 2259 ad

480 2290 639 2348 hunc
684 2304 867 2362 usque
912 2286 1104 2363 diem,
1164 2290 1233 2345 ut
1274 2288 1375 2346 vix
1418 2306 1488 2346 ex
1540 2288 1911 2363 principibus
1951 2290 2242 2362 quattuor
2285 2286 2656 2346 saeculorum
2702 2286 2814 2343 cri-

483 2373 618 2433 ticis
662 2391 819 2431 unus
862 2372 1087 2431 alterve
1132 2372 1385 2431 inveniri
1443 2374 1652 2447 queat,
1710 2372 1813 2447 qui
1869 2390 1990 2431 non
2035 2372 2262 2470 aliquid
2309 2372 2383 2430 ad
2432 2370 2814 2430 Theocritum

478 2456 915 2518 emendandum
951 2456 1439 2534 explicandumve
1470 2457 1809 2515 contulerit.
1877 2457 2092 2553 Itaque
2115 2458 2166 2515 si
2199 2456 2333 2531 quis
2360 2456 2603 2531 nesciat,
2635 2474 2812 2531 quam

478 2544 693 2602 misere
737 2546 1046 2619 corruptae
1090 2543 1152 2603 in
1197 2541 1497 2602 codicibus
1557 2560 1744 2618 paene
1797 2524 2127 2602 innumeris
2179 2542 2464 2619 reliquiae
2519 2502 2684 2601 illius
2735 2540 2814 2600 le·

478 2632 729 2728 gantur,
776 2628 829 2686 ei
872 2627 965 2687 his
1008 2627 1156 2704 ipsis
1197 2645 1383 2686 novas
1426 2627 1704 2686 illaturus
1748 2628 2190 2688 emendationes
2236 2629 2352 2686 iam
2381 2627 2506 2686 fere
2547 2625 2813 2705 γλαῦκας

480 2711 563 2782 εἰς
602 2704 867 2785 Ἀθήνας
910 2713 1132 2770 inferre
1162 2712 1353 2770 videri
1394 2713 1603 2787 possit.
1679 2712 1902 2771 Verum
1945 2713 2104 2772 enim
2148 2732 2290 2772 vero
2320 2731 2498 2788 quam
2541 2712 2689 2772 nihil
2735 2713 2816 2771 sit

480 2800 551 2856 ut
592 2799 657 2855 in
698 2795 878 2855 rebus
922 2796 1196 2855 humanis
1249 2795 1526 2856 omnibus
1572 2797 1660 2854 ita
1703 2798 1883 2856 etiam
1939 2798 2001 2856 in
2043 2801 2174 2856 arte
2225 2797 2432 2858 critica
2483 2797 2812 2873 perfectum

480 2885 543 2940 et
586 2882 662 2938 ab
707 2881 869 2939 omni
925 2883 1123 2957 ,parte
1180 2879 1456 2938 beatum‘
1473 2926 1487 2956 ,
1549 2901 1620 2939 ex
1675 2900 1795 2940 uno
1855 2881 2174 2941 Theocrito
2229 2883 2325 2942 vel
2385 2883 2611 2957 optime
2667 2881 2816 2941 disci

481 2967 699 3043 potest.
776 2964 958 3024 Cuius
1003 2966 1201 3024 verbis
1246 2965 1344 3022 vix
1390 2966 1648 3041 amplius
1678 2968 2002 3042 exspectari
2047 2985 2218 3042 posse
2249 2971 2318 3026 ut
2359 2968 2664 3044 graviores
2694 2966 2814 3024 iam

481 3051 817 3110 inferantur
846 3051 1209 3110 mutationes
1239 3068 1373 3108 cum
1406 3069 1458 3108 a.
1497 3051 1658 3109 1845
1689 3051 2068 3110 acutissimus
2099 3051 2595 3127 doctissimusque
2639 3051 2816 3110 iudex

486 3136 931 3212 pronuntiasset
970 3135 1400 3210 Bernhardyus
1453 3135 1517 3193 in
1560 3135 1818 3195 litterar.
1865 3136 2075 3196 Graec.
2122 3136 2256 3195 hist.
2309 3137 2424 3194 vol.
2469 3136 2530 3193 II
2575 3137 2812 3212 p.,932,

482 3223 621 3280 ante
640 3220 748 3278 hos
772 3220 920 3279 duos
944 3220 1065 3279 fere
1092 3239 1280 3280 annos
1307 3219 1604 3279 duumviri
1627 3220 1819 3280 denuo
1843 3223 2206 3281 exstiterunt
2226 3221 2342 3280 iam
2361 3221 2502 3280 olim
2521 3221 2594 3279 de
2608 3223 2816 3280 nostro

482 3306 701 3381 optime
750 3306 977 3381 meriti,
1022 3306 1125 3383 qui
1168 3305 1353 3364 trium
1384 3304 1800 3366 Bucolicorum
1843 3307 2206 3366 editionibus
2252 3307 2567 3382 separatim
2605 3306 2814 3365 eodem

479 3391 602 3450 fere
631 3393 900 3465 tempore
931 3391 1245 3468 evulgatis,
1290 3408 1470 3465 quam
1496 3391 1686 3450 multa
1708 3392 1771 3449 in
1793 3391 1988 3467 poetis
2031 3394 2094 3450 et
2114 3391 2512 3451 vexatissimis
2537 3394 2599 3449 et
2619 3409 2813 3450 versa-

482 3475 729 3535 tissimis
772 3475 923 3534 vitia
963 3475 1392 3550 remanserint,
1436 3493 1555 3533 non
1589 3476 1780 3535 solum
1810 3476 2075 3536 notando
2107 3477 2210 3536 sed
2233 3477 2412 3536 etiam
2447 3475 2814 3536 emendando

484 3560 1073 3635 demonstraverunt,
1136 3562 1206 3618 ut
1248 3577 1465 3618 novam
1511 3559 1777 3621 illuxisse
1831 3561 1950 3621 illis
1995 3561 2354 3621 carminibus
2397 3561 2619 3620 rectius
2663 3559 2813 3618 diiu-

484 3644 747 3703 dicandis
792 3645 1049 3704 aetatem
1094 3663 1231 3705 vere
1275 3643 1391 3703 dici
1446 3646 1655 3720 possit.
1732 3645 1824 3704 Ex
1867 3645 1960 3706 his
2006 3646 2428 3706 Meinekius
2473 3646 2565 3705 vir
2606 3647 2817 3705 nostra

485 3729 659 3788 laude
701 3729 881 3806 longe
928 3730 1198 3805 superior
1226 3732 1350 3788 tam
1380 3732 1549 3790 caute
1581 3733 1645 3790 et
1673 3731 2098 3808 circumspecte
2127 3750 2305 3806 quam
2336 3730 2511 3790 docte
2555 3733 2617 3789 et
2644 3733 2817 3790 acute

484 3833 608 3872 rem
651 3833 831 3890 agere
874 3814 1055 3891 solet,
1102 3817 1172 3872 ut
1214 3818 1276 3872 et
1316 3814 1507 3889 locos,
1553 3833 1939 3892 quoscunque
1979 3817 2289 3892 attrectat,
2335 3815 2459 3874 fere
2505 3817 2818 3892 corruptos

486 3917 613 3958 esse
657 3897 978 3959 concedere
1022 3900 1083 3957 et
1125 3897 1571 3959 emendationes
1602 3901 1729 3960 eius
1771 3901 1824 3961 si
1867 3919 1986 3960 non
2030 3901 2104 3959 ab
2149 3901 2277 3977 ipso
2319 3899 2632 3959 Theocrito
2677 3919 2811 3976 pro-

488 3983 670 4042 fectas
716 3986 875 4042 certe
918 3985 1161 4062 ingenio
1194 3984 1427 4060 artique
1472 3985 1599 4045 eius
1630 3987 2049 4047 convenientes
2080 3986 2294 4046 habere
2325 3983 2559 4044 debeas·
2633 3983 2818 4042 Paulo

488 4067 763 4127 audacius
808 4070 1068 4128 exsultat
1112 4071 1176 4128 et
1218 4068 1557 4128 luxuriatur
1613 4069 1976 4130 Abrensii
2031 4071 2339 4148 ingenium
2395 4088 2528 4128 cum
2586 4087 2822 4128 accura-

486 4153 719 4213 tissima
762 4157 823 4212 et
866 4155 1059 4230 ipsum
1104 4153 1315 4212 horum
1369 4157 1681 4230 poetarum
1737 4157 2077 4233 cognitione
2131 4156 2548 4229 coniunctum,
2599 4153 2822 4230 quippe

486 4238 588 4314 qui
632 4236 793 4296 haud
846 4256 982 4297 raro
1027 4257 1151 4298 non
1202 4241 1323 4297 tam
1382 4239 1525 4316 quid
1573 4239 1925 4301 Theocritus
1979 4241 2107 4316 ipse
2161 4239 2468 4317 scripserit
2518 4243 2625 4298 aut
2677 4239 2820 4297 reti-

487 4340 630 4380 nere
676 4325 781 4380 aut
823 4323 1219 4401 investigare,
1277 4343 1453 4400 quam
1499 4325 1640 4401 quid
1699 4329 1804 4385 aut
1846 4326 1949 4385 ille
1992 4329 2100 4385 aut
2143 4327 2294 4386 alius
2337 4327 2519 4403 poeta
2559 4323 2820 4384 scribere

490 4406 759 4481 potuerit
804 4408 973 4484 quasi
1030 4409 1243 4467 ludens
1287 4409 1545 4468 indicare
1591 4411 1883 4470 videatur.
1956 4411 2166 4486 Itaque
2210 4427 2638 4487 saepenumero
2689 4427 2821 4469 eam
