3132 5129
1363 366 1827 431 -178—

907 516 950 598 ἣ
993 515 1048 580 δ’
1098 511 1274 600 ἧσται
1317 511 1414 580 ἐπ’
1463 514 1681 620 ἐσχάρῃ
1726 517 1790 579 ἕν
1832 515 2021 599 πυρὸς
2064 544 2249 666 senff,

721 600 990 684 ἠλάκατα
1032 601 1346 687 στρωφῶσ’
1405 598 1824 686 αλιπόρφυρα,
1880 607 2092 683 θαῦμα
2206 605 2377 666 έσθαι
2397 650 2415 683 ,

726 691 883 751 κίονι
930 690 1280 769 κεκλιμένη·
1328 689 1522 769 δμωαὶ
1568 689 1639 751 δέ
1683 691 1759 750 οἰ
1796 686 1949 750 εἵατ’
2000 690 2289 770 ὄπισθεν,

419 815 508 872 ita
531 816 629 958 Οιὲτ
681 813 827 957 ⁵533
884 813 1026 872 olim
1079 814 1431 873 coniecerim
1501 816 1636 884 post
1689 811 1846 872 hunc
1901 814 2097 888 ipsum
2150 832 2390 874 versum
2444 817 2565 872 tres
2628 813 2764 872 illos

420 917 458 971 η
496 902 527 955 1
619 928 697 940 --

723 1014 792 1072 αἲ
836 1006 889 1071 δ’
941 1007 1138 1086 ἰστοῦς
1179 1008 1414 1113 ὑφόωσι
1459 1011 1558 1073 καὶ
1605 1007 1876 1089 ἠλάκατα
1920 1014 2275 1091 στρωφῶσιν

720 1095 971 1176 ἥμεναι,
1014 1092 1117 1158 οἷά
1160 1120 1221 1159 τε
1265 1093 1464 1177 φύλλα
1506 1098 1808 1199 μακεδνῆς
1850 1101 2163 1196 αἰγείροιο·

721 1182 1052 1262 καιροσέων
1094 1177 1156 1244 δ’
1205 1175 1477 1244 ὀθονέων
1519 1175 1898 1264 ἀπολείβεται
1942 1177 2133 1265 ὑγρὸν
2179 1183 2375 1245 ἔλαιον

418 1305 722 1380 ponendos
767 1324 927 1380 esse,
973 1324 1090 1381 quo
1135 1307 1295 1366 facto
1339 1307 1677 1381 praesentia
1721 1306 1946 1381 optime
1990 1325 2133 1366 sane
2176 1306 2556 1381 quadrarent.
2644 1305 2763 1364 Sed

419 1401 638 1466 tamen,
687 1395 756 1448 ut
790 1390 944 1450 hanc
974 1391 1503 1467 transpositionem
1533 1391 1833 1466 auderem,
1880 1391 2203 1466 impetrare
2234 1411 2270 1449 a
2297 1411 2393 1450 me
2421 1409 2543 1450 non
2570 1392 2760 1467 potui,

415 1477 699 1550 quoniam
756 1494 864 1534 nec
920 1472 1074 1534 ἰστοί
1123 1475 1440 1552 placebant
1490 1477 1556 1534 in
1612 1475 1811 1536 diaeta
1867 1475 2147 1536 omnibus
2202 1477 2503 1536 communi
2558 1475 2759 1551 positi,

417 1561 636 1635 quibus
689 1565 956 1620 texentes
1017 1561 1269 1620 feminas
1326 1578 1447 1620 non
1501 1560 1802 1620 adsedisse
1866 1561 1969 1620 sed
2030 1563 2463 1620 circumeuntes
2520 1580 2763 1636 operam

417 1645 652 1706 dedisse
681 1648 934 1720 constat,
979 1649 1044 1705 et
1086 1646 1405 1722 repetitum
1449 1633 1716 1719 ἠλάκατα
1758 1644 2075 1720 στρωφῶσι
2104 1646 2475 1722 displicebat,
2522 1651 2585 1705 et
2627 1649 2765 1721 post

419 1729 750 1807 longiorem
795 1730 1292 1806 interruptionem
1336 1750 1392 1790 v.
1422 1731 1546 1790 308

719 1844 871 1905 ἔνθα
915 1843 983 1906 δὲ
1025 1836 1248 1925 πατρὸς
1291 1842 1452 1923 ἐμοῖο
1494 1841 1721 1924 θρόνος
1762 1844 2160 1908 ποτικέκλιται
2206 1845 2396 1930 αὐτῇ

417 1967 609 2044 magis
654 1967 952 2064 ambigue
978 1968 1190 2043 etiam,
1239 1987 1416 2042 quam
1460 1968 1636 2028 hodie
1680 1969 1779 2044 fit,
1825 1969 2146 2028 diceretur:
2194 1968 2343 2027 illud
2384 1959 2539 2048 αὐτῇ
2584 1969 2760 2044 enim,

417 2051 578 2127 quod
625 2051 770 2126 quin
812 2052 886 2111 ad
936 2050 1123 2127 ipsam
1156 2012 1381 2111 Areten
1431 2071 1552 2112 non
1598 2054 1673 2112 ad
1718 2054 2054 2112 columnam
2084 2053 2455 2112 referendum
2487 2055 2567 2113 sit
2595 2053 2763 2112 dubi-

418 2136 534 2195 tari
579 2155 700 2195 non
743 2140 973 2212 potest,
1020 2135 1138 2195 iam
1183 2137 1472 2232 antiquis
1493 2139 1838 2213 scrupulum
1883 2139 2145 2198 movisse
2189 2137 2460 2197 lectionis
2504 2138 2764 2198 varietas

321 2231 389 2279 34
423 2221 597 2280 docet
638 2242 673 2280 a
717 2221 955 2280 scholiis
1001 2225 1238 2281 servata
1279 2241 1503 2300 αυγῃ,
1549 2242 1699 2297 quae
1743 2223 2206 2299 transpositione
2250 2223 2354 2281 illa
2381 2223 2643 2282 admissa
2671 2243 2762 2282 re·

422 2306 697 2381 cipienda
739 2309 800 2364 et
842 2306 975 2381 ipsa
1019 2307 1192 2365 foret.
1259 2305 1373 2364 His
1418 2306 1728 2366 conatibus
1770 2307 1962 2366 multo
1997 2307 2378 2368 verisimilius
2422 2309 2568 2366 mihi
2600 2308 2764 2367 vide-

418 2394 518 2450 tur
559 2390 695 2450 illos
739 2392 900 2466 ipsos
925 2409 1162 2466 versus,
1211 2390 1429 2466 quibus
1472 2392 1669 2450 fusum
1705 2395 2015 2451 versantes
2046 2392 2296 2451 ancillae
2327 2391 2759 2467 describuntur,

418 2493 551 2532 cum
593 2474 728 2534 aliis
771 2476 1005 2535 iunctos
1051 2436 1192 2534 olim
1237 2477 1375 2550 post
1418 2495 1455 2548 η
1492 2478 1611 2535 135
1660 2477 1888 2551 positos
1932 2477 2146 2552 fuisse,
2206 2477 2308 2535 ubi
2353 2496 2512 2536 nunc
2557 2477 2763 2538 eiectis

427 2561 774 2635 136—138,
822 2561 926 2637 qui
956 2578 1162 2620 versus
1205 2559 1280 2619 ab
1325 2559 1475 2636 ipsis
1515 2559 1886 2621 Pisistrateis
1931 2563 2143 2622 inserti
2172 2561 2474 2637 videntur,
2518 2563 2762 2622 lacunae

419 2646 591 2720 signa
633 2644 813 2720 figere
857 2647 1095 2704 coactus
1141 2664 1294 2703 sum.
1369 2643 1464 2702 Ibi
1509 2646 1702 2720 enim,
1748 2664 1899 2721 quae
1944 2666 2127 2721 supra
2169 2646 2569 2717 §304—-309
2603 2647 2761 2706 Nau·

417 2730 571 2788 sicaa
623 2728 889 2789 breviter
939 2729 1335 2803 indicaverat,
1404 2730 1677 2804 pluribus
1733 2731 2123 2791 describenda
2178 2734 2378 2806 erant,
2438 2733 2502 2789 et
2556 2732 2766 2808 regina

414 2813 698 2873 nantibus
743 2813 1084 2889 praesidens
1127 2813 1360 2873 ancillis
1405 2817 1467 2872 et
1508 2832 1613 2873 rex
1660 2814 1827 2891 filiis,
1874 2816 1990 2875 nisi
2036 2815 2242 2891 fallor,
2291 2816 2761 2876 circumsidenti-

420 2898 534 2958 bus
579 2899 854 2973 stipatus.
1439 2922 1450 2933 ·

584 2981 658 3041 In
701 2982 1012 3041 reiciendis
1044 2983 1319 3043 versibus
1362 3002 1403 3056 η
1426 2982 1764 3042 251—258
1808 3002 1943 3043 cum
1989 2984 2251 3061 antiquis
2295 2984 2519 3044 criticis
2563 3004 2757 3045 recen—

415 3066 598 3127 tiores
643 3085 846 3127 omnes
889 3066 1070 3126 habui
1115 3072 1405 3144 auctores,
1452 3071 1520 3127 ut
1563 3069 1637 3126 de
1679 3068 1753 3129 iis
1798 3088 1921 3128 non
1964 3088 2114 3145 opus
2158 3070 2239 3128 sit
2283 3070 2603 3144 quicquam
2658 3072 2757 3129 ad-

417 3151 574 3211 dere.
649 3151 959 3227 Pluribus,
1005 3152 1057 3211 si
1101 3153 1343 3229 quidem
1385 3153 1630 3229 singula
1670 3154 1873 3212 omnia
1900 3158 2173 3213 accurate
2203 3157 2567 3230 pertractare
2596 3155 2761 3214 locus

417 3238 600 3310 esset,
669 3254 846 3313 agere
915 3236 1190 3296 deberem
1257 3237 1329 3296 de
1385 3256 1442 3297 v.
1476 3240 1843 3315 311—316,
1911 3239 1985 3297 de
2052 3238 2273 3314 quibus
2332 3241 2585 3313 quantas
2641 3240 2759 3298 iam

415 3319 803 3380 Alexandrini
848 3322 1283 3382 controversias
1340 3322 1730 3398 agitaverint,
1793 3342 1863 3383 ex
1919 3323 2159 3383 scholiis
2203 3322 2300 3382 hic
2342 3323 2582 3399 quidem
2625 3342 2761 3383 con·

417 3408 588 3464 sueto
645 3406 1011 3481 plenioribus
1067 3424 1422 3483 cognoscere
1476 3406 1646 3483 licet,
1712 3408 1777 3466 in
1830 3409 2050 3484 quibus
2098 3407 2256 3467 haud
2313 3408 2437 3467 scio
2492 3428 2568 3467 an
2612 3408 2761 3468 nihil

417 3490 658 3550 maioris
703 3492 784 3549 sit
826 3493 1132 3567 momenti,
1178 3510 1354 3585 quam
1397 3490 1561 3565 quod
1604 3492 1677 3551 de
1706 3492 2056 3554 Aristarcho
2103 3492 2363 3553 traditur
2404 3493 2498 3553 his
2529 3494 2757 3552 verbis.

414 3593 554 3644 τους
591 3572 657 3645 ἓξ
695 3568 1074 3673 Ἀρίσταρχος
1118 3563 1370 3647 δισταξει
1405 3567 1671 3650 Ὁμήρου
1714 3568 1887 3637 εἶναι.
1946 3576 2010 3636 εἰ
2052 3573 2133 3635 δὲ
2177 3597 2294 3634 και
2334 3570 2760 3674 Ὁμηρικοί,

415 3651 722 3729 εἰκότως
765 3647 1036 3729 αὗτους
1080 3658 1674 3756 περιαιρεθῆναί
1724 3677 1925 3737 φησι.
2013 3662 2139 3732 πῶς
2192 3683 2310 3739 γαρ
2364 3660 2599 3739 ἀγνοῶν
2652 3683 2759 3720 τον

413 3738 609 3821 ἄνδρα
651 3739 1038 3822 μνηστεύεται
1082 3738 1244 3803 αὐτω
1283 3735 1394 3819 τὴν
1436 3742 1741 3825 θυγατέρα
1784 3768 1884 3804 και
1929 3738 2002 3804 οὗ
2046 3742 2552 3825 προτρεπόμενος,
2611 3735 2761 3805 ἀλλὰ

417 3828 718 3907 λιπαρῶνς
741 3831 1054 3906 ‚Apparet
1106 3832 1264 3889 enim
1319 3850 1389 3889 ex
1444 3830 1535 3890 his
1580 3850 1698 3891 non
1762 3834 1985 3908 solum,
2042 3851 2217 3908 quam
2275 3832 2529 3892 infestus
2574 3833 2762 3892 fuerit

415 3914 941 3992 grammaticorum
993 3914 1270 3991 princeps
1323 3914 1737 3976 defensoribus
1802 3918 2015 3977 horum
2064 3936 2347 3977 versuum
2404 3918 2630 3976 scilicet
2684 3916 2759 3976 ab

416 3998 607 4059 aulico
651 4018 814 4059 more
856 4002 920 4059 et
961 4018 996 4058 a
1039 4000 1205 4076 regia
1248 4000 1542 4076 dignitate
1588 4001 2066 4077 abhorrentium,
2126 4001 2228 4061 sed
2288 4002 2465 4061 etiam
2509 4002 2759 4061 eundem

417 4086 660 4143 omnino
704 4085 1019 4161 maiorem,
1068 4103 1243 4159 quam
1292 4085 1474 4161 vulgo
1520 4090 1765 4161 putant,
1814 4086 2088 4146 fiduciam
2133 4086 2197 4144 in
2239 4087 2534 4146 eiusmodi
2576 4088 2761 4146 ratio-

419 4170 814 4229 cinationibus
871 4170 946 4228 ab
1001 4171 1132 4245 ipsa
1190 4188 1387 4228 rerum
1443 4188 1905 4244 personarumve
1960 4170 2159 4229 indole
2214 4172 2422 4247 petitis
2466 4172 2758 4246 posuisse.

417 4252 556 4312 Non
599 4257 798 4313 tamen
839 4254 936 4313 hic
981 4254 1222 4330 quidem
1267 4255 1546 4314 omnibus
1591 4256 1907 4330 pensitatis
1936 4256 2106 4315 firmo
2138 4255 2356 4316 summi
2386 4256 2578 4315 critici
2608 4254 2762 4315 iudi-

415 4338 505 4396 cio
550 4338 908 4414 accedimus,
968 4340 1248 4417 quoniam
1308 4358 1417 4398 nec
1460 4338 1747 4400 Alcinous
1792 4339 1975 4399 ullam
2020 4341 2412 4417 inexspectati
2456 4341 2583 4399 voti
2628 4358 2758 4398 cau-

415 4442 537 4481 sam
583 4423 762 4482 habet
806 4426 867 4482 et
910 4424 1030 4498 ipsi
1077 4442 1280 4483 versus
1323 4444 1358 4481 a
1401 4423 1717 4498 lyticorum
1778 4425 2065 4485 machinis
2120 4424 2469 4485 alienissimi
2524 4424 2761 4484 solitam
