3132 5129
1285 396 1740 461 -133—

331 549 442 629 μὲν
483 548 517 612 ὅ
539 553 575 611 δ
593 550 982 632 υρόμενος.
1059 555 1211 613 Τιιιιι
1247 559 1512 613 Δαναῶν
1545 587 1621 596 ——
1653 550 1996 652 αἰχμητάων
2039 554 2448 630 suppeditavit
2477 557 2508 613 λ
2540 558 2681 631 559,

335 641 427 699 cui
473 639 693 699 similis
738 645 832 700 est
874 639 1142 698 clausula
1187 637 1453 697 Δαναῶν
1498 674 1572 683 ——
1623 631 2060 697 ἆσπισταων
2105 643 2169 698 Ν
2212 642 2355 701 680.

512 809 766 869 35-37
813 809 1036 868 maiore
1079 809 1359 868 libertate
1405 809 1507 868 sed
1541 810 1685 868 satis
1718 809 2035 867 infeliciter
2065 809 2415 884 composuit.
2474 810 2680 886 Neque

337 899 495 958 enim
541 898 646 953 aut
689 895 755 953 in
798 894 907 953 hac
947 893 1263 970 rhapsodia
1305 896 1410 952 aut
1454 894 1515 953 in
1559 893 1664 968 iis,
1711 895 1814 969 qui
1858 899 2215 969 sequuntur,
2262 894 2468 954 Iliadis
2511 896 2681 955 libris

339 984 608 1042 Minerva
641 999 902 1056 unquam
947 979 1344 1039 consilium
1392 978 1596 1038 subdit
1624 979 2037 1037 laborantibus
2068 979 2129 1037 in
2160 980 2382 1053 proelio
2414 980 2678 1040 Achivis.

341 1068 458 1127 Sed
525 1067 664 1124 ante
732 1064 931 1124 oculos
985 1064 1247 1123 habebat
1304 1063 1701 1144 interpolator
1762 1064 2293 1122 Telemacheae
2351 1064 2678 1124 Minervam

340 1150 536 1212 Ulixis
583 1148 708 1208 filio
753 1153 874 1207 tam
919 1148 1204 1207 salutaria
1245 1149 1494 1208 consilia
1538 1148 2046 1224 suppeditantem,
2094 1149 2260 1209 cuius
2303 1149 2574 1207 beneficii
2619 1152 2681 1208 et

337 1239 399 1297 in
458 1238 706 1296 deorum
762 1233 1010 1294 concilio
1068 1255 1107 1290 α
1153 1234 1232 1291 88
1279 1252 1411 1309 sqq.
1473 1234 1695 1292 diserte
1752 1237 1814 1292 et
1871 1235 1933 1291 in
1993 1232 2328 1292 Telemachi
2386 1233 2678 1309 colloquio

338 1320 378 1397 β
426 1323 585 1380 26-
595 1319 673 1377 28
720 1322 876 1378 tecte
931 1320 1294 1378 mentionem
1351 1318 1522 1393 facit,
1582 1318 1677 1377 hic
1731 1318 1973 1393 quidem
2020 1318 2198 1377 verbo
2242 1337 2350 1376 usa
2393 1319 2568 1378 etiam
2616 1320 2677 1378 in

338 1410 606 1466 nostrum
664 1403 861 1463 locum
931 1402 1131 1463 illato·
1194 1394 1337 1460 αλλα
1406 1397 1469 1460 δὲ
1527 1399 1628 1460 καὶ
1685 1399 1915 1476 δαίμων
1966 1395 2455 1478 ὖποθησεται.
2556 1404 2679 1464 Nec

341 1492 580 1562 dubito,
638 1489 784 1564 quin
842 1509 910 1547 ex
968 1487 1175 1547 eodem
1231 1489 1487 1546 carmine
1531 1488 1954 1566 gravissimum
2000 1487 2150 1545 illud
2194 1509 2232 1543 α
2279 1489 2354 1545 61
2404 1485 2464 1543 τί
2504 1485 2580 1546 νύ
2626 1488 2687 1546 οἵ

341 1569 518 1633 τόσον
562 1567 894 1649 ὠδύσαο,
940 1574 1083 1646 Ζεῦ,
1126 1572 1281 1648 quod
1328 1574 1510 1631 semel
1554 1573 1819 1632 auditum
1851 1573 2075 1631 nemini
2108 1591 2364 1647 unquam
2396 1574 2679 1633 memoria

343 1661 586 1734 excidet,
635 1657 697 1716 in
743 1676 923 1717 causa
966 1658 1151 1717 fuerit
1192 1661 1420 1732 nostro,
1467 1661 1536 1716 ut
1579 1658 1732 1716 illud
1774 1657 2107 1715 inauditum
2147 1660 2395 1732 poneret
2422 1649 2675 1716 ὀδυσσα-

339 1742 536 1823 μένοιο
580 1745 752 1802 τεοῖο.
844 1743 995 1801 Tum

505 1833 585 1889 38
647 1823 759 1903 τὴν
810 1821 873 1885 δ’
934 1821 1317 1903 ἐπιμειδήσας
1370 1848 1439 1886 ex
1496 1828 1804 1903 Epipolesi
1862 1826 2219 1903 desumpsit,
2277 1827 2382 1886 ubi
2440 1829 2496 1883 Δ
2549 1829 2670 1887 356

338 1917 748 1993 Agamemnon
814 1912 1278 1972 subridendo
1350 1913 1641 1971 offensum
1713 1913 1948 1988 placare
2007 1912 2210 1972 studet
2263 1913 2671 1972 irascentis

336 2001 528 2060 Ulixis
575 2000 868 2072 animum,
916 2016 1092 2073 quem
1138 1999 1333 2072 ipsum
1377 1997 1828 2057 irridentem
1873 1997 2016 2055 facit
2058 1997 2268 2055 iisdem
2314 1997 2511 2056 verbis
2556 1999 2672 2057 Do·

333 2086 540 2145 loneae
586 2085 795 2143 auctor
839 2084 896 2140 K
925 2083 1052 2142 400
1095 2082 1345 2140 stolidae
1391 2083 1750 2157 trepidantis
1796 2082 2183 2158 speculatoris
2227 2083 2521 2141 aviditati.

508 2171 589 2229 39
617 2187 735 2244 sq.,
792 2168 895 2242 qui
953 2186 1159 2226 versus
1211 2166 1306 2226 hic
1361 2167 1603 2243 quidem
1662 2168 1804 2244 quid
1862 2167 1974 2226 sibi
2031 2168 2219 2226 velint
2271 2186 2446 2226 nemo
2504 2168 2671 2228 facile

335 2255 581 2328 dixerit,
644 2253 1009 2312 commodius
1055 2270 1196 2311 sane
1241 2252 1395 2310 infra
1437 2252 1721 2327 leguntur
1766 2253 1829 2308 X
1859 2254 1974 2310 184
1999 2271 2116 2328 sq.,
2164 2272 2523 2328 quamquam
2565 2272 2673 2312 nec

333 2341 428 2398 hic
471 2341 587 2399 iarn
636 2357 825 2396 meam
869 2338 1059 2397 celare
1105 2336 1241 2396 volo
1287 2338 1665 2412 sententiam,
1713 2357 1829 2413 qua
1875 2341 2068 2395 totum
2104 2338 2253 2395 illud
2279 2337 2479 2397 Iovem
2511 2338 2670 2396 inter

332 2428 512 2501 atque
560 2424 891 2482 Minervam
946 2422 1312 2496 colloquium
1357 2423 1417 2477 X
1469 2424 1796 2481 166—188
1855 2442 1889 2479 a
1934 2423 2258 2480 recentiore
2303 2422 2673 2481 diasceuasta

330 2512 630 2570 intrusum
675 2526 883 2568 censeo
915 2507 987 2567 ad
1019 2506 1471 2567 similitudinem
1504 2507 1629 2567 eius
1662 2507 2125 2582 deliberationis,
2170 2527 2347 2582 quam
2377 2507 2669 2566 11432-

330 2597 454 2655 458
511 2595 585 2655 de
629 2593 986 2669 Sarpedonis
1042 2596 1201 2653 sorte
1258 2611 1388 2650 cum
1437 2593 1665 2651 Iunone
1722 2611 1901 2651 uxore
1958 2592 2226 2662 instituit
2281 2593 2453 2650 deum
2502 2596 2670 2667 pater

330 2685 513 2756 atque
556 2680 866 2737 hominum
910 2698 1031 2736 rex.

506 2764 732 2823 Contra
786 2763 947 2822 inter
989 2763 1150 2823 Iovis
1203 2766 1591 2824 interdictum
1636 2762 1696 2820 in
1744 2762 1989 2821 deorum
2036 2763 2281 2822 concilio
2326 2764 2667 2837 pronuntia-

333 2853 460 2908 tum
509 2848 597 2927 (Θ
633 2849 853 2907 1-27.
911 2848 1190 2925 41—52)
1247 2854 1426 2924 atque
1485 2848 1802 2926 imperium
1862 2866 1969 2922 per
2026 2847 2244 2905 Iridem
2292 2848 2505 2905 Iunoni
2552 2847 2664 2904 Mi-

331 2952 665 3010 nervaeque
711 2935 1121 2992 transmissum
1170 2931 1251 3012 (Θ
1280 2936 1577 3013 350sqq.)
1624 2932 1886 3007 aliquam
1932 2935 2232 2989 narratam
2281 2932 2462 2989 fuisse
2494 2933 2661 2990 Achi-

331 3038 538 3077 vorum
609 3018 838 3077 cladem
905 3022 1026 3076 tam
1086 3037 1359 3094 gravem,
1426 3023 1495 3077 ut
1561 3036 1703 3094 prae
1768 3035 1971 3075 eorum
2017 3017 2424 3076 misericordia
2490 3022 2671 3091 atque

337 3104 613 3163 Hectoris
661 3102 796 3162 odio
842 3103 992 3161 Iuno
1037 3105 1216 3178 atque
1241 3104 1509 3163 Minerva
1531 3102 1691 3162 Iovis
1735 3102 1925 3159 minas
1971 3101 2282 3177 neglegere
2327 3101 2668 3173 statuerint,

329 3207 451 3247 non
509 3207 657 3263 opus
719 3193 812 3247 est
856 3187 1313 3247 demonstretur.
1403 3189 1614 3248 Potius
1659 3187 1767 3244 hoc
1809 3186 2140 3261 quaeritur,
2198 3189 2398 3243 utrum
2445 3186 2493 3243 is
2539 3205 2669 3244 con-

332 3273 534 3331 tinuae
580 3273 940 3331 narrationis
988 3272 1183 3331 hiatus
1228 3274 1622 3347 probabiliter
1666 3271 1756 3345 iis,
1804 3290 1954 3345 quae
1998 3278 2134 3345 post
2166 3267 2319 3328 852
2366 3270 2666 3347 leguntur,

331 3358 555 3433 expleri
603 3357 813 3432 possit.
890 3358 978 3415 Ac
1022 3357 1164 3416 mihi
1212 3358 1470 3433 quidem,
1517 3358 1629 3416 etsi
1675 3356 1737 3413 in
1781 3374 1844 3413 re
1890 3356 2120 3414 incerta
2163 3355 2312 3413 nihil
2359 3375 2464 3431 pro
2510 3359 2669 3416 certo

331 3443 631 3502 affirmare
698 3443 908 3515 ausim,
977 3442 1135 3501 baud
1192 3443 1396 3517 inepte
1450 3448 1650 3502 tamen
1717 3461 1773 3500 v.
1824 3441 2070 3499 53—-77
2130 3441 2300 3516 sequi
2366 3439 2667 3498 videntur.

333 3528 487 3598 Quid
532 3526 861 3586 contradici
904 3527 1110 3602 possit,
1158 3546 1252 3585 me
1299 3528 1539 3585 minime
1590 3527 1774 3603 fugit:
1822 3524 1999 3583 nimis
2046 3525 2275 3583 ieiunos
2321 3543 2452 3584 esse
2493 3524 2669 3584 nimis

332 3613 606 3671 universe
651 3612 962 3687 loquentes
1006 3612 1114 3671 bos
1161 3630 1366 3670 versus
1411 3616 1591 3688 atque
1635 3613 1709 3670 ab
1755 3610 1915 3669 omni
1962 3611 2321 3669 accuratiore
2366 3614 2665 3685 gestarum

328 3715 528 3754 rerum
574 3695 943 3771 expositione
989 3696 1331 3770 destitutOS,
1381 3716 1558 3772 quam
1591 3700 1660 3754 ut
1690 3714 1796 3770 „os
1826 3714 2043 3770 magna
2074 3693 2462 3753 sonaturum“
2493 3693 2667 3753 huius

329 3782 571 3858 quidem
627 3785 836 3856 poetae
879 3799 981 3840 eos
1025 3780 1304 3840 effudisse
1349 3783 1549 3857 putari
1598 3784 1794 3856 queat.
1884 3778 2110 3837 Verum
2155 3779 2311 3837 enim
2360 3796 2500 3836 vero
2546 3779 2665 3852 ille,

327 3866 372 3925 si
433 3866 584 3924 bene
639 3885 771 3924 eum
818 3866 957 3926 novi
1011 3899 1078 3907 —-
1128 3865 1287 3941 quod
1333 3870 1403 3923 ut
1446 3866 1691 3925 interim
1736 3864 1878 3923 mihi
1926 3864 2228 3938 credatur,
2290 3863 2492 3938 aliquo
2537 3881 2667 3922 meo

329 3952 460 4009 iure
501 3951 804 4026 postulare
848 3950 992 4009 mihi
1037 3950 1247 4010 videor
1268 3982 1362 4025 —,
1413 3951 1526 4009 diis
1573 3952 1827 4009 maxime
1873 3954 2050 4024 atque
2097 3948 2315 4007 divinis
2359 3948 2537 4005 rebus
2570 3947 2665 4005 tle·

328 4035 583 4095 lectatus
627 4036 907 4095 mortales
950 4039 1158 4111 utpote
1202 4035 1425 4111 pusilla
1455 4035 1692 4094 divinae
1722 4035 2025 4111 potentiae
2055 4032 2313 4092 ludibria
2343 4050 2463 4091 non
2495 4032 2669 4091 aliter

328 4120 616 4179 orationis
663 4120 837 4195 copia
879 4121 1323 4197 luminibusque
1368 4138 1649 4178 exornare
1696 4119 2037 4192 consuevit,
2094 4118 2209 4176 nisi
2265 4117 2369 4175 ubi
2423 4118 2669 4176 numina

328 4206 461 4280 ipsa
517 4205 581 4263 in
640 4204 852 4263 mediis
905 4205 1245 4264 hominibus
1305 4205 1524 4264 veisari
1581 4209 1759 4280 atque
1809 4204 1985 4261 rebus
2031 4220 2233 4259 eorum
2279 4221 2415 4261 suas
2459 4221 2669 4261 manus

328 4290 548 4348 inicere
593 4290 947 4365 coepissent.
1042 4290 1211 4362 Quod
1257 4289 1305 4348 si
1352 4289 1715 4364 conceditur,
1760 4288 1911 4347 nihil
1956 4305 2317 4362 magnopere
2365 4289 2665 4363 vitupera·
2759 4320 2778 4338 ·

330 4373 493 4433 bitur
538 4374 598 4433 in
648 4394 705 4433 v.
753 4375 916 4434 53—
925 4376 1034 4449 58,
1091 4375 1196 4433 ubi
1253 4393 1428 4450 quam
1485 4375 1831 4434 brevissime
1887 4372 2194 4447 utriusque
2239 4372 2526 4431 exercitus
2570 4372 2667 4430 ad-

331 4463 543 4519 ventus
590 4462 903 4519 narratur:
949 4478 1087 4520 nam
1138 4460 1188 4516 B
1234 4461 1356 4519 863
1402 4453 1671 4535 μέμασαν
1713 4452 1773 4515 δ’
1808 4450 2017 4532 ὑσμῖνι
2044 4453 2344 4532 μάχεσθαι
2375 4461 2436 4516 et
2468 4458 2515 4515 Β
2543 4460 2664 4517 809

2710 2432 2769 2479 17
