<?xml version="1.0" encoding="UTF-8"?>
<!DOCTYPE html PUBLIC "-//W3C//DTD XHTML 1.0 Transitional//EN"
    "http://www.w3.org/TR/xhtml1/DTD/xhtml1-transitional.dtd">
<html xmlns="http://www.w3.org/1999/xhtml" xml:lang="en" lang="en">
 <head>
  <title>
</title>
<meta http-equiv="Content-Type" content="text/html;charset=utf-8" />
  <meta name='ocr-system' content='tesseract 3.04.00' />
  <meta name='ocr-capabilities' content='ocr_page ocr_carea ocr_par ocr_line ocrx_word'/>
</head>
<body>
  <div class='ocr_page' id='page_1' title='image "./opusculaphilolo00koecgoog_0028.png"; bbox 0 0 3132 5129; ppageno 0'>
   <div class='ocr_carea' id='block_1_1' title="bbox 319 2159 386 2206">
    <p class='ocr_par' dir='ltr' id='par_1_1' title="bbox 319 2159 386 2206">
     <span class='ocr_line' id='line_1_1' title="bbox 319 2159 386 2206; baseline -0.045 0"><span class='ocrx_word' id='word_1_1' title='bbox 319 2159 386 2206; x_wconf 82' lang='lat'><strong>20</strong></span> 
     </span>
    </p>
   </div>
   <div class='ocr_carea' id='block_1_2' title="bbox 1376 381 1792 445">
    <p class='ocr_par' dir='ltr' id='par_1_2' title="bbox 1376 381 1792 445">
     <span class='ocr_line' id='line_1_2' title="bbox 1376 381 1792 445; baseline 0.002 -17"><span class='ocrx_word' id='word_1_2' title='bbox 1376 381 1792 445; x_wconf 57' lang='lat'>„16-</span> 
     </span>
    </p>
   </div>
   <div class='ocr_carea' id='block_1_3' title="bbox 419 538 2760 1615">
    <p class='ocr_par' dir='ltr' id='par_1_3' title="bbox 419 538 2760 1615">
     <span class='ocr_line' id='line_1_3' title="bbox 419 538 2760 617; baseline 0.003 -20"><span class='ocrx_word' id='word_1_3' title='bbox 419 540 643 613; x_wconf 87' lang='lat' dir='ltr'><strong>potest,</strong></span> <span class='ocrx_word' id='word_1_4' title='bbox 716 538 938 598; x_wconf 89' lang='lat' dir='ltr'><strong>oblitus</strong></span> <span class='ocrx_word' id='word_1_5' title='bbox 984 542 1077 598; x_wconf 82' lang='lat' dir='ltr'><strong>est</strong></span> <span class='ocrx_word' id='word_1_6' title='bbox 1119 538 1659 615; x_wconf 87' lang='lat' dir='ltr'><strong>Naegelsbachius,</strong></span> <span class='ocrx_word' id='word_1_7' title='bbox 1718 542 1879 615; x_wconf 89' lang='lat' dir='ltr'><strong>quod</strong></span> <span class='ocrx_word' id='word_1_8' title='bbox 1947 542 2075 617; x_wconf 87' lang='lat' dir='ltr'><strong>ipse</strong></span> <span class='ocrx_word' id='word_1_9' title='bbox 2130 562 2189 617; x_wconf 87' lang='lat' dir='ltr'><strong>p.</strong></span> <span class='ocrx_word' id='word_1_10' title='bbox 2250 545 2367 601; x_wconf 85' lang='lat'><strong>162</strong></span> <span class='ocrx_word' id='word_1_11' title='bbox 2426 543 2760 603; x_wconf 75' lang='lat' dir='ltr'><strong>rectissime</strong></span> 
     </span>
     <span class='ocr_line' id='line_1_4' title="bbox 420 625 2750 703; baseline 0.003 -22"><span class='ocrx_word' id='word_1_12' title='bbox 420 625 679 694; x_wconf 87' lang='lat' dir='ltr'><strong>monuit,</strong></span> <span class='ocrx_word' id='word_1_13' title='bbox 726 643 847 682; x_wconf 90' lang='lat' dir='ltr'><strong>non</strong></span> <span class='ocrx_word' id='word_1_14' title='bbox 893 643 1123 695; x_wconf 78' lang='lat' dir='ltr'><strong>omne8‚</strong></span> <span class='ocrx_word' id='word_1_15' title='bbox 1173 625 1277 684; x_wconf 91' lang='lat' dir='ltr'><strong>sed</strong></span> <span class='ocrx_word' id='word_1_16' title='bbox 1311 628 1545 683; x_wconf 89' lang='lat' dir='ltr'><strong>tantum</strong></span> <span class='ocrx_word' id='word_1_17' title='bbox 1594 625 2085 685; x_wconf 83' lang='lat' dir='ltr'><strong>clamosissimum</strong></span> <span class='ocrx_word' id='word_1_18' title='bbox 2133 646 2426 703; x_wconf 88' lang='lat' dir='ltr'><strong>quemque</strong></span> <span class='ocrx_word' id='word_1_19' title='bbox 2471 630 2543 687; x_wconf 87' lang='lat' dir='ltr'><strong>ab</strong></span> <span class='ocrx_word' id='word_1_20' title='bbox 2576 629 2750 688; x_wconf 81' lang='lat' dir='ltr'><strong>Ulixe</strong></span> 
     </span>
     <span class='ocr_line' id='line_1_5' title="bbox 423 709 2751 788; baseline 0.003 -22"><span class='ocrx_word' id='word_1_21' title='bbox 423 709 749 785; x_wconf 86' lang='lat' dir='ltr'><strong>obiurgari.</strong></span> <span class='ocrx_word' id='word_1_22' title='bbox 842 710 1148 779; x_wconf 86' lang='lat' dir='ltr'>Quomodo</span> <span class='ocrx_word' id='word_1_23' title='bbox 1215 711 1401 787; x_wconf 87' lang='lat' dir='ltr'><strong>igitur</strong></span> <span class='ocrx_word' id='word_1_24' title='bbox 1457 729 1705 770; x_wconf 89' lang='lat' dir='ltr'><strong>omnes</strong></span> <span class='ocrx_word' id='word_1_25' title='bbox 1772 712 2059 787; x_wconf 90' lang='lat' dir='ltr'><strong>singuli</strong></span> <span class='ocrx_word' id='word_1_26' title='bbox 2132 714 2282 771; x_wconf 90' lang='lat' dir='ltr'><strong>scire</strong></span> <span class='ocrx_word' id='word_1_27' title='bbox 2337 716 2614 788; x_wconf 87' lang='lat' dir='ltr'><strong>poterant</strong></span> <span class='ocrx_word' id='word_1_28' title='bbox 2667 715 2751 784; x_wconf 88' lang='lat' dir='ltr'><strong>id,</strong></span> 
     </span>
     <span class='ocr_line' id='line_1_6' title="bbox 419 793 2754 870; baseline 0.003 -20"><span class='ocrx_word' id='word_1_29' title='bbox 419 793 608 868; x_wconf 88' lang='lat' dir='ltr'><strong>quod,</strong></span> <span class='ocrx_word' id='word_1_30' title='bbox 657 795 707 851; x_wconf 89' lang='lat' dir='ltr'><strong>si</strong></span> <span class='ocrx_word' id='word_1_31' title='bbox 752 813 960 853; x_wconf 79' lang='lat' dir='ltr'><strong>verum</strong></span> <span class='ocrx_word' id='word_1_32' title='bbox 1005 795 1295 867; x_wconf 85' lang='lat' dir='ltr'><strong>fatemur,</strong></span> <span class='ocrx_word' id='word_1_33' title='bbox 1354 796 1557 870; x_wconf 82' lang='lat' dir='ltr'>paucis</span> <span class='ocrx_word' id='word_1_34' title='bbox 1604 814 1808 853; x_wconf 90' lang='lat' dir='ltr'><strong>eorum</strong></span> <span class='ocrx_word' id='word_1_35' title='bbox 1851 816 1974 855; x_wconf 92' lang='lat' dir='ltr'><strong>non</strong></span> <span class='ocrx_word' id='word_1_36' title='bbox 2033 798 2182 855; x_wconf 83' lang='lat' dir='ltr'><strong>dixit</strong></span> <span class='ocrx_word' id='word_1_37' title='bbox 2237 817 2301 855; x_wconf 88' lang='lat' dir='ltr'><strong>re</strong></span> <span class='ocrx_word' id='word_1_38' title='bbox 2343 818 2485 857; x_wconf 85' lang='lat' dir='ltr'><strong>vera</strong></span> <span class='ocrx_word' id='word_1_39' title='bbox 2528 799 2754 869; x_wconf 72' lang='lat' dir='ltr'><strong>UlixeS,</strong></span> 
     </span>
     <span class='ocr_line' id='line_1_7' title="bbox 421 879 2754 958; baseline 0.002 -22"><span class='ocrx_word' id='word_1_40' title='bbox 421 879 524 936; x_wconf 87' lang='lat' dir='ltr'><strong>sed</strong></span> <span class='ocrx_word' id='word_1_41' title='bbox 569 879 979 937; x_wconf 85' lang='lat' dir='ltr'><strong>coniciendum</strong></span> <span class='ocrx_word' id='word_1_42' title='bbox 1024 881 1149 937; x_wconf 88' lang='lat' dir='ltr'><strong>sive</strong></span> <span class='ocrx_word' id='word_1_43' title='bbox 1179 880 1521 955; x_wconf 88' lang='lat' dir='ltr'><strong>fingendum</strong></span> <span class='ocrx_word' id='word_1_44' title='bbox 1554 879 1843 955; x_wconf 80' lang='lat' dir='ltr'><strong>reliquit?</strong></span> <span class='ocrx_word' id='word_1_45' title='bbox 1891 884 1974 939; x_wconf 89' lang='lat' dir='ltr'><strong>At</strong></span> <span class='ocrx_word' id='word_1_46' title='bbox 2017 882 2112 939; x_wconf 88' lang='lat' dir='ltr'><strong>vel</strong></span> <span class='ocrx_word' id='word_1_47' title='bbox 2158 902 2493 955; x_wconf 80' lang='lat' dir='ltr'>sumamus,</span> <span class='ocrx_word' id='word_1_48' title='bbox 2544 903 2754 958; x_wconf 88' lang='lat' dir='ltr'><strong>quam-</strong></span> 
     </span>
     <span class='ocr_line' id='line_1_8' title="bbox 420 963 2750 1043; baseline 0.002 -22"><span class='ocrx_word' id='word_1_49' title='bbox 420 982 599 1038; x_wconf 86' lang='lat' dir='ltr'><strong>quam</strong></span> <span class='ocrx_word' id='word_1_50' title='bbox 644 963 774 1021; x_wconf 90' lang='lat' dir='ltr'><strong>fieri</strong></span> <span class='ocrx_word' id='word_1_51' title='bbox 820 965 1056 1038; x_wconf 89' lang='lat' dir='ltr'><strong>nequit,</strong></span> <span class='ocrx_word' id='word_1_52' title='bbox 1115 983 1319 1023; x_wconf 90' lang='lat' dir='ltr'><strong>omnes</strong></span> <span class='ocrx_word' id='word_1_53' title='bbox 1374 984 1442 1023; x_wconf 84' lang='lat' dir='ltr'><strong>ex</strong></span> <span class='ocrx_word' id='word_1_54' title='bbox 1489 964 1681 1024; x_wconf 81' lang='lat' dir='ltr'><strong>Ulixis</strong></span> <span class='ocrx_word' id='word_1_55' title='bbox 1727 966 1927 1025; x_wconf 87' lang='lat' dir='ltr'><strong>verbis</strong></span> <span class='ocrx_word' id='word_1_56' title='bbox 1988 968 2335 1042; x_wconf 83' lang='lat' dir='ltr'><strong>cognovisse</strong></span> <span class='ocrx_word' id='word_1_57' title='bbox 2389 968 2592 1043; x_wconf 85' lang='lat' dir='ltr'><strong>fugam</strong></span> <span class='ocrx_word' id='word_1_58' title='bbox 2644 988 2750 1027; x_wconf 86' lang='lat' dir='ltr'><strong>vo-</strong></span> 
     </span>
     <span class='ocr_line' id='line_1_9' title="bbox 420 1049 2754 1127; baseline 0.003 -22"><span class='ocrx_word' id='word_1_59' title='bbox 420 1049 650 1106; x_wconf 84' lang='lat' dir='ltr'><strong>luntate</strong></span> <span class='ocrx_word' id='word_1_60' title='bbox 695 1050 1161 1124; x_wconf 81' lang='lat' dir='ltr'><strong>Agamemnonis</strong></span> <span class='ocrx_word' id='word_1_61' title='bbox 1217 1051 1291 1107; x_wconf 87' lang='lat' dir='ltr'><strong>ab</strong></span> <span class='ocrx_word' id='word_1_62' title='bbox 1336 1068 1405 1108; x_wconf 93' lang='lat' dir='ltr'><strong>eo</strong></span> <span class='ocrx_word' id='word_1_63' title='bbox 1463 1050 1779 1108; x_wconf 80' lang='lat' dir='ltr'><strong>inhibitam</strong></span> <span class='ocrx_word' id='word_1_64' title='bbox 1827 1070 1983 1124; x_wconf 88' lang='lat' dir='ltr'><strong>esse,</strong></span> <span class='ocrx_word' id='word_1_65' title='bbox 2039 1072 2114 1110; x_wconf 89' lang='lat' dir='ltr'><strong>ne</strong></span> <span class='ocrx_word' id='word_1_66' title='bbox 2169 1055 2298 1109; x_wconf 90' lang='lat' dir='ltr'><strong>tum</strong></span> <span class='ocrx_word' id='word_1_67' title='bbox 2355 1053 2595 1127; x_wconf 89' lang='lat' dir='ltr'><strong>quidem</strong></span> <span class='ocrx_word' id='word_1_68' title='bbox 2653 1072 2754 1127; x_wconf 87' lang='lat' dir='ltr'><strong>ap·</strong></span> 
     </span>
     <span class='ocr_line' id='line_1_10' title="bbox 420 1133 2751 1207; baseline 0.002 -17"><span class='ocrx_word' id='word_1_69' title='bbox 420 1134 616 1207; x_wconf 85' lang='lat' dir='ltr'><strong>posita</strong></span> <span class='ocrx_word' id='word_1_70' title='bbox 660 1135 752 1191; x_wconf 87' lang='lat' dir='ltr'><strong>est</strong></span> <span class='ocrx_word' id='word_1_71' title='bbox 779 1133 1082 1191; x_wconf 76' lang='lat' dir='ltr'><strong>Thersitae</strong></span> <span class='ocrx_word' id='word_1_72' title='bbox 1124 1134 1332 1192; x_wconf 84' lang='lat' dir='ltr'><strong>oratio.</strong></span> <span class='ocrx_word' id='word_1_73' title='bbox 1406 1133 1596 1193; x_wconf 91' lang='lat' dir='ltr'><strong>Immo</strong></span> <span class='ocrx_word' id='word_1_74' title='bbox 1640 1135 1750 1193; x_wconf 89' lang='lat' dir='ltr'><strong>hoc</strong></span> <span class='ocrx_word' id='word_1_75' title='bbox 1793 1136 1916 1194; x_wconf 88' lang='lat' dir='ltr'><strong>fere</strong></span> <span class='ocrx_word' id='word_1_76' title='bbox 1961 1136 2135 1195; x_wconf 93' lang='lat' dir='ltr'><strong>modo</strong></span> <span class='ocrx_word' id='word_1_77' title='bbox 2167 1136 2421 1194; x_wconf 80' lang='lat' dir='ltr'><strong>exordiri</strong></span> <span class='ocrx_word' id='word_1_78' title='bbox 2469 1138 2751 1195; x_wconf 80' lang='lat' dir='ltr'><strong>debebat:</strong></span> 
     </span>
     <span class='ocr_line' id='line_1_11' title="bbox 423 1217 2749 1296; baseline 0.002 -21"><span class='ocrx_word' id='word_1_79' title='bbox 423 1217 860 1293; x_wconf 86' lang='lat' dir='ltr'><strong>„Agamemno,</strong></span> <span class='ocrx_word' id='word_1_80' title='bbox 920 1222 989 1276; x_wconf 90' lang='lat' dir='ltr'><strong>tu</strong></span> <span class='ocrx_word' id='word_1_81' title='bbox 1033 1238 1095 1277; x_wconf 89' lang='lat' dir='ltr'><strong>es</strong></span> <span class='ocrx_word' id='word_1_82' title='bbox 1140 1219 1624 1278; x_wconf 88' lang='lat' dir='ltr'><strong>mendacissimus</strong></span> <span class='ocrx_word' id='word_1_83' title='bbox 1680 1224 1739 1278; x_wconf 90' lang='lat' dir='ltr'><strong>et</strong></span> <span class='ocrx_word' id='word_1_84' title='bbox 1782 1221 2333 1296; x_wconf 85' lang='lat' dir='ltr'><strong>impudentissimus</strong></span> <span class='ocrx_word' id='word_1_85' title='bbox 2375 1223 2749 1281; x_wconf 82' lang='lat' dir='ltr'><strong>mortalium:</strong></span> 
     </span>
     <span class='ocr_line' id='line_1_12' title="bbox 420 1302 2755 1382; baseline 0.003 -23"><span class='ocrx_word' id='word_1_86' title='bbox 420 1302 595 1361; x_wconf 92' lang='lat' dir='ltr'><strong>modo</strong></span> <span class='ocrx_word' id='word_1_87' title='bbox 639 1304 797 1361; x_wconf 87' lang='lat' dir='ltr'><strong>enim</strong></span> <span class='ocrx_word' id='word_1_88' title='bbox 842 1303 914 1360; x_wconf 88' lang='lat' dir='ltr'><strong>ad</strong></span> <span class='ocrx_word' id='word_1_89' title='bbox 960 1304 1312 1379; x_wconf 82' lang='lat' dir='ltr'><strong>fugiendum</strong></span> <span class='ocrx_word' id='word_1_90' title='bbox 1357 1304 1633 1363; x_wconf 80' lang='lat' dir='ltr'><strong>hortatus</strong></span> <span class='ocrx_word' id='word_1_91' title='bbox 1678 1325 1768 1376; x_wconf 75' lang='lat' dir='ltr'><strong>ea,</strong></span> <span class='ocrx_word' id='word_1_92' title='bbox 1817 1308 1877 1363; x_wconf 84' lang='lat' dir='ltr'><strong>et</strong></span> <span class='ocrx_word' id='word_1_93' title='bbox 1919 1324 2077 1364; x_wconf 90' lang='lat' dir='ltr'><strong>nunc</strong></span> <span class='ocrx_word' id='word_1_94' title='bbox 2122 1310 2224 1364; x_wconf 92' lang='lat' dir='ltr'><strong>tuo</strong></span> <span class='ocrx_word' id='word_1_95' title='bbox 2271 1308 2432 1365; x_wconf 86' lang='lat' dir='ltr'><strong>iussu</strong></span> <span class='ocrx_word' id='word_1_96' title='bbox 2478 1311 2755 1382; x_wconf 85' lang='lat' dir='ltr'><strong>parentes</strong></span> 
     </span>
     <span class='ocr_line' id='line_1_13' title="bbox 421 1389 2755 1464; baseline 0.002 -19"><span class='ocrx_word' id='word_1_97' title='bbox 421 1389 612 1446; x_wconf 84' lang='lat' dir='ltr'><strong>socios</strong></span> <span class='ocrx_word' id='word_1_98' title='bbox 658 1389 941 1446; x_wconf 87' lang='lat' dir='ltr'><strong>conviciis</strong></span> <span class='ocrx_word' id='word_1_99' title='bbox 987 1392 1050 1446; x_wconf 87' lang='lat' dir='ltr'><strong>et</strong></span> <span class='ocrx_word' id='word_1_100' title='bbox 1095 1389 1441 1447; x_wconf 83' lang='lat' dir='ltr'><strong>verberibus</strong></span> <span class='ocrx_word' id='word_1_101' title='bbox 1488 1408 1596 1464; x_wconf 87' lang='lat' dir='ltr'><strong>per</strong></span> <span class='ocrx_word' id='word_1_102' title='bbox 1626 1391 2074 1464; x_wconf 86' lang='lat' dir='ltr'><strong>paratissimum</strong></span> <span class='ocrx_word' id='word_1_103' title='bbox 2122 1392 2492 1450; x_wconf 80' lang='lat' dir='ltr'><strong>fallaciarum</strong></span> <span class='ocrx_word' id='word_1_104' title='bbox 2537 1392 2755 1450; x_wconf 84' lang='lat' dir='ltr'><strong>machi·</strong></span> 
     </span>
     <span class='ocr_line' id='line_1_14' title="bbox 419 1473 2756 1550; baseline 0.002 -21"><span class='ocrx_word' id='word_1_105' title='bbox 419 1475 689 1530; x_wconf 90' lang='lat' dir='ltr'><strong>natorem</strong></span> <span class='ocrx_word' id='word_1_106' title='bbox 742 1473 1127 1532; x_wconf 85' lang='lat' dir='ltr'><strong>retrahendos</strong></span> <span class='ocrx_word' id='word_1_107' title='bbox 1183 1492 1371 1532; x_wconf 89' lang='lat' dir='ltr'><strong>curas.</strong></span> <span class='ocrx_word' id='word_1_108' title='bbox 1465 1474 1748 1532; x_wconf 90' lang='lat' dir='ltr'><strong>Ludibrio</strong></span> <span class='ocrx_word' id='word_1_109' title='bbox 1805 1476 2071 1550; x_wconf 88' lang='lat' dir='ltr'><strong>profecto</strong></span> <span class='ocrx_word' id='word_1_110' title='bbox 2126 1476 2310 1534; x_wconf 87' lang='lat' dir='ltr'><strong>habes</strong></span> <span class='ocrx_word' id='word_1_111' title='bbox 2364 1476 2521 1535; x_wconf 88' lang='lat' dir='ltr'><strong>filios</strong></span> <span class='ocrx_word' id='word_1_112' title='bbox 2576 1476 2756 1535; x_wconf 89' lang='lat' dir='ltr'><strong>Achi-</strong></span> 
     </span>
     <span class='ocr_line' id='line_1_15' title="bbox 425 1575 666 1615; baseline 0.01 -1"><span class='ocrx_word' id='word_1_113' title='bbox 425 1575 666 1615; x_wconf 88' lang='lat' dir='ltr'><strong>vorum.</strong></span> 
     </span>
    </p>
   </div>
   <div class='ocr_carea' id='block_1_4' title="bbox 673 1664 2445 1841">
    <p class='ocr_par' dir='ltr' id='par_1_4' title="bbox 673 1664 2445 1841">
     <span class='ocr_line' id='line_1_16' title="bbox 674 1664 2445 1756; baseline 0.003 -24"><span class='ocrx_word' id='word_1_114' title='bbox 674 1664 721 1732; x_wconf 78' lang='grc' dir='ltr'><em>ὦ</em></span> <span class='ocrx_word' id='word_1_115' title='bbox 767 1671 1050 1751; x_wconf 79' lang='grc' dir='ltr'><strong><em>πέπονες,</em></strong></span> <span class='ocrx_word' id='word_1_116' title='bbox 1094 1668 1233 1733; x_wconf 70' lang='grc' dir='ltr'><strong><em>κάκ’</em></strong></span> <span class='ocrx_word' id='word_1_117' title='bbox 1285 1670 1532 1754; x_wconf 76' lang='grc' dir='ltr'><strong>ἐλέγχε’,</strong></span> <span class='ocrx_word' id='word_1_118' title='bbox 1586 1670 1906 1753; x_wconf 78' lang='grc' dir='ltr'><strong><em>Ἀχαιίδες,</em></strong></span> <span class='ocrx_word' id='word_1_119' title='bbox 1952 1671 2152 1737; x_wconf 78' lang='grc' dir='ltr'><strong><em>οὐκέτ’</em></strong></span> <span class='ocrx_word' id='word_1_120' title='bbox 2193 1672 2445 1756; x_wconf 77' lang='grc' dir='ltr'><em>Ἀχαιοί,</em></span> 
     </span>
     <span class='ocr_line' id='line_1_17' title="bbox 673 1756 2220 1841; baseline 0.002 -24"><span class='ocrx_word' id='word_1_121' title='bbox 673 1782 712 1835; x_wconf 83' lang='grc' dir='ltr'><strong><em>η</em></strong></span> <span class='ocrx_word' id='word_1_122' title='bbox 756 1757 868 1839; x_wconf 75' lang='grc' dir='ltr'><strong>γὰρ</strong></span> <span class='ocrx_word' id='word_1_123' title='bbox 910 1756 1023 1837; x_wconf 79' lang='lat' dir='ltr'><strong>o’c&#39;v,</strong></span> <span class='ocrx_word' id='word_1_124' title='bbox 1064 1756 1365 1838; x_wconf 79' lang='grc' dir='ltr'><strong>Ἀτρεΐδη,</strong></span> <span class='ocrx_word' id='word_1_125' title='bbox 1426 1769 1541 1819; x_wconf 83' lang='grc' dir='ltr'><strong>νῦν</strong></span> <span class='ocrx_word' id='word_1_126' title='bbox 1585 1759 1808 1820; x_wconf 75' lang='lat' dir='ltr'><strong>voram</strong></span> <span class='ocrx_word' id='word_1_127' title='bbox 1853 1762 2173 1841; x_wconf 81' lang='grc' dir='ltr'><em>λωβησαιο.</em></span> <span class='ocrx_word' id='word_1_128' title='bbox 2181 1763 2220 1798; x_wconf 83' lang='lat'>“</span> 
     </span>
    </p>
   </div>
   <div class='ocr_carea' id='block_1_5' title="bbox 417 1896 2755 4517">
    <p class='ocr_par' dir='ltr' id='par_1_5' title="bbox 420 1896 2753 2058">
     <span class='ocr_line' id='line_1_18' title="bbox 420 1896 2753 1977; baseline 0.003 -24"><span class='ocrx_word' id='word_1_129' title='bbox 420 1896 619 1954; x_wconf 85' lang='lat' dir='ltr'><strong>Etiam</strong></span> <span class='ocrx_word' id='word_1_130' title='bbox 665 1898 770 1956; x_wconf 87' lang='lat' dir='ltr'><strong>has</strong></span> <span class='ocrx_word' id='word_1_131' title='bbox 815 1898 1199 1957; x_wconf 83' lang='lat' dir='ltr'><strong>difficultates</strong></span> <span class='ocrx_word' id='word_1_132' title='bbox 1244 1916 1363 1956; x_wconf 87' lang='lat' dir='ltr'><strong>non</strong></span> <span class='ocrx_word' id='word_1_133' title='bbox 1396 1898 1644 1958; x_wconf 87' lang='lat' dir='ltr'><strong>latuisse</strong></span> <span class='ocrx_word' id='word_1_134' title='bbox 1704 1901 1979 1974; x_wconf 87' lang='lat' dir='ltr'><strong>antiquos</strong></span> <span class='ocrx_word' id='word_1_135' title='bbox 2025 1919 2094 1958; x_wconf 84' lang='lat' dir='ltr'><strong>ex</strong></span> <span class='ocrx_word' id='word_1_136' title='bbox 2150 1919 2218 1960; x_wconf 89' lang='lat' dir='ltr'><strong>eo</strong></span> <span class='ocrx_word' id='word_1_137' title='bbox 2263 1902 2548 1977; x_wconf 88' lang='lat' dir='ltr'><strong>suspicari</strong></span> <span class='ocrx_word' id='word_1_138' title='bbox 2593 1902 2753 1974; x_wconf 86' lang='lat' dir='ltr'><strong>licet,</strong></span> 
     </span>
     <span class='ocr_line' id='line_1_19' title="bbox 420 1981 2260 2058; baseline 0.002 -20"><span class='ocrx_word' id='word_1_139' title='bbox 420 1981 578 2055; x_wconf 88' lang='lat' dir='ltr'><strong>quod</strong></span> <span class='ocrx_word' id='word_1_140' title='bbox 625 1982 962 2041; x_wconf 87' lang='lat' dir='ltr'><strong>Zenodotus</strong></span> <span class='ocrx_word' id='word_1_141' title='bbox 1007 2004 1066 2040; x_wconf 86' lang='lat' dir='ltr'><strong>v.</strong></span> <span class='ocrx_word' id='word_1_142' title='bbox 1115 1985 1452 2043; x_wconf 76' lang='lat'>220—223</span> <span class='ocrx_word' id='word_1_143' title='bbox 1498 2002 1607 2058; x_wconf 88' lang='lat' dir='ltr'><strong>pro</strong></span> <span class='ocrx_word' id='word_1_144' title='bbox 1657 1985 1991 2044; x_wconf 86' lang='lat' dir='ltr'><strong>subditiciis</strong></span> <span class='ocrx_word' id='word_1_145' title='bbox 2036 1985 2260 2043; x_wconf 87' lang='lat' dir='ltr'><strong>habuit.</strong></span> 
     </span>
    </p>

    <p class='ocr_par' dir='ltr' id='par_1_6' title="bbox 419 2066 2755 2487">
     <span class='ocr_line' id='line_1_20' title="bbox 589 2066 2753 2130; baseline 0.002 -6"><span class='ocrx_word' id='word_1_146' title='bbox 589 2066 660 2125; x_wconf 93' lang='lat' dir='ltr'><strong>In</strong></span> <span class='ocrx_word' id='word_1_147' title='bbox 718 2067 912 2125; x_wconf 86' lang='lat' dir='ltr'><strong>Ulixis</strong></span> <span class='ocrx_word' id='word_1_148' title='bbox 967 2069 1039 2125; x_wconf 90' lang='lat' dir='ltr'><strong>ad</strong></span> <span class='ocrx_word' id='word_1_149' title='bbox 1101 2068 1433 2126; x_wconf 78' lang='lat' dir='ltr'><strong>Thersitam</strong></span> <span class='ocrx_word' id='word_1_150' title='bbox 1491 2070 1756 2128; x_wconf 86' lang='lat' dir='ltr'><strong>oratione</strong></span> <span class='ocrx_word' id='word_1_151' title='bbox 1811 2089 1868 2129; x_wconf 83' lang='lat' dir='ltr'><strong>v.</strong></span> <span class='ocrx_word' id='word_1_152' title='bbox 1917 2071 2251 2128; x_wconf 80' lang='lat'>252—256</span> <span class='ocrx_word' id='word_1_153' title='bbox 2310 2071 2560 2130; x_wconf 86' lang='lat' dir='ltr'><strong>athetesi</strong></span> <span class='ocrx_word' id='word_1_154' title='bbox 2616 2072 2753 2129; x_wconf 86' lang='lat' dir='ltr'><strong>sub-</strong></span> 
     </span>
     <span class='ocr_line' id='line_1_21' title="bbox 420 2150 2755 2226; baseline 0.002 -18"><span class='ocrx_word' id='word_1_155' title='bbox 420 2150 717 2223; x_wconf 88' lang='lat' dir='ltr'><strong>iacebant‚</strong></span> <span class='ocrx_word' id='word_1_156' title='bbox 754 2171 932 2226; x_wconf 90' lang='lat' dir='ltr'><strong>quam</strong></span> <span class='ocrx_word' id='word_1_157' title='bbox 964 2154 1269 2211; x_wconf 84' lang='lat' dir='ltr'><strong>Bekkerus</strong></span> <span class='ocrx_word' id='word_1_158' title='bbox 1306 2155 1540 2211; x_wconf 89' lang='lat' dir='ltr'><strong>tantum</strong></span> <span class='ocrx_word' id='word_1_159' title='bbox 1571 2155 1843 2213; x_wconf 81' lang='lat' dir='ltr'><strong>versibus</strong></span> <span class='ocrx_word' id='word_1_160' title='bbox 1877 2156 2209 2212; x_wconf 82' lang='lat'><strong>254—256</strong></span> <span class='ocrx_word' id='word_1_161' title='bbox 2241 2156 2525 2215; x_wconf 84' lang='lat' dir='ltr'><strong>admovit.</strong></span> <span class='ocrx_word' id='word_1_162' title='bbox 2587 2155 2755 2214; x_wconf 84' lang='lat' dir='ltr'><strong>Bona</strong></span> 
     </span>
     <span class='ocr_line' id='line_1_22' title="bbox 420 2232 2752 2314; baseline 0.003 -22"><span class='ocrx_word' id='word_1_163' title='bbox 420 2239 513 2293; x_wconf 83' lang='lat' dir='ltr'><strong>est</strong></span> <span class='ocrx_word' id='word_1_164' title='bbox 556 2236 1005 2312; x_wconf 80' lang='lat' dir='ltr'><strong>Naegelsbachii</strong></span> <span class='ocrx_word' id='word_1_165' title='bbox 1051 2232 1308 2312; x_wconf 70' lang='lat' dir='ltr'><strong>suspicio</strong></span> <span class='ocrx_word' id='word_1_166' title='bbox 1353 2258 1411 2312; x_wconf 85' lang='lat' dir='ltr'><strong>p.</strong></span> <span class='ocrx_word' id='word_1_167' title='bbox 1465 2240 1614 2309; x_wconf 82' lang='lat'><strong>172,</strong></span> <span class='ocrx_word' id='word_1_168' title='bbox 1678 2239 1770 2297; x_wconf 88' lang='lat' dir='ltr'><strong>hic</strong></span> <span class='ocrx_word' id='word_1_169' title='bbox 1816 2239 2109 2314; x_wconf 84' lang='lat' dir='ltr'><strong>duplicem</strong></span> <span class='ocrx_word' id='word_1_170' title='bbox 2156 2260 2284 2299; x_wconf 88' lang='lat' dir='ltr'><strong>esse</strong></span> <span class='ocrx_word' id='word_1_171' title='bbox 2326 2242 2752 2313; x_wconf 86' lang='lat' dir='ltr'><strong>recensionem,</strong></span> 
     </span>
     <span class='ocr_line' id='line_1_23' title="bbox 419 2320 2751 2397; baseline 0.002 -20"><span class='ocrx_word' id='word_1_172' title='bbox 419 2320 665 2378; x_wconf 86' lang='lat' dir='ltr'><strong>alteram</strong></span> <span class='ocrx_word' id='word_1_173' title='bbox 716 2340 786 2378; x_wconf 85' lang='lat' dir='ltr'><strong>ex</strong></span> <span class='ocrx_word' id='word_1_174' title='bbox 844 2341 898 2379; x_wconf 87' lang='lat' dir='ltr'><strong>v.</strong></span> <span class='ocrx_word' id='word_1_175' title='bbox 961 2324 1330 2394; x_wconf 81' lang='lat'><strong>250—253,</strong></span> <span class='ocrx_word' id='word_1_176' title='bbox 1399 2322 1646 2380; x_wconf 86' lang='lat' dir='ltr'><strong>alteram</strong></span> <span class='ocrx_word' id='word_1_177' title='bbox 1712 2343 1781 2380; x_wconf 82' lang='lat' dir='ltr'><strong>ex</strong></span> <span class='ocrx_word' id='word_1_178' title='bbox 1842 2345 1896 2381; x_wconf 81' lang='lat' dir='ltr'><strong>v.</strong></span> <span class='ocrx_word' id='word_1_179' title='bbox 1947 2326 2303 2382; x_wconf 75' lang='lat'>254—-256</span> <span class='ocrx_word' id='word_1_180' title='bbox 2363 2330 2751 2397; x_wconf 81' lang='lat' dir='ltr'><strong>constantem,</strong></span> 
     </span>
     <span class='ocr_line' id='line_1_24' title="bbox 421 2406 2750 2487; baseline 0.002 -24"><span class='ocrx_word' id='word_1_181' title='bbox 421 2407 734 2481; x_wconf 88' lang='lat' dir='ltr'><strong>utramque</strong></span> <span class='ocrx_word' id='word_1_182' title='bbox 781 2406 985 2464; x_wconf 81' lang='lat' dir='ltr'><strong>eadem</strong></span> <span class='ocrx_word' id='word_1_183' title='bbox 1031 2407 1325 2480; x_wconf 88' lang='lat' dir='ltr'><strong>particula</strong></span> <span class='ocrx_word' id='word_1_184' title='bbox 1382 2407 1458 2487; x_wconf 79' lang='grc' dir='ltr'><strong>τῷ</strong></span> <span class='ocrx_word' id='word_1_185' title='bbox 1503 2426 1691 2483; x_wconf 87' lang='lat' dir='ltr'><strong>aeque</strong></span> <span class='ocrx_word' id='word_1_186' title='bbox 1734 2407 1885 2466; x_wconf 90' lang='lat' dir='ltr'><strong>bene</strong></span> <span class='ocrx_word' id='word_1_187' title='bbox 1932 2410 2005 2466; x_wconf 87' lang='lat' dir='ltr'><strong>ad</strong></span> <span class='ocrx_word' id='word_1_188' title='bbox 2053 2429 2109 2467; x_wconf 87' lang='lat' dir='ltr'><strong>v.</strong></span> <span class='ocrx_word' id='word_1_189' title='bbox 2157 2411 2279 2468; x_wconf 80' lang='lat'><strong>249</strong></span> <span class='ocrx_word' id='word_1_190' title='bbox 2326 2411 2750 2484; x_wconf 88' lang='lat' dir='ltr'><strong>adaptandam.</strong></span> 
     </span>
    </p>

    <p class='ocr_par' dir='ltr' id='par_1_7' title="bbox 419 2490 2754 2903">
     <span class='ocr_line' id='line_1_25' title="bbox 589 2490 2754 2570; baseline 0.002 -22"><span class='ocrx_word' id='word_1_191' title='bbox 589 2490 685 2548; x_wconf 87' lang='lat' dir='ltr'><strong>Ita</strong></span> <span class='ocrx_word' id='word_1_192' title='bbox 728 2491 907 2548; x_wconf 90' lang='lat' dir='ltr'><strong>etiam</strong></span> <span class='ocrx_word' id='word_1_193' title='bbox 951 2511 1084 2549; x_wconf 90' lang='lat' dir='ltr'><strong>cum</strong></span> <span class='ocrx_word' id='word_1_194' title='bbox 1115 2491 1580 2566; x_wconf 81' lang='lat' dir='ltr'><strong>Naegelsbachio</strong></span> <span class='ocrx_word' id='word_1_195' title='bbox 1623 2494 1932 2551; x_wconf 85' lang='lat' dir='ltr'><strong>consentio</strong></span> <span class='ocrx_word' id='word_1_196' title='bbox 1965 2492 2272 2552; x_wconf 86' lang='lat' dir='ltr'><strong>Thersitae</strong></span> <span class='ocrx_word' id='word_1_197' title='bbox 2302 2496 2754 2570; x_wconf 86' lang='lat' dir='ltr'><strong>castigationem</strong></span> 
     </span>
     <span class='ocr_line' id='line_1_26' title="bbox 421 2576 2753 2655; baseline 0.003 -23"><span class='ocrx_word' id='word_1_198' title='bbox 421 2595 477 2632; x_wconf 84' lang='lat' dir='ltr'><strong>v.</strong></span> <span class='ocrx_word' id='word_1_199' title='bbox 514 2576 878 2647; x_wconf 83' lang='lat'><strong>265—277,</strong></span> <span class='ocrx_word' id='word_1_200' title='bbox 927 2597 1103 2651; x_wconf 85' lang='lat' dir='ltr'><strong>quam</strong></span> <span class='ocrx_word' id='word_1_201' title='bbox 1136 2579 1324 2635; x_wconf 86' lang='lat' dir='ltr'><strong>serius</strong></span> <span class='ocrx_word' id='word_1_202' title='bbox 1368 2576 1631 2634; x_wconf 84' lang='lat' dir='ltr'><strong>additam</strong></span> <span class='ocrx_word' id='word_1_203' title='bbox 1662 2578 1911 2653; x_wconf 86' lang='lat' dir='ltr'><strong>putabat</strong></span> <span class='ocrx_word' id='word_1_204' title='bbox 1941 2579 2388 2655; x_wconf 81' lang='lat' dir='ltr'><strong>Lachmannus,</strong></span> <span class='ocrx_word' id='word_1_205' title='bbox 2439 2582 2753 2638; x_wconf 86' lang='lat' dir='ltr'><strong>retinente.</strong></span> 
     </span>
     <span class='ocr_line' id='line_1_27' title="bbox 421 2659 2746 2738; baseline 0.003 -23"><span class='ocrx_word' id='word_1_206' title='bbox 421 2659 570 2716; x_wconf 86' lang='lat' dir='ltr'><strong>Eam</strong></span> <span class='ocrx_word' id='word_1_207' title='bbox 616 2660 766 2718; x_wconf 87' lang='lat' dir='ltr'><strong>bene</strong></span> <span class='ocrx_word' id='word_1_208' title='bbox 809 2661 1141 2719; x_wconf 85' lang='lat' dir='ltr'><strong>vindicavit</strong></span> <span class='ocrx_word' id='word_1_209' title='bbox 1172 2660 1408 2720; x_wconf 88' lang='lat' dir='ltr'><strong>Curtius</strong></span> <span class='ocrx_word' id='word_1_210' title='bbox 1449 2682 1504 2736; x_wconf 89' lang='lat' dir='ltr'><strong>p.</strong></span> <span class='ocrx_word' id='word_1_211' title='bbox 1545 2665 1619 2720; x_wconf 88' lang='grc'><strong>16</strong></span> <span class='ocrx_word' id='word_1_212' title='bbox 1653 2682 1778 2737; x_wconf 88' lang='lat' dir='ltr'><strong>sq.,</strong></span> <span class='ocrx_word' id='word_1_213' title='bbox 1828 2664 2044 2738; x_wconf 88' lang='lat' dir='ltr'><strong>quibus</strong></span> <span class='ocrx_word' id='word_1_214' title='bbox 2076 2684 2260 2722; x_wconf 88' lang='lat' dir='ltr'><strong>unum</strong></span> <span class='ocrx_word' id='word_1_215' title='bbox 2304 2668 2540 2722; x_wconf 86' lang='lat' dir='ltr'><strong>tantum</strong></span> <span class='ocrx_word' id='word_1_216' title='bbox 2573 2665 2746 2735; x_wconf 85' lang='lat' dir='ltr'><strong>addo,</strong></span> 
     </span>
     <span class='ocr_line' id='line_1_28' title="bbox 423 2744 2750 2821; baseline 0.002 -19"><span class='ocrx_word' id='word_1_217' title='bbox 423 2762 549 2802; x_wconf 88' lang='lat' dir='ltr'><strong>eam</strong></span> <span class='ocrx_word' id='word_1_218' title='bbox 594 2746 909 2803; x_wconf 86' lang='lat' dir='ltr'><strong>verberum</strong></span> <span class='ocrx_word' id='word_1_219' title='bbox 953 2748 1378 2820; x_wconf 89' lang='lat' dir='ltr'><strong>promissorum</strong></span> <span class='ocrx_word' id='word_1_220' title='bbox 1426 2748 1847 2821; x_wconf 87' lang='lat' dir='ltr'><strong>promulsidem</strong></span> <span class='ocrx_word' id='word_1_221' title='bbox 1907 2749 2025 2806; x_wconf 87' lang='lat' dir='ltr'><strong>iam</strong></span> <span class='ocrx_word' id='word_1_222' title='bbox 2080 2769 2136 2808; x_wconf 88' lang='lat' dir='ltr'><strong>v.</strong></span> <span class='ocrx_word' id='word_1_223' title='bbox 2183 2751 2305 2805; x_wconf 83' lang='lat'><strong>244</strong></span> <span class='ocrx_word' id='word_1_224' title='bbox 2351 2750 2519 2808; x_wconf 91' lang='lat' dir='ltr'><strong>innui</strong></span> <span class='ocrx_word' id='word_1_225' title='bbox 2566 2756 2644 2806; x_wconf 78' lang='grc' dir='ltr'><strong>τῶ</strong></span> <span class='ocrx_word' id='word_1_226' title='bbox 2688 2744 2750 2806; x_wconf 81' lang='grc' dir='ltr'><strong>δ’</strong></span> 
     </span>
     <span class='ocr_line' id='line_1_29' title="bbox 419 2818 1465 2903; baseline 0.001 -16"><span class='ocrx_word' id='word_1_227' title='bbox 419 2818 545 2887; x_wconf 78' lang='grc' dir='ltr'><strong>ὦκα</strong></span> <span class='ocrx_word' id='word_1_228' title='bbox 589 2828 909 2903; x_wconf 81' lang='grc' dir='ltr'><strong><em>παρίστατο</em></strong></span> <span class='ocrx_word' id='word_1_229' title='bbox 952 2829 1078 2899; x_wconf 85' lang='grc' dir='ltr'><em>δῖος</em></span> <span class='ocrx_word' id='word_1_230' title='bbox 1118 2824 1465 2900; x_wconf 83' lang='grc' dir='ltr'><strong><em>Ὀδυσσεύς.</em></strong></span> 
     </span>
    </p>

    <p class='ocr_par' dir='ltr' id='par_1_8' title="bbox 417 2914 2755 4517">
     <span class='ocr_line' id='line_1_30' title="bbox 593 2914 2752 2993; baseline 0.003 -22"><span class='ocrx_word' id='word_1_231' title='bbox 593 2914 874 2989; x_wconf 87' lang='lat' dir='ltr'><strong>Sequitur</strong></span> <span class='ocrx_word' id='word_1_232' title='bbox 927 2917 1043 2972; x_wconf 89' lang='lat' dir='ltr'><strong>iam</strong></span> <span class='ocrx_word' id='word_1_233' title='bbox 1088 2915 1281 2974; x_wconf 79' lang='lat' dir='ltr'><strong>Ulixis</strong></span> <span class='ocrx_word' id='word_1_234' title='bbox 1327 2917 1514 2974; x_wconf 87' lang='lat' dir='ltr'><strong>oratio</strong></span> <span class='ocrx_word' id='word_1_235' title='bbox 1563 2919 1927 2991; x_wconf 82' lang='lat'><strong>278—332,</strong></span> <span class='ocrx_word' id='word_1_236' title='bbox 1976 2938 2154 2993; x_wconf 86' lang='lat' dir='ltr'><strong>quam</strong></span> <span class='ocrx_word' id='word_1_237' title='bbox 2198 2922 2268 2977; x_wconf 89' lang='lat' dir='ltr'><strong>ut</strong></span> <span class='ocrx_word' id='word_1_238' title='bbox 2312 2921 2499 2978; x_wconf 88' lang='lat' dir='ltr'><strong>serius</strong></span> <span class='ocrx_word' id='word_1_239' title='bbox 2544 2938 2752 2978; x_wconf 86' lang='lat' dir='ltr'><strong>consu-</strong></span> 
     </span>
     <span class='ocr_line' id='line_1_31' title="bbox 423 2999 2752 3074; baseline 0.002 -17"><span class='ocrx_word' id='word_1_240' title='bbox 423 3003 541 3057; x_wconf 87' lang='lat' dir='ltr'><strong>tam</strong></span> <span class='ocrx_word' id='word_1_241' title='bbox 588 2999 787 3057; x_wconf 87' lang='lat' dir='ltr'><strong>reiecit</strong></span> <span class='ocrx_word' id='word_1_242' title='bbox 830 3000 1269 3073; x_wconf 87' lang='lat' dir='ltr'><strong>Lachmannus‚</strong></span> <span class='ocrx_word' id='word_1_243' title='bbox 1318 3001 1537 3059; x_wconf 82' lang='lat' dir='ltr'><strong>malam</strong></span> <span class='ocrx_word' id='word_1_244' title='bbox 1568 3022 1695 3061; x_wconf 85' lang='lat' dir='ltr'><strong>esse</strong></span> <span class='ocrx_word' id='word_1_245' title='bbox 1726 3004 2129 3062; x_wconf 90' lang='lat' dir='ltr'><strong>oeconomiam</strong></span> <span class='ocrx_word' id='word_1_246' title='bbox 2160 3004 2441 3062; x_wconf 89' lang='lat' dir='ltr'><strong>carminis</strong></span> <span class='ocrx_word' id='word_1_247' title='bbox 2487 3023 2752 3074; x_wconf 74' lang='lat' dir='ltr'><strong>monensi,</strong></span> 
     </span>
     <span class='ocr_line' id='line_1_32' title="bbox 423 3084 2750 3164; baseline 0.003 -24"><span class='ocrx_word' id='word_1_248' title='bbox 423 3084 582 3159; x_wconf 89' lang='lat' dir='ltr'><strong>quod</strong></span> <span class='ocrx_word' id='word_1_249' title='bbox 626 3084 811 3157; x_wconf 90' lang='lat' dir='ltr'><strong>idem,</strong></span> <span class='ocrx_word' id='word_1_250' title='bbox 871 3086 972 3159; x_wconf 90' lang='lat' dir='ltr'><strong>qui</strong></span> <span class='ocrx_word' id='word_1_251' title='bbox 1017 3087 1133 3143; x_wconf 88' lang='lat' dir='ltr'><strong>iam</strong></span> <span class='ocrx_word' id='word_1_252' title='bbox 1179 3087 1478 3161; x_wconf 82' lang='lat' dir='ltr'><strong>fugientes</strong></span> <span class='ocrx_word' id='word_1_253' title='bbox 1533 3087 1840 3146; x_wconf 82' lang='lat' dir='ltr'><strong>reduxerit</strong></span> <span class='ocrx_word' id='word_1_254' title='bbox 1883 3093 1942 3147; x_wconf 85' lang='lat' dir='ltr'><strong>et</strong></span> <span class='ocrx_word' id='word_1_255' title='bbox 1989 3088 2327 3147; x_wconf 88' lang='lat' dir='ltr'><strong>Thersitam</strong></span> <span class='ocrx_word' id='word_1_256' title='bbox 2383 3090 2750 3164; x_wconf 79' lang='lat' dir='ltr'><strong>represserit,</strong></span> 
     </span>
     <span class='ocr_line' id='line_1_33' title="bbox 419 3169 2755 3245; baseline 0.003 -20"><span class='ocrx_word' id='word_1_257' title='bbox 419 3186 579 3226; x_wconf 88' lang='lat' dir='ltr'><strong>nunc</strong></span> <span class='ocrx_word' id='word_1_258' title='bbox 623 3169 861 3243; x_wconf 89' lang='lat' dir='ltr'><strong>longam</strong></span> <span class='ocrx_word' id='word_1_259' title='bbox 909 3171 1150 3245; x_wconf 89' lang='lat' dir='ltr'><strong>insuper</strong></span> <span class='ocrx_word' id='word_1_260' title='bbox 1191 3171 1410 3229; x_wconf 86' lang='lat' dir='ltr'><strong>habeat</strong></span> <span class='ocrx_word' id='word_1_261' title='bbox 1451 3172 1807 3243; x_wconf 89' lang='lat' dir='ltr'><strong>orationem,</strong></span> <span class='ocrx_word' id='word_1_262' title='bbox 1869 3174 2034 3231; x_wconf 89' lang='lat' dir='ltr'><strong>cuius</strong></span> <span class='ocrx_word' id='word_1_263' title='bbox 2080 3192 2254 3232; x_wconf 89' lang='lat' dir='ltr'><strong>nemo</strong></span> <span class='ocrx_word' id='word_1_264' title='bbox 2302 3174 2516 3231; x_wconf 87' lang='lat' dir='ltr'><strong>habeat</strong></span> <span class='ocrx_word' id='word_1_265' title='bbox 2570 3176 2755 3232; x_wconf 90' lang='lat' dir='ltr'><strong>ratio-</strong></span> 
     </span>
     <span class='ocr_line' id='line_1_34' title="bbox 420 3253 2753 3333; baseline 0.002 -23"><span class='ocrx_word' id='word_1_266' title='bbox 420 3271 586 3321; x_wconf 86' lang='lat' dir='ltr'><strong>nem,</strong></span> <span class='ocrx_word' id='word_1_267' title='bbox 634 3253 749 3311; x_wconf 91' lang='lat' dir='ltr'><strong>nisi</strong></span> <span class='ocrx_word' id='word_1_268' title='bbox 793 3253 952 3328; x_wconf 88' lang='lat' dir='ltr'><strong>quod</strong></span> <span class='ocrx_word' id='word_1_269' title='bbox 983 3256 1300 3313; x_wconf 88' lang='lat' dir='ltr'><strong>clamorem</strong></span> <span class='ocrx_word' id='word_1_270' title='bbox 1329 3257 1565 3314; x_wconf 88' lang='lat' dir='ltr'><strong>tollant.</strong></span> <span class='ocrx_word' id='word_1_271' title='bbox 1644 3255 2015 3316; x_wconf 83' lang='lat' dir='ltr'><strong>Contradicit</strong></span> <span class='ocrx_word' id='word_1_272' title='bbox 2044 3257 2471 3333; x_wconf 88' lang='lat' dir='ltr'><strong>Naegelsbach.</strong></span> <span class='ocrx_word' id='word_1_273' title='bbox 2504 3279 2560 3333; x_wconf 90' lang='lat' dir='ltr'><strong>p.</strong></span> <span class='ocrx_word' id='word_1_274' title='bbox 2599 3260 2753 3316; x_wconf 83' lang='lat'>187:</span> 
     </span>
     <span class='ocr_line' id='line_1_35' title="bbox 423 3337 2752 3416; baseline 0.002 -21"><span class='ocrx_word' id='word_1_275' title='bbox 423 3337 623 3409; x_wconf 75' lang='lat' dir='ltr'><strong>„Das&#39;s</strong></span> <span class='ocrx_word' id='word_1_276' title='bbox 666 3341 733 3395; x_wconf 42' lang='lat' dir='ltr'><strong>‘in</strong></span> <span class='ocrx_word' id='word_1_277' title='bbox 777 3339 889 3396; x_wconf 76' lang='lat' dir='ltr'><strong>den</strong></span> <span class='ocrx_word' id='word_1_278' title='bbox 933 3341 1388 3414; x_wconf 74' lang='lat' dir='ltr'><strong>nachfolyenden</strong></span> <span class='ocrx_word' id='word_1_279' title='bbox 1430 3341 1632 3399; x_wconf 76' lang='lat' dir='ltr'><strong>Reden</strong></span> <span class='ocrx_word' id='word_1_280' title='bbox 1661 3342 1901 3400; x_wconf 81' lang='lat' dir='ltr'><strong>Nestors</strong></span> <span class='ocrx_word' id='word_1_281' title='bbox 1943 3345 2070 3400; x_wconf 76' lang='lat' dir='ltr'><strong>und</strong></span> <span class='ocrx_word' id='word_1_282' title='bbox 2112 3341 2549 3416; x_wconf 71' lang='lat' dir='ltr'><strong>Ayamemnom</strong></span> <span class='ocrx_word' id='word_1_283' title='bbox 2590 3344 2752 3401; x_wconf 75' lang='lat' dir='ltr'><strong>ihrer</strong></span> 
     </span>
     <span class='ocr_line' id='line_1_36' title="bbox 420 3423 2755 3498; baseline 0.003 -19"><span class='ocrx_word' id='word_1_284' title='bbox 420 3423 577 3480; x_wconf 74' lang='lat' dir='ltr'><strong>nicht</strong></span> <span class='ocrx_word' id='word_1_285' title='bbox 621 3423 1012 3497; x_wconf 75' lang='lat' dir='ltr'><strong>Erwc&#39;ihn-unq</strong></span> <span class='ocrx_word' id='word_1_286' title='bbox 1050 3427 1329 3498; x_wconf 59' lang='lat' dir='ltr'><strong>{leschielet</strong></span> <span class='ocrx_word' id='word_1_287' title='bbox 1346 3472 1360 3493; x_wconf 88' lang='lat'><strong>,</strong></span> <span class='ocrx_word' id='word_1_288' title='bbox 1418 3427 1541 3483; x_wconf 72' lang='lat' dir='ltr'><strong>thu-t</strong></span> <span class='ocrx_word' id='word_1_289' title='bbox 1587 3428 1774 3485; x_wconf 75' lang='lat' dir='ltr'><strong>nichts</strong></span> <span class='ocrx_word' id='word_1_290' title='bbox 1831 3446 1941 3486; x_wconf 65' lang='lat' dir='ltr'><strong>sur</strong></span> <span class='ocrx_word' id='word_1_291' title='bbox 1982 3427 2197 3496; x_wconf 79' lang='lat' dir='ltr'><strong>Sache,·</strong></span> <span class='ocrx_word' id='word_1_292' title='bbox 2256 3429 2411 3485; x_wconf 69' lang='lat' dir='ltr'><strong>dmm</strong></span> <span class='ocrx_word' id='word_1_293' title='bbox 2456 3427 2755 3486; x_wconf 75' lang='lat' dir='ltr'><strong>Nicmaml</strong></span> 
     </span>
     <span class='ocr_line' id='line_1_37' title="bbox 420 3507 2753 3587; baseline 0.003 -24"><span class='ocrx_word' id='word_1_294' title='bbox 420 3508 568 3564; x_wconf 79' lang='lat' dir='ltr'><strong>wird</strong></span> <span class='ocrx_word' id='word_1_295' title='bbox 612 3508 885 3566; x_wconf 58' lang='lat' dir='ltr'><strong>bewe-{sen</strong></span> <span class='ocrx_word' id='word_1_296' title='bbox 939 3511 1198 3578; x_wconf 62' lang='lat' dir='ltr'><strong>konnen,</strong></span> <span class='ocrx_word' id='word_1_297' title='bbox 1245 3507 1384 3585; x_wconf 70' lang='lat' dir='ltr'><strong>dass</strong></span> <span class='ocrx_word' id='word_1_298' title='bbox 1424 3512 1583 3568; x_wconf 78' lang='lat' dir='ltr'><strong>ihrer</strong></span> <span class='ocrx_word' id='word_1_299' title='bbox 1620 3512 1860 3585; x_wconf 75' lang='lat' dir='ltr'><strong>ycdaclzt</strong></span> <span class='ocrx_word' id='word_1_300' title='bbox 1905 3513 2132 3570; x_wconf 76' lang='lat' dir='ltr'><strong>werden</strong></span> <span class='ocrx_word' id='word_1_301' title='bbox 2185 3511 2485 3583; x_wconf 52' lang='lat' dir='ltr'><strong>mussia-</strong></span> <span class='ocrx_word' id='word_1_302' title='bbox 2538 3531 2753 3587; x_wconf 72' lang='lat' dir='ltr'><strong>yemey,</strong></span> 
     </span>
     <span class='ocr_line' id='line_1_38' title="bbox 421 3592 2753 3670; baseline 0.003 -21"><span class='ocrx_word' id='word_1_303' title='bbox 421 3592 556 3663; x_wconf 78' lang='lat' dir='ltr'><strong>class</strong></span> <span class='ocrx_word' id='word_1_304' title='bbox 582 3594 666 3650; x_wconf 75' lang='lat' dir='ltr'><strong>sie</strong></span> <span class='ocrx_word' id='word_1_305' title='bbox 694 3592 978 3667; x_wconf 73' lang='lat' dir='ltr'><strong>Einyany</strong></span> <span class='ocrx_word' id='word_1_306' title='bbox 1024 3595 1170 3653; x_wconf 77' lang='lat' dir='ltr'><strong>beim</strong></span> <span class='ocrx_word' id='word_1_307' title='bbox 1198 3596 1385 3653; x_wconf 79' lang='lat' dir='ltr'><strong>Heerc</strong></span> <span class='ocrx_word' id='word_1_308' title='bbox 1425 3596 1667 3665; x_wconf 71' lang='lat' dir='ltr'><strong>findet.“</strong></span> <span class='ocrx_word' id='word_1_309' title='bbox 1749 3597 1842 3654; x_wconf 90' lang='lat' dir='ltr'><strong>Ita</strong></span> <span class='ocrx_word' id='word_1_310' title='bbox 1872 3597 2110 3670; x_wconf 85' lang='lat' dir='ltr'><strong>quidem</strong></span> <span class='ocrx_word' id='word_1_311' title='bbox 2155 3597 2302 3654; x_wconf 86' lang='lat' dir='ltr'><strong>nihil</strong></span> <span class='ocrx_word' id='word_1_312' title='bbox 2346 3616 2467 3655; x_wconf 90' lang='lat' dir='ltr'><strong>non</strong></span> <span class='ocrx_word' id='word_1_313' title='bbox 2515 3598 2753 3655; x_wconf 87' lang='lat' dir='ltr'><strong>defendi</strong></span> 
     </span>
     <span class='ocr_line' id='line_1_39' title="bbox 421 3673 2754 3755; baseline 0.003 -21"><span class='ocrx_word' id='word_1_314' title='bbox 421 3681 638 3751; x_wconf 86' lang='lat' dir='ltr'><strong>potest.</strong></span> <span class='ocrx_word' id='word_1_315' title='bbox 727 3673 845 3755; x_wconf 90' lang='lat' dir='ltr'><strong>(De</strong></span> <span class='ocrx_word' id='word_1_316' title='bbox 890 3679 1145 3751; x_wconf 88' lang='lat' dir='ltr'><strong>ratione,</strong></span> <span class='ocrx_word' id='word_1_317' title='bbox 1185 3699 1335 3754; x_wconf 89' lang='lat' dir='ltr'><strong>quae</strong></span> <span class='ocrx_word' id='word_1_318' title='bbox 1367 3679 1688 3738; x_wconf 88' lang='lat' dir='ltr'><strong>secundum</strong></span> <span class='ocrx_word' id='word_1_319' title='bbox 1720 3681 1969 3738; x_wconf 84' lang='lat' dir='ltr'><strong>eundem</strong></span> <span class='ocrx_word' id='word_1_320' title='bbox 2015 3682 2171 3739; x_wconf 86' lang='lat' dir='ltr'><strong>inter</strong></span> <span class='ocrx_word' id='word_1_321' title='bbox 2198 3681 2348 3740; x_wconf 86' lang='lat' dir='ltr'><strong>hanc</strong></span> <span class='ocrx_word' id='word_1_322' title='bbox 2394 3685 2453 3739; x_wconf 88' lang='lat' dir='ltr'><strong>et</strong></span> <span class='ocrx_word' id='word_1_323' title='bbox 2481 3682 2754 3741; x_wconf 89' lang='lat' dir='ltr'><strong>Nestoris</strong></span> 
     </span>
     <span class='ocr_line' id='line_1_40' title="bbox 421 3763 2750 3841; baseline 0.002 -22"><span class='ocrx_word' id='word_1_324' title='bbox 421 3763 750 3820; x_wconf 87' lang='lat' dir='ltr'><strong>orationem</strong></span> <span class='ocrx_word' id='word_1_325' title='bbox 796 3763 1157 3836; x_wconf 87' lang='lat' dir='ltr'><strong>intercedat,</strong></span> <span class='ocrx_word' id='word_1_326' title='bbox 1204 3769 1409 3839; x_wconf 87' lang='lat' dir='ltr'><strong>postea</strong></span> <span class='ocrx_word' id='word_1_327' title='bbox 1460 3763 1739 3841; x_wconf 89' lang='lat' dir='ltr'><strong>dicetur.)</strong></span> <span class='ocrx_word' id='word_1_328' title='bbox 1815 3765 1938 3824; x_wconf 89' lang='lat' dir='ltr'><strong>Nec</strong></span> <span class='ocrx_word' id='word_1_329' title='bbox 1981 3766 2211 3823; x_wconf 86' lang='lat' dir='ltr'><strong>felicius</strong></span> <span class='ocrx_word' id='word_1_330' title='bbox 2272 3768 2335 3824; x_wconf 91' lang='lat' dir='ltr'><strong>in</strong></span> <span class='ocrx_word' id='word_1_331' title='bbox 2389 3768 2535 3826; x_wconf 87' lang='lat' dir='ltr'><strong>meis</strong></span> <span class='ocrx_word' id='word_1_332' title='bbox 2591 3768 2750 3825; x_wconf 82' lang='lat' dir='ltr'><strong>refu-</strong></span> 
     </span>
     <span class='ocr_line' id='line_1_41' title="bbox 422 3847 2753 3926; baseline 0.003 -23"><span class='ocrx_word' id='word_1_333' title='bbox 422 3847 618 3904; x_wconf 87' lang='lat' dir='ltr'><strong>tandis</strong></span> <span class='ocrx_word' id='word_1_334' title='bbox 676 3851 949 3907; x_wconf 85' lang='lat' dir='ltr'><strong>versatus</strong></span> <span class='ocrx_word' id='word_1_335' title='bbox 1008 3853 1117 3907; x_wconf 87' lang='lat' dir='ltr'><strong>est.</strong></span> <span class='ocrx_word' id='word_1_336' title='bbox 1193 3849 1710 3923; x_wconf 83' lang='lat' dir='ltr'><strong>Vituperaveram,</strong></span> <span class='ocrx_word' id='word_1_337' title='bbox 1771 3850 1930 3925; x_wconf 89' lang='lat' dir='ltr'><strong>quod</strong></span> <span class='ocrx_word' id='word_1_338' title='bbox 1984 3851 2132 3908; x_wconf 89' lang='lat' dir='ltr'><strong>nihil</strong></span> <span class='ocrx_word' id='word_1_339' title='bbox 2180 3851 2251 3907; x_wconf 90' lang='lat' dir='ltr'><strong>de</strong></span> <span class='ocrx_word' id='word_1_340' title='bbox 2305 3851 2753 3926; x_wconf 85' lang='lat' dir='ltr'><strong>Agamemnone</strong></span> 
     </span>
     <span class='ocr_line' id='line_1_42' title="bbox 422 3931 2748 4010; baseline 0.003 -23"><span class='ocrx_word' id='word_1_341' title='bbox 422 3931 625 4006; x_wconf 87' lang='lat' dir='ltr'><strong>fugam</strong></span> <span class='ocrx_word' id='word_1_342' title='bbox 673 3933 957 3991; x_wconf 82' lang='lat' dir='ltr'><strong>suadente</strong></span> <span class='ocrx_word' id='word_1_343' title='bbox 1003 3937 1185 4007; x_wconf 86' lang='lat' dir='ltr'><strong>atque</strong></span> <span class='ocrx_word' id='word_1_344' title='bbox 1233 3931 1469 3992; x_wconf 83' lang='lat' dir='ltr'><strong>Graecis</strong></span> <span class='ocrx_word' id='word_1_345' title='bbox 1512 3935 1671 3992; x_wconf 87' lang='lat' dir='ltr'><strong>iusto</strong></span> <span class='ocrx_word' id='word_1_346' title='bbox 1730 3935 1976 3993; x_wconf 86' lang='lat' dir='ltr'><strong>celerius</strong></span> <span class='ocrx_word' id='word_1_347' title='bbox 2036 3936 2586 4010; x_wconf 87' lang='lat' dir='ltr'><strong>obtemperantibus</strong></span> <span class='ocrx_word' id='word_1_348' title='bbox 2631 3956 2748 3993; x_wconf 87' lang='lat' dir='ltr'><strong>me-</strong></span> 
     </span>
     <span class='ocr_line' id='line_1_43' title="bbox 419 4014 2754 4095; baseline 0.003 -22"><span class='ocrx_word' id='word_1_349' title='bbox 419 4018 760 4074; x_wconf 84' lang='lat' dir='ltr'><strong>moraverit.</strong></span> <span class='ocrx_word' id='word_1_350' title='bbox 838 4016 1063 4077; x_wconf 83' lang='lat' dir='ltr'><strong>Contra</strong></span> <span class='ocrx_word' id='word_1_351' title='bbox 1103 4014 1531 4095; x_wconf 84' lang='lat' dir='ltr'><strong>Naegelsbach.</strong></span> <span class='ocrx_word' id='word_1_352' title='bbox 1579 4041 1631 4095; x_wconf 90' lang='lat' dir='ltr'><strong>p.</strong></span> <span class='ocrx_word' id='word_1_353' title='bbox 1671 4021 1828 4077; x_wconf 82' lang='lat'>294:</span> <span class='ocrx_word' id='word_1_354' title='bbox 1876 4019 2054 4087; x_wconf 74' lang='lat' dir='ltr'><strong>„ch</strong></span> <span class='ocrx_word' id='word_1_355' title='bbox 2095 4018 2553 4095; x_wconf 73' lang='lat' dir='ltr'><strong>Ayamemnon&#39;s</strong></span> <span class='ocrx_word' id='word_1_356' title='bbox 2596 4020 2754 4092; x_wconf 81' lang='lat' dir='ltr'><strong>Auf-</strong></span> 
     </span>
     <span class='ocr_line' id='line_1_44' title="bbox 419 4100 2754 4175; baseline 0.003 -17"><span class='ocrx_word' id='word_1_357' title='bbox 419 4100 740 4175; x_wconf 67' lang='lat' dir='ltr'><strong>sordem-ny</strong></span> <span class='ocrx_word' id='word_1_358' title='bbox 794 4105 869 4160; x_wconf 77' lang='lat' dir='ltr'><strong>ist</strong></span> <span class='ocrx_word' id='word_1_359' title='bbox 918 4105 1076 4161; x_wconf 73' lang='lat' dir='ltr'><strong>nicht</strong></span> <span class='ocrx_word' id='word_1_360' title='bbox 1131 4106 1221 4162; x_wconf 81' lang='lat' dir='ltr'><strong>die</strong></span> <span class='ocrx_word' id='word_1_361' title='bbox 1272 4105 1454 4173; x_wconf 71' lang='lat' dir='ltr'><strong>Rode,</strong></span> <span class='ocrx_word' id='word_1_362' title='bbox 1521 4107 1648 4163; x_wconf 77' lang='lat' dir='ltr'><strong>weil</strong></span> <span class='ocrx_word' id='word_1_363' title='bbox 1702 4123 1759 4162; x_wconf 77' lang='lat' dir='ltr'><strong>es</strong></span> <span class='ocrx_word' id='word_1_364' title='bbox 1811 4105 1940 4162; x_wconf 79' lang='lat' dir='ltr'><strong>dem</strong></span> <span class='ocrx_word' id='word_1_365' title='bbox 1995 4105 2040 4162; x_wconf 89' lang='lat' dir='ltr'><em>I</em></span> <span class='ocrx_word' id='word_1_366' title='bbox 2037 4110 2281 4163; x_wconf 66' lang='lat' dir='ltr'><strong>mercssc</strong></span> <span class='ocrx_word' id='word_1_367' title='bbox 2335 4107 2433 4164; x_wconf 77' lang='lat' dir='ltr'><strong>des</strong></span> <span class='ocrx_word' id='word_1_368' title='bbox 2488 4107 2754 4164; x_wconf 80' lang='lat' dir='ltr'><strong>Redners</strong></span> 
     </span>
     <span class='ocr_line' id='line_1_45' title="bbox 417 4187 2753 4262; baseline 0.002 -19"><span class='ocrx_word' id='word_1_369' title='bbox 417 4187 703 4260; x_wconf 72' lang='lat' dir='ltr'><strong>yeradezu</strong></span> <span class='ocrx_word' id='word_1_370' title='bbox 745 4189 1135 4247; x_wconf 73' lang='lat' dir='ltr'><strong>widerstreitet</strong></span> <span class='ocrx_word' id='word_1_371' title='bbox 1179 4208 1260 4247; x_wconf 78' lang='lat' dir='ltr'><strong>cm</strong></span> <span class='ocrx_word' id='word_1_372' title='bbox 1304 4190 1453 4248; x_wconf 78' lang='lat' dir='ltr'><strong>diese</strong></span> <span class='ocrx_word' id='word_1_373' title='bbox 1494 4209 1570 4249; x_wconf 69' lang='lat' dir='ltr'><strong>zu</strong></span> <span class='ocrx_word' id='word_1_374' title='bbox 1593 4192 1909 4247; x_wconf 63' lang='lat' dir='ltr'><strong>‘erinncrm</strong></span> <span class='ocrx_word' id='word_1_375' title='bbox 1984 4190 2163 4247; x_wconf 66' lang='lat' dir='ltr'><strong>Demi</strong></span> <span class='ocrx_word' id='word_1_376' title='bbox 2205 4209 2269 4248; x_wconf 88' lang='lat' dir='ltr'><strong>so</strong></span> <span class='ocrx_word' id='word_1_377' title='bbox 2311 4191 2558 4262; x_wconf 69' lang='lat' dir='ltr'><strong>trcfflich</strong></span> <span class='ocrx_word' id='word_1_378' title='bbox 2601 4193 2753 4250; x_wconf 78' lang='lat' dir='ltr'><strong>diesc</strong></span> 
     </span>
     <span class='ocr_line' id='line_1_46' title="bbox 420 4269 2753 4348; baseline 0.003 -20"><span class='ocrx_word' id='word_1_379' title='bbox 420 4273 693 4329; x_wconf 75' lang='lat' dir='ltr'><strong>verstelltc</strong></span> <span class='ocrx_word' id='word_1_380' title='bbox 734 4269 1181 4348; x_wconf 73' lang='lat' dir='ltr'><strong>Aufforderuny</strong></span> <span class='ocrx_word' id='word_1_381' title='bbox 1223 4292 1349 4332; x_wconf 82' lang='lat' dir='ltr'><strong>vom</strong></span> <span class='ocrx_word' id='word_1_382' title='bbox 1396 4275 1634 4334; x_wconf 78' lang='lat' dir='ltr'><strong>Dichter</strong></span> <span class='ocrx_word' id='word_1_383' title='bbox 1677 4275 1967 4344; x_wconf 70' lang='lat' dir='ltr'><strong>erfundcn</strong></span> <span class='ocrx_word' id='word_1_384' title='bbox 2009 4277 2114 4343; x_wconf 77' lang='lat' dir='ltr'><strong>ist,</strong></span> <span class='ocrx_word' id='word_1_385' title='bbox 2159 4294 2262 4332; x_wconf 79' lang='lat' dir='ltr'><strong>um</strong></span> <span class='ocrx_word' id='word_1_386' title='bbox 2305 4278 2583 4344; x_wconf 77' lang='lat' dir='ltr'><strong>dadurch,</strong></span> <span class='ocrx_word' id='word_1_387' title='bbox 2614 4275 2753 4348; x_wconf 70' lang='lat' dir='ltr'><strong>dass</strong></span> 
     </span>
     <span class='ocr_line' id='line_1_47' title="bbox 420 4358 2753 4435; baseline 0.002 -21"><span class='ocrx_word' id='word_1_388' title='bbox 420 4374 482 4414; x_wconf 81' lang='lat' dir='ltr'><strong>er</strong></span> <span class='ocrx_word' id='word_1_389' title='bbox 523 4359 605 4414; x_wconf 77' lang='lat' dir='ltr'><strong>sic</strong></span> <span class='ocrx_word' id='word_1_390' title='bbox 648 4358 915 4414; x_wconf 78' lang='lat' dir='ltr'><strong>ernstlich</strong></span> <span class='ocrx_word' id='word_1_391' title='bbox 953 4377 1295 4432; x_wconf 58' lang='lat' dir='ltr'><strong>⁸oenom‘maem</strong></span> <span class='ocrx_word' id='word_1_392' title='bbox 1346 4363 1572 4419; x_wconf 75' lang='lat' dir='ltr'><strong>werden</strong></span> <span class='ocrx_word' id='word_1_393' title='bbox 1634 4360 1773 4429; x_wconf 69' lang='lat' dir='ltr'><strong>Iiisst</strong></span> <span class='ocrx_word' id='word_1_394' title='bbox 1787 4403 1803 4426; x_wconf 91' lang='lat'><strong>,</strong></span> <span class='ocrx_word' id='word_1_395' title='bbox 1860 4360 1951 4416; x_wconf 81' lang='lat' dir='ltr'><strong>dic</strong></span> <span class='ocrx_word' id='word_1_396' title='bbox 1992 4359 2326 4434; x_wconf 60' lang='lat' dir='ltr'><strong>Sti-mmmm</strong></span> <span class='ocrx_word' id='word_1_397' title='bbox 2382 4363 2480 4420; x_wconf 81' lang='lat' dir='ltr'><strong>des</strong></span> <span class='ocrx_word' id='word_1_398' title='bbox 2522 4361 2753 4435; x_wconf 72' lang='lat' dir='ltr'><strong>Laqers</strong></span> 
     </span>
     <span class='ocr_line' id='line_1_48' title="bbox 418 4440 2755 4517; baseline 0.001 -15"><span class='ocrx_word' id='word_1_399' title='bbox 418 4458 493 4502; x_wconf 71' lang='lat' dir='ltr'><strong>zu</strong></span> <span class='ocrx_word' id='word_1_400' title='bbox 558 4440 1103 4501; x_wconf 70' lang='lat' dir='ltr'><strong>voranschaulichen</strong></span> <span class='ocrx_word' id='word_1_401' title='bbox 1164 4446 1292 4502; x_wconf 76' lang='lat' dir='ltr'><strong>und</strong></span> <span class='ocrx_word' id='word_1_402' title='bbox 1356 4446 1447 4502; x_wconf 79' lang='lat' dir='ltr'><strong>dic</strong></span> <span class='ocrx_word' id='word_1_403' title='bbox 1498 4447 1678 4504; x_wconf 74' lang='lat' dir='ltr'><strong>Scene</strong></span> <span class='ocrx_word' id='word_1_404' title='bbox 1738 4446 1843 4502; x_wconf 80' lang='lat' dir='ltr'><strong>mit</strong></span> <span class='ocrx_word' id='word_1_405' title='bbox 1913 4444 2201 4502; x_wconf 71' lang='lat' dir='ltr'><strong>Thersites</strong></span> <span class='ocrx_word' id='word_1_406' title='bbox 2264 4441 2755 4517; x_wconf 66' lang='lat' dir='ltr'><strong>herbeizufic‘le-ren</strong></span> 
     </span>
    </p>
   </div>
  </div>
 </body>
</html>
