3132 5129
1323 353 1785 418 -567—

378 497 411 567 ὅ
458 512 702 580 Λατοῦς
745 505 923 587 γόνος
971 510 1191 570 dicitur
1220 543 1323 587 —,
1369 511 1683 587 probabile
1729 516 1823 571 est
1864 512 2198 572 membrum
2243 514 2555 573 relativum
2601 535 2719 575 non

380 595 609 654 duabus
652 595 922 670 partibus
969 597 1308 655 constitisse
1353 599 1667 657 continens
1710 599 1903 673 prima
1945 600 2117 673 parte
2163 598 2258 657 dei
2303 602 2577 676 partum,
2625 602 2718 659 cui

379 680 595 739 deinde
654 680 878 755 scripto
924 675 1106 757 φέρε
1150 673 1212 738 δ’
1259 671 1426 739 ἶνιν
1468 682 1596 742 sive
1642 675 1700 739 δ’
1749 675 1868 740 υἷό
1883 703 1920 739 ν
1961 682 2188 741 adiecta
2224 684 2409 743 fuerit
2454 685 2717 745 eiusdem

379 764 642 841 Delphos
687 783 722 821 a
764 768 955 824 matre
1002 767 1394 841 transportati
1437 768 1663 826 mentio
1707 770 2011 843 tamquam
2057 769 2421 844 secundaria,
2470 770 2570 829 sed
2614 790 2718 846 po-

379 851 498 909 tius
543 868 730 931 unum
775 850 958 909 fuisse
1003 850 1064 910 id
1109 852 1440 910 membrum
1486 854 1668 928 atque
1713 871 1747 909 a
1790 856 2033 911 matre
2062 852 2197 911 Deli
2242 857 2443 912 natam
2488 855 2715 929 prolem

378 934 641 1010 Delphos
687 937 986 1008 portatam
1033 954 1159 994 esse
1202 936 1514 996 indicasse.
1589 936 1799 1012 Itaque
1842 940 1980 1012 post
2024 933 2431 1014 καρποφόροις
2476 931 2716 1015 γυάλοις

381 1021 440 1078 in
495 1019 755 1078 editione
814 1019 1166 1080 scholastica
1220 1018 1573 1079 τίκτουσα
1630 1022 1889 1081 inserere
1942 1042 2049 1097 pro
2109 1023 2233 1081 eius
2285 1022 2427 1081 libri
2481 1025 2715 1085 ratione

382 1124 500 1163 non
543 1104 734 1180 magis
779 1104 1079 1182 dubitavi,
1128 1125 1305 1182 quam
1349 1110 1490 1182 post
1532 1101 1908 1182 χρυσοκόμαν
1955 1106 2149 1166 delere
2194 1105 2504 1183 Φοῖβον,
2552 1110 2712 1183 quod

380 1190 675 1265 glossema
720 1208 845 1248 esse
890 1193 1028 1261 post
1057 1191 1463 1267 Musgravium
1493 1191 1775 1251 viderunt
1803 1209 2025 1251 omnes.
2096 1191 2458 1267 Sequentem
2488 1193 2713 1253 Dianae

381 1276 740 1332 mentionem
796 1274 985 1334 veluti
1038 1275 1101 1334 in
1161 1276 1501 1350 parenthesi
1546 1276 1879 1351 ponendam
1926 1295 2081 1352 esse,
2145 1277 2424 1352 quoniam
2468 1278 2714 1337 historia

380 1377 500 1417 non
542 1359 734 1418 solum
778 1358 1122 1435 Apollinem
1166 1361 1267 1419 sed
1314 1361 1490 1419 simul
1535 1380 1666 1420 cum
1712 1379 1782 1419 eo
1830 1361 2084 1420 Dianam
2114 1362 2249 1420 Deli
2292 1364 2493 1421 natam
2526 1395 2606 1404 —
2639 1364 2710 1422 de

378 1445 532 1503 natis
589 1443 776 1518 enim,
836 1463 957 1502 non
1017 1445 1088 1502 de
1131 1445 1439 1504 translatis
1483 1447 1547 1504 in
1592 1445 1913 1504 Parnasum
1957 1446 2208 1523 geminis
2252 1446 2348 1505 hic
2392 1466 2583 1506 sermo
2626 1479 2712 1490 —-

380 1529 711 1603 rettulerit,
763 1531 922 1587 recte
966 1530 1082 1587 iam
1129 1530 1361 1589 monuit
1404 1529 1727 1590 Seidlerus.
1820 1530 1936 1589 Sed
1979 1550 2049 1589 ea
2091 1531 2515 1605 parentheseos
2560 1532 2709 1591 ratio

333 1620 338 1625 ’
377 1633 490 1690 quo
549 1613 762 1672 melius
824 1615 889 1672 in
934 1614 1137 1673 oculos
1180 1618 1562 1690 mentemque
1606 1616 1968 1691 incurreret,
2032 1615 2190 1674 inter
2234 1608 2608 1692 χρυσοκόμαν
2652 1621 2715 1675 et

377 1694 443 1756 ἐν
493 1694 722 1777 κιθάρᾳ
781 1696 971 1771 σοφόν
1026 1698 1300 1758 addenda
1355 1705 1483 1758 erat
1537 1701 1748 1776 copula
1792 1692 1887 1775 τ’,
1943 1700 2037 1760 cui
2082 1700 2273 1760 altera
2316 1702 2380 1759 in
2423 1697 2465 1758 ἅ
2511 1694 2566 1758 τ’
2615 1697 2712 1758 ἐπὶ

378 1780 556 1853 τόξων
621 1778 894 1863 εὐστοχίᾳ
960 1777 1215 1860 γάνυται
1282 1784 1688 1860 responderet.
1780 1784 2165 1862 Consequens
2222 1789 2380 1860 erat,
2452 1788 2521 1844 ut
2579 1804 2711 1844 cum

376 1868 660 1927 Schoenio
704 1868 955 1944 aliisque
987 1869 1420 1928 Seidlerianum
1463 1865 1694 1946 φέρεν
1739 1858 1895 1927 ἶνιν
1937 1869 2337 1945 adoptaretur.
2401 1869 2709 1929 Postremo

374 1955 566 2011 metro
619 1952 861 2011 iubente
918 1972 1052 2012 cum
1109 1954 1455 2013 Hermanno
1512 1949 1641 2012 τόν
1692 1973 1802 2029 pro
1854 1948 1929 2010 ὅν
1981 1954 2358 2013 scribendum
2411 1955 2541 2013 fuit..
2629 1955 2709 2014 Et

289 2098 302 2113 ,
375 2037 674 2096 consentit
717 2038 840 2096 fere
870 2036 1124 2097 Kvicala
1167 2059 1226 2113 p.
1262 2041 1403 2114 273,
1449 2039 1565 2098 nisi
1611 2039 1768 2114 quod
1799 2038 1898 2098 ille
1942 2035 2162 2115 γόνος
2206 2039 2278 2098 de
2310 2042 2562 2114 utraque
2593 2040 2706 2098 La-

377 2126 552 2181 tonae
596 2122 780 2198 prole,
825 2139 946 2181 non
994 2123 1065 2182 de
1110 2123 1236 2181 solo
1267 2124 1548 2198 Apolline
1583 2123 1699 2182 dici
1732 2127 1938 2182 contra
1970 2142 2142 2182 usum
2174 2122 2566 2197 Euripideum
2612 2144 2703 2181 ra-

373 2209 470 2266 tus
515 2207 760 2265 alteram
795 2206 1045 2265 Seidleri
1090 2207 1510 2282 coniecturam,
1566 2226 1744 2283 quam
1775 2211 1980 2267 auctor
2011 2209 2137 2282 ipse
2167 2208 2388 2282 reiecit,
2437 2202 2708 2284 ἔφερέν

377 2310 473 2348 νιν
519 2294 740 2351 temere
784 2292 1059 2351 adscivit.

539 2376 620 2435 Et
673 2376 788 2436 huc
842 2395 1030 2451 usque
1085 2375 1323 2450 quidem
1368 2379 1808 2435 antecessorum
1854 2376 2108 2451 vestigia
2152 2394 2422 2451 premere
2467 2377 2703 2436 licebat.

373 2461 597 2520 Verum
653 2460 716 2519 in
777 2460 1159 2536 sequentibus
1202 2479 1447 2536 prorsus
1491 2461 1564 2519 ab
1610 2460 1821 2520 iisdem
1865 2460 2013 2518 mihi
2056 2460 2527 2520 dissentiendum
2573 2461 2705 2520 fuit.

374 2547 721 2622 Quicunque
777 2547 933 2605 enim
992 2564 1111 2605 non
1163 2546 1568 2646 praeiudicata
1624 2548 1830 2622 captus
1880 2545 2166 2621 'opinione
2221 2546 2328 2604 illa
2384 2546 2708 2623 perlegerit

371 2635 565 2708 λοχεῖα
609 2627 812 2689 κλεινὰ
856 2622 1094 2689 λιποῦσ’
1143 2625 1447 2688 αστάκτων
1496 2624 1687 2708 μάτηρ
1729 2623 2015 2705 ὑδάτων,
2044 2632 2095 2689 is
2138 2631 2452 2706 genetivos
2498 2632 2571 2689 ab
2616 2631 2703 2689 in-

373 2717 537 2775 cluso
583 2716 871 2775 vocabulo
915 2709 1107 2792 μάτηρ
1150 2716 1408 2791 pendere
1453 2717 1783 2775 necessario
1830 2715 2133 2790 iudicabit,
2183 2715 2342 2790 quod
2388 2735 2521 2774 cum
2567 2736 2704 2774 sane

375 2802 494 2859 fieri
553 2819 674 2859 non
733 2802 953 2876 possit,
1013 2801 1129 2860 nisi
1174 2802 1395 2860 maiore
1443 2801 1599 2859 facta
1641 2800 1968 2858 mutatione
2013 2800 2325 2876 positoque
2368 2801 2705 2860 accusativo

369 2880 645 2961 ματέρα
690 2885 832 2945 haec
876 2886 950 2944 ad
996 2887 1184 2961 ipsam
1219 2882 1577 2957 Παρνάσιον
1622 2880 1901 2957 κορυφάν
1946 2885 2297 2960 referantur,
2346 2885 2601 2944 editores
2632 2886 2704 2944 de

370 2971 476 3028 hac
520 2970 760 3045 quidem
804 2970 1097 3028 medicina
1141 2971 1285 3029 satis
1318 2970 1499 3029 dubia
1528 2972 1690 3029 recte
1722 2987 1843 3027 non
1874 2969 2307 3045 cogitaverunt,
2355 2974 2705 3029 erraverunt

371 3074 509 3114 vero
555 3073 641 3128 ec,
691 3055 848 3130 quod
894 3056 1205 3130 genetivos
1249 3059 1352 3113 aut
1395 3054 1471 3113 ab
1515 3053 2002 3113 antecedentibus
2046 3056 2242 3128 λοχεῖα
2288 3047 2492 3111 κλεινά
2536 3057 2643 3113 aut
2670 3075 2705 3111 a

368 3139 758 3215 sequentibus
819 3137 1171 3216 Παρνάσιον
1239 3129 1512 3216 κορυφάν
1573 3142 1744 3214 aptos
1805 3157 1932 3196 esse
1989 3141 2370 3213 putaverunt.
2457 3139 2540 3196 Et
2593 3138 2703 3196 hoc

368 3225 637 3300 quidem,
699 3225 748 3282 si
807 3222 992 3281 solam
1049 3243 1197 3283 rem
1255 3227 1616 3299 spectamus,
1673 3222 1816 3299 quin
1874 3241 2080 3280 verum
2139 3223 2219 3281 sit
2274 3222 2530 3281 dubitari
2584 3241 2704 3281 non

375 3327 544 3383 posse
595 3308 774 3366 evicit
819 3307 1118 3368 Seidlcrus
1161 3309 1460 3384 adscripto
1494 3309 1824 3367 Pausaniae
1856 3307 1985 3365 loco
2016 3307 2087 3382 X,
2122 3308 2222 3383 32,
2258 3310 2292 3365 7
2327 3303 2439 3386 (5),
2490 3307 2590 3364 ubi
2623 3307 2695 3365 de

366 3397 540 3451 antro
572 3392 818 3468 Corycio
863 3392 938 3450 ad
970 3393 1292 3451 Parnasum
1341 3397 1606 3452 montem
1650 3392 1985 3468 pertinente
2029 3391 2171 3450 haec
2217 3393 2531 3467 leguntur:
2576 3386 2610 3447 ὅ
2645 3411 2701 3448 τε

365 3468 581 3554 ὄροφος
638 3470 697 3544 ἐς
752 3471 1044 3553 αὔταρκες
1097 3471 1215 3534 ἀπὸ
1275 3476 1379 3535 τοῦ
1435 3470 1698 3549 ἐδάφους
1754 3470 2070 3550 ἀνέστηκε,
2126 3473 2228 3533 καὶ
2281 3471 2444 3551 ὕδωρ
2489 3471 2552 3532 τὸ
2593 3472 2703 3548 μὲν

366 3553 766 3638 ἀνερχόμενον
810 3558 876 3619 ἐκ
920 3559 1163 3637 πηγῶν,
1224 3557 1404 3619 πλέον
1446 3558 1512 3620 δὲ
1557 3559 1643 3619 ἔτι
1687 3552 1804 3618 ἀπὸ
1849 3561 1954 3618 τοῦ
1997 3549 2228 3634 ὀρόφου
2274 3552 2498 3634 στάζει,
2554 3551 2700 3617 ὥστε

368 3644 468 3704 καὶ
522 3644 677 3722 δῆλα
738 3641 804 3703 ἕν
848 3653 931 3728 τῷ
977 3637 1184 3718 ἐδάφει
1230 3646 1672 3725 σταλαγμῶν
1714 3637 1784 3704 τοὶ
1833 3643 1972 3721 ἴχνη
2018 3637 2114 3701 διά
2159 3641 2383 3714 παντός
2429 3640 2550 3702 ἐστι
2595 3642 2701 3700 τοῦ

364 3728 609 3808 ἄντρου.
679 3731 767 3789 Ea
811 3749 950 3790 vero
996 3733 1358 3807 coniunctio,
1407 3752 1557 3808 quae
1605 3751 1745 3791 sane
1784 3735 2030 3807 propter
2069 3731 2502 3805 repugnantem
2534 3748 2696 3787 ver·
2743 3781 2746 3785 Α

366 3818 625 3876 borum
681 3816 950 3875 ordinem
1007 3816 1150 3876 ferri
1206 3835 1327 3875 non
1385 3819 1614 3893 potest,
1673 3817 1982 3892 displicuit
2038 3814 2387 3889 Matthian,
2462 3814 2565 3889 qui
2621 3814 2693 3872 ad
2725 3821 2756 3866 6

365 3901 779 3962 Marklandum
833 3901 1013 3961 rediit
1066 3901 1375 3978 genetivos
1420 3921 1554 3961 cum
1598 3904 1793 3976 λοχεῖα
1837 3891 2039 3958 κλεινά
2082 3901 2460 3975 iungentem3
2532 3917 2690 3955 eum-

367 4007 480 4063 que
536 3988 721 4048 secuti
777 3990 919 4046 sunt
973 3986 1380 4061 HermannuS,
1440 3986 1744 4062 Klotzius,
1809 3986 2196 4060 Hartungus‚
2269 4002 2521 4058 quorum
2579 3982 2695 4039 duo

365 4075 591 4146 priores
649 4074 721 4131 de
766 4072 953 4146 Inopo
998 4072 1181 4130 fluvio
1226 4073 1641 4147 cogitaverunt
1684 4070 1841 4146 apud
1886 4068 2314 4130 Callimachum
2358 4068 2421 4125 in
2467 4068 2689 4142 hymno

367 4157 497 4215 Del.
545 4161 665 4217 206
686 4177 813 4233 sqq.
860 4156 952 4215 his
997 4156 1196 4215 verbis
1240 4159 1594 4215 memorato:

770 4236 921 4312 ἕζετο
965 4235 1023 4298 δ’
1068 4234 1337 4298 Ἰνωποῖο
1379 4237 1537 4317 παρὰ
1585 4236 1758 4316 ῥόον,
1804 4233 1936 4296 ὄντε
1980 4233 2278 4314 βάθιστον

768 4329 911 4401 γαΐα
955 4319 1078 4384 τότ’
1127 4321 1458 4402 ἐξανίησιν,
1503 4321 1599 4384 ’ὅτε
1642 4320 1945 4397 πλήθοντι
1989 4317 2217 4402 ῥεέθρῳ

771 4412 991 4480 Νεῖλος
1035 4404 1154 4468 άπὸ
1199 4413 1487 4487 κρημνοῖο
1529 4405 1867 4487 κατέρχεται
1912 4406 2286 4481 Αἰθιοπῆος,
