3132 5129
1391 386 1459 397 —
1551 349 1846 413 552-

449 509 808 586 pergefactis
855 508 1151 566 relictura.
1228 506 1573 565 Hermanno
1620 524 1759 571 vero
1806 506 2003 565 fausta
2045 506 2191 565 haec
2237 506 2537 582 ignoratio
2569 508 2778 566 maiori

449 597 629 653 etiam
678 592 875 652 fraudi
921 592 1068 651 fuit.
1117 592 1193 649 ad
1239 592 1468 650 somnia
1513 590 1673 649 enim
1718 590 1879 649 chori
1924 593 2065 651 vota
2110 595 2377 688 spectare
2423 609 2553 649 cum
2599 592 2779 650 semel

450 680 565 739 sibi
608 678 1024 754 persuasisset,
1069 694 1441 774 consequens
1481 679 1644 752 erat,
1693 679 1761 735 ut
1804 675 2126 734 absurdum
2156 676 2210 735 ei
2242 675 2547 735 videretur
2577 683 2779 752 optare

451 785 588 824 eum
631 783 759 823 esse
803 763 865 820 in
910 748 1101 837 patria
1144 764 1213 818 ut
1257 760 1509 836 hymnos
1555 763 1753 836 canat,
1813 761 1952 836 quia
1995 778 2117 819 non
2160 762 2471 837 sequatur,
2532 765 2626 837 ut,
2683 763 2785 837 qui

452 869 514 909 se
557 850 620 907 in
664 846 861 925 patria
905 865 1030 905 esse
1077 847 1359 921 somniet,
1415 845 1678 905 somniet
1732 846 1911 904 etiam
1958 864 2019 904 se
2066 864 2291 905 canere.
2366 845 2524 904 Hinc
2568 846 2783 922 scripto

451 927 592 992 {inv
612 953 705 991 ων
747 949 852 1009 pro
885 922 1092 1007 ὕμνων
1122 930 1274 989 hanc
1306 892 1717 1028 portentosam
1748 930 2025 1006 procudit
2056 929 2450 990 sententiam:
2497 951 2536 988 u
2555 932 2785 990 tinam

451 1020 569 1079 vel
615 1016 892 1088 somnio
937 1017 1193 1093 pedem
1239 1033 1500 1091 ponam
1545 1016 1621 1075 in
1666 1016 1874 1074 domo
1921 1019 1992 1074 et
2044 1015 2294 1091 patria
2338 1016 2538 1091 urbe,
2584 1020 2664 1074 ut
2705 1037 2788 1075 ex

452 1103 667 1164 suavi
745 1121 998 1162 somno
1079 1102 1447 1161 communi
1526 1119 1683 1159 cum
1748 1099 2106 1159 felicibus
2170 1100 2379 1158 fruar
2444 1100 2785 1176 gaudio.

457 1191 646 1261 Quam
691 1189 1045 1247 sententiam
1089 1185 1363 1262 pluribus
1413 1187 1463 1246 si
1506 1186 1859 1259 refellerem,
1905 1184 2184 1244 iniuriam
2230 1185 2374 1244 mihi
2430 1184 2648 1245 inferre
2701 1187 2789 1246 vi-

455 1276 629 1333 derer
674 1272 887 1333 summi
933 1272 1048 1332 viri
1093 1270 1400 1346 Manibus,
1449 1271 1616 1330 cuius
1661 1271 1759 1346 pia
1787 1289 2110 1346 numquam
2141 1271 2338 1329 animo
2382 1288 2516 1329 meo
2562 1271 2791 1330 excidet

449 1360 760 1418 memoria.

626 1444 780 1514 Quid
824 1444 1025 1518 potius
1053 1441 1382 1501 necessario
1412 1441 1470 1499 h.
1515 1441 1558 1500 1.
1605 1440 1994 1516 desideretur,
2042 1459 2194 1499 unus
2240 1440 2465 1515 optime
2495 1443 2797 1517 perspexit

455 1528 707 1590 Kvicala
738 1549 796 1603 p.
830 1528 950 1584 242
984 1546 1069 1601 sq.
1087 1572 1101 1600 ,
1137 1527 1239 1601 qui
1271 1524 1324 1584 εἰ
1355 1521 1466 1603 γὰρ
1496 1521 1784 1602 ὄνειροι
1816 1524 2177 1601 συμβαῖεν
2216 1526 2435 1601 scripto
2466 1527 2794 1586 rectissime

455 1616 518 1673 in
554 1614 898 1672 universum
928 1611 1070 1669 haec
1100 1612 1526 1685 interpretatus
1572 1613 1663 1669 est
1690 1610 1807 1668 ita:
1854 1629 1927 1678 „o
1956 1629 2127 1669 wcnn
2156 1611 2295 1671 doch
2323 1611 2415 1669 die
2447 1612 2701 1671 Trc'z'umc
2730 1615 2799 1671 in

458 1699 785 1771 Erfiz‘t'lluny
821 1699 1068 1772 yivzyen,
1129 1696 1249 1767 auf
1281 1697 1418 1754 class
1461 1697 1550 1755 ich
1594 1698 1662 1754 in
1703 1697 1806 1753 dor
1848 1695 2086 1754 Heimat
2131 1697 2233 1754 der
2275 1702 2485 1755 silescn
2529 1695 2797 1773 Gesc'inye

457 1784 607 1843 mich
649 1783 857 1854 frcucn
899 1783 1173 1840 ko'nntef‘
1247 1780 1601 1856 Virginibus
1647 1779 1888 1839 Graecis
1945 1784 2145 1839 autem
2204 1780 2356 1839 nihil
2411 1782 2475 1839 in
2524 1783 2647 1841 vita
2691 1787 2798 1842 aut

460 1866 828 1944 splendidius
885 1866 1064 1923 fuisse
1122 1869 1228 1923 aut
1282 1865 1593 1923 iucundius
1649 1884 1827 1939 quam
1885 1864 2126 1924 choreas
2185 1866 2259 1924 ab
2318 1866 2466 1939 ipsis
2525 1867 2796 1927 saltando

460 1951 873 2026 cantandoque
915 1951 977 2009 in
1023 1950 1190 2009 festis
1236 1950 1482 2008 deorum
1524 1949 1733 2007 diebus
1780 1949 1988 2007 ductas
2017 1951 2218 2026 itaque
2263 1950 2369 2008 has
2415 1952 2799 2026 potissimum

461 2037 700 2096 delicias
748 2055 948 2094 carum
1006 2034 1218 2093 animis
1276 2035 1503 2109 patriae
1550 2034 1845 2093 desiderio
1891 2036 2102 2096 sauciis
2150 2035 2452 2096 obversari
2496 2038 2614 2094 iam
2659 2042 2799 2097 ante

462 2120 771 2181 Kviealam
824 2123 984 2179 recte
1040 2121 1354 2178 notaverat
1408 2119 1790 2189 Hartungus:
1861 2123 2074 2178 neuter
2145 2122 2343 2178 tamen
2398 2140 2628 2180 memor
2682 2123 2800 2181 suit

461 2206 807 2281 Euripidem
866 2206 1063 2281 ipsum
1121 2206 1277 2263 infra
1332 2224 1387 2263 v.
1440 2205 1856 2263 1143—1152
1911 2204 2153 2263 chorum
2211 2205 2419 2263 fecisse
2473 2206 2632 2264 idem
2688 2207 2802 2266 hoc

467 2295 738 2367 optatum
781 2291 1053 2366 pluribus
1098 2290 1281 2349 etiam
1310 2290 1507 2349 verbis
1537 2291 1924 2364 repetentem.
2002 2290 2258 2366 Verum,
2307 2293 2377 2348 ut
2404 2291 2482 2349 ad
2513 2284 2800 2352 Kviealae

386 2394 417 2439 9
465 2377 865 2436 coniecturam
921 2378 1215 2448 revertar,
1276 2393 1384 2433 nec
1442 2374 1741 2450 quomodo
1798 2377 1989 2432 metro
2047 2395 2116 2433 ea
2170 2375 2484 2434 conveniat
2537 2377 2803 2435 ostendit

463 2464 698 2536 auctor,
746 2464 805 2519 et
849 2461 1013 2533 aliud
1059 2461 1118 2517 in
1178 2460 1561 2534 sequentibus
1617 2462 1805 2518 restat
1850 2460 2319 2535 incommodum,
2369 2460 2524 2535 quod
2572 2461 2801 2520 Chorus

465 2547 658 2605 domi
706 2548 773 2605 ut
815 2545 1079 2621 pulchris
1124 2546 1361 2621 hymnis
1409 2545 1645 2602 fruatur
1689 2548 1883 2620 optat,
1947 2563 2094 2620 quos
2139 2546 2200 2604 in
2245 2546 2486 2622 publico
2532 2550 2801 2606 cantatos

466 2652 591 2690 esse
639 2634 793 2690 inter
839 2649 1041 2689 omnes
1100 2634 1352 2689 constat.
1430 2630 1680 2704 Utrique
1742 2630 1896 2688 malo
1955 2632 2102 2689 satis
2159 2630 2454 2705 probabili
2510 2632 2803 2691 medicina

469 2717 691 2775 mederi
737 2716 882 2773 mihi
929 2716 1135 2774 videor
1172 2714 1539 2773 emendando

1076 2832 1129 2892 εἰ
1170 2828 1284 2910 γὰρ
1328 2826 1660 2908 ὀνείροις
1707 2830 1833 2890 ἴσα
1878 2848 2019 2908 συμ·

1075 2917 1219 2995 βαίη
1261 2937 1377 2993 μοι
1420 2913 1597 2989 πόληι
1639 2912 1870 3014 πατρῴ-

1075 3024 1112 3059 α
1161 3008 1428 3080 τερπνῶν
1471 3021 1682 3077 υμνων
1724 2994 1989 3060 ἀπολαύ-

1076 3107 1200 3162 ειν,
1246 3084 1458 3144 κοινὰν
1501 3082 1676 3161 χάριν
1719 3083 1988 3164 ὄλβου,

472 3242 647 3297 quam
703 3224 1059 3297 scripturam
1119 3224 1393 3298 pluribus
1458 3223 1521 3281 in
1599 3223 1858 3281 editione
1927 3224 2273 3281 scholastica
2341 3224 2627 3288 enarravi.
2688 3226 2805 3284 .Dc

469 3307 776 3384 genetiVO,
845 3327 1018 3382 quem
1078 3327 1187 3384 pro
1247 3309 1449 3368 dativo
1508 3307 1761 3382 adscivi,
1818 3328 2021 3384 neme,
2081 3309 2323 3384 opinor,
2380 3310 2495 3367 erit
2549 3312 2651 3385 qui
2705 3312 2803 3369 ad·

423 3395 759 3451 ‘versetun

641 3478 714 3536 V.
763 3479 886 3536 654
916 3496 1043 3552 sqq.
1109 3477 1364 3552 ChoruS,
1424 3481 1743 3553 postquam
1798 3497 1867 3536 ex
1926 3478 2172 3553 Pyladis
2226 3497 2515 3552 responso
2573 3500 2631 3538 v.
2680 3484 2804 3540 650

469 3557 660 3637 ἄζηλά
708 3582 796 3617 τοι
841 3559 1060 3636 φίλοισι
1105 3557 1498 3637 θνησκόντων
1553 3558 1747 3637 φίλων
1790 3563 2073 3639 cognovit
2114 3582 2247 3621 eum
2294 3584 2365 3621 ex
2406 3565 2580 3622 amici
2611 3570 2805 3624 morte

474 3648 661 3705 multo
706 3647 839 3722 plus
897 3647 1117 3705 doloris
1161 3667 1340 3722 quam
1398 3666 1471 3705 ex
1527 3667 1635 3706 sua
1679 3646 1866 3706 salute
1924 3648 2330 3707 delectationis
2386 3668 2619 3724 capere,
2684 3651 2802 3708 iam

474 3731 816 3808 ambiguum
865 3732 1047 3789 animi
1091 3751 1329 3791 sensum
1373 3733 1580 3806 prodit
1624 3732 1850 3791 dicens:

1005 3846 1250 3925 πότερος
1294 3842 1326 3909 ὁ
1370 3847 1693 3927 μέλλωνς

880 3931 965 3991 ἔτι
1008 3932 1117 4013 γὰρ
1160 3929 1463 4038 ἀμφίλογα
1509 3933 1729 4011 δίδυμα
1771 3931 1986 4032 μέμονε
2033 3927 2228 4013 φρήν,

881 4014 946 4076 σὲ
990 4018 1177 4098 πάρος
1221 4013 1265 4095 ἢ
1309 4015 1368 4078 σ’
1416 4012 1791 4091 ἀναστενάξω
1831 4012 2014 4098 γόοις.

478 4157 598 4214 Ubi
643 4156 913 4230 ineptum
959 4176 1084 4216 esse
1130 4158 1278 4216 illud
1324 4149 1357 4215 ὁ
1403 4152 1661 4232 μέλλων,
1710 4157 1868 4232 quod
1899 4157 2305 4234 intellegendo
2351 4152 2805 4216 διόλλυσθαι

477 4261 546 4298 ex
592 4241 975 4300 antecedente
1019 4261 1195 4300 versu
1245 4245 1363 4302 652
1424 4244 1717 4317 explicare
1776 4242 1995 4316 solent,
2056 4244 2173 4300 iam
2230 4242 2611 4301 Hermannus
2662 4247 2808 4303 satis

479 4325 937 4401 demonstravit,
987 4328 1090 4401 qui
1135 4328 1290 4402 quod
1337 4328 1604 4401 reposuit
1647 4323 1888 4400 πότερος
1948 4320 1980 4385 ὁ
2023 4328 2298 4403 μᾶλλον
2342 4330 2465 4388 scil.
2513 4322 2807 4405 διολλύμε-

484 4428 583 4478 νος
629 4409 746 4467 iam
791 4431 825 4467 a
871 4411 1212 4487 Musgravio
1258 4415 1595 4485 inventum,
1636 4412 1704 4470 'id
1748 4412 1945 4485 ipsum
1990 4412 2168 4469 simili
2211 4416 2320 4471 aut
2363 4414 2583 4472 maiore
2630 4414 2809 4474 etiam
