3132 5129
324 2435 387 2483 13

1345 395 1421 404 —
1517 357 1810 422 232-

403 515 509 574 ubi
554 516 707 574 male
753 515 943 574 adhuc
988 515 1210 591 legitur
1255 510 1437 574 κατὰ
1482 506 1676 591 εἶδος,
1722 534 1919 576 errore
1962 518 2381 576 transmissum
2426 515 2487 573 et
2529 533 2600 572 ex
2644 514 2739 586 iis,

406 620 555 676 quae
600 600 985 674 antecedunt,
1033 599 1389 660 scholiastae
1419 601 1652 661 verbis:
1701 598 1977 676 σημαίνει
2020 596 2086 659 δὲ
2118 597 2220 658 καὶ
2266 595 2362 658 ἐπὶ
2408 605 2513 657 τοῦ
2558 592 2741 655 κατά

403 676 477 742 τὸ
522 675 723 752 εἶδος
768 679 1153 761 διαφέροντος
1198 679 1298 742 καὶ
1342 682 1500 787 ἄγαν
1541 686 1764 761 καλοῦ,
1811 690 1871 745 et
1913 706 1984 745 ex
2028 686 2130 760 iis,
2179 705 2332 762 quae
2377 688 2738 759 sequuntur:

404 758 467 827 τὰ
512 763 626 846 γάρ
671 762 1011 846 ἀπειρέσιον
1057 764 1125 827 ἕν
1167 766 1395 842 τούτοις
1439 766 1535 829 επὶ
1595 778 1704 829 τοῦ
1762 765 1915 828 κατ’
1975 761 2177 841 εἶδος
2238 765 2440 845 ἐξόχου
2484 764 2586 826 καὶ
2631 787 2740 824 κα-
2832 800 2855 813 ο

404 859 512 914 λοῦ
557 849 718 930 ἄγαν
762 850 1062 929 τέτακται,
1109 873 1467 931 quamquam
1513 855 1667 914 male
1712 859 1924 917 acutus
1978 875 2048 917 ex
2091 856 2184 915 his
2230 856 2494 914 conicere
2538 859 2743 929 posset

405 941 736 1000 Hesiodum
779 932 1163 1014 ἀπειρεσίην
1220 931 1367 996 κατὰ
1411 930 1564 1011 εἶδος
1610 940 1859 1000 dedisse.
1936 941 2053 1001 Sed
2100 941 2234 999 vide
2276 939 2453 1000 Hom.
2500 939 2530 995 λ
2576 939 2698 998 282

660 1070 762 1132 καὶ
811 1076 1050 1151 Χλῶριν
1095 1065 1258 1133 εἶδον
1301 1071 1682 1153 περικαλλέα,
1726 1069 1837 1153 τήν
1878 1096 2018 1134 ποτε
2069 1066 2308 1152 Νηλεύς

662 1166 851 1237 γῆμεν
895 1153 1021 1218 ἐὰν
1063 1154 1186 1217 διὰ
1236 1158 1540 1231 κάλλος,
1589 1157 1717 1219 ἐπεὶ
1760 1158 1906 1237 πόρε
1949 1158 2129 1240 μυρία
2173 1157 2336 1220 ἕδνα.

582 1291 692 1356 14.
766 1295 837 1355 In
885 1296 1218 1373 fragmento
1271 1299 1384 1355 101
1436 1297 1763 1357 Marcksch.
1827 1294 1936 1377 (49
1984 1294 2271 1376 Goettl.),
2331 1298 2393 1356 in
2453 1316 2570 1372 quo
2615 1299 2747 1371 Λη-

409 1380 620 1458 τοΐδην
675 1382 746 1439 de
792 1381 1146 1457 Aesculapio
1205 1382 1429 1441 dictum
1478 1382 1802 1442 vindicavit
1861 1382 2191 1442 Meinekius
2246 1382 2472 1441 anall.
2534 1381 2746 1440 Alex.

409 1487 468 1543 p.
519 1469 617 1540 71,
664 1466 1039 1525 scribendum
1083 1484 1211 1525 esse

666 1580 871 1642 ἔκτανε
915 1582 1262 1660 Λητοΐδην,
1311 1577 1535 1644 ὀλοὸν
1579 1576 1695 1643 σὺν
1736 1575 1941 1662 θυμὸν
1982 1577 2237 1662 ὀρίνων,

413 1705 538 1764 dixi
583 1704 656 1762 ad
689 1704 892 1774 Quint.
939 1702 1062 1762 Sm.
1093 1703 1214 1779 111,
1249 1706 1402 1764 630:
1454 1705 1532 1764 cf.
1581 1705 1654 1763 ad
1700 1705 1952 1764 eundem
1996 1703 2455 1781 prolegg.11‚
2504 1706 2540 1761 2
2572 1702 2613 1781 g
2643 1703 2749 1763 45·

414 1783 695 1952 legitulre.
756 1788 1009 1847 Defendi
1037 1792 1263 1865 potest,
1311 1790 1468 1865 quod
1497 1790 1563 1848 in
1594 1790 1806 1865 fragm.
1842 1790 1954 1847 141
1993 1789 2317 1849 Marcksch.
2357 1791 2458 1865 (76
2491 1785 2751 1869 Goettl.)

670 1989 889 2064 νίψατο
938 1987 1254 2067 Βοιβιάδος
1302 1991 1511 2068 λίμνης
1554 1988 1748 2051 πόδα
1801 1988 2103 2069 παρθένος
2147 1985 2361 2068 άδμής.

415 2112 632 2171 Mirum
676 2114 906 2186 tamen,
953 2112 1016 2170 ni
1062 2111 1368 2187 scripserit
1411 2108 1608 2188 χρόα.

670 2190 778 2255 16.
863 2196 933 2255 In
990 2196 1203 2273 fragm.
1267 2196 1385 2255 147
1443 2196 1770 2255 Marcksch.
1840 2195 1944 2272 (83
2011 2192 2298 2272 eoem),
2369 2196 2522 2272 quod
2590 2197 2750 2273 apud

415 2282 590 2340 Paus.
636 2281 740 2357 IX,
788 2282 887 2357 40,
938 2284 973 2341 6
1021 2276 1118 2360 (3)
1164 2281 1407 2358 legitur,
1453 2281 1834 2341 scribendum
1878 2283 1941 2340 et
1984 2280 2479 2358 distinguendum
2523 2300 2681 2341 esse:

671 2410 876 2485 Φύλας
920 2410 980 2474 δ’
1030 2406 1252 2475 ὤπυιεν
1295 2413 1525 2494 κούρην
1566 2417 1805 2475 κλειτοῦ
1840 2409 2067 2475 Ἰολάου

672 2497 1082 2578 Λειποφίλην·
1127 2497 1170 2577 ἣ
1212 2494 1269 2557 δ’
1318 2492 1476 2574 εἶδος
1514 2493 2017 2576 Ὀλυμπιάδεσσιν
2059 2494 2234 2579 ὁμοίη

662 2580 952 2662 Ἱππότην
995 2584 1066 2645 τέ
1107 2586 1169 2646 οἱ
1206 2582 1345 2645 υἱὸν
1382 2583 1469 2644 ἐνὶ
1515 2583 1857 2665 μεγάροισιν
1900 2582 2123 2663 ἔτικτε,

676 2666 856 2747 Θηρώ
902 2665 955 2726 τ’
1005 2665 1210 2747 εὐειδῆ
1254 2668 1459 2745 ἰκέλην
1502 2668 1744 2748 φαέεσσι
1789 2667 2077 2749 Σελήνης,

418 2808 685 2868 codicum
741 2808 997 2883 vestigia
1054 2805 1504 2886 (λειπεφιλήνη·
1576 2798 1731 2878 εἶδος
1786 2808 2004 2907 Mosq„
2061 2806 2219 2867 λείπε
2277 2801 2545 2884 φιλήνην
2598 2799 2759 2879 εἶδος

417 2893 550 2952 Par.
591 2893 781 2967 1399,
828 2894 988 2950 λεῖπε
1034 2888 1255 2968 φιληνὴ
1305 2892 1359 2952 εἰ
1400 2895 1495 2953 vel
1535 2895 1697 2952 λεῖπε
1743 2895 1964 2969 φιληνη
2008 2883 2165 2964 εἶδος
2190 2893 2327 2952 Par.
2365 2895 2544 2968 1410,
2590 2897 2755 2955 λεῖπε

419 2974 643 3053 φιλήνη
688 2965 844 3046 εἶδος
887 2976 1021 3036 Par.
1073 2978 1262 3055 1411)
1306 2982 1639 3039 monstrare
1692 2981 1991 3054 poterant.
2068 2978 2297 3056 Vulgo:
2361 2959 2440 3053 ἦν
2481 2974 2542 3037 δ’
2593 2970 2753 3051 εἶδος

420 3096 501 3107 --
556 3056 748 3137 ὁμοίη.
814 3050 1100 3137 Ἱππότην
1164 3059 1232 3122 δέ
1299 3060 1362 3121 οἱ
1412 3067 1523 3123 etc.
1593 3064 1832 3141 legitur.
1909 3064 2062 3122 Tum
2119 3060 2528 3141 Λειπεφίλην,
2593 3066 2756 3140 quod

420 3149 571 3209 male
615 3147 833 3206 habere
889 3149 1008 3206 iam
1062 3147 1489 3208 intellexerunt
1542 3147 1815 3207 Kuhnius
1878 3146 2179 3224 Δηιφίλην
2234 3151 2297 3207 et
2349 3148 2757 3227 Goettlingius

411 3227 772 3308 Ἱπποφίλην
815 3233 1172 3308 scribentes,
1223 3232 1727 3293 Markscheffelius
1762 3251 1882 3291 non
1913 3232 2169 3292 debebat
2212 3233 2523 3293 defendere
2553 3233 2755 3295 allatis

427 3313 739 3387 Μενέλαος
767 3320 830 3377 et
859 3314 1235 3395 Φερεκύδης,
1280 3337 1533 3396 quorum
1579 3318 1653 3375 ad
1699 3317 2033 3395 analogiam
2065 3315 2391 3395 Λιπεφύλη
2437 3319 2753 3379 dicendum

423 3408 568 3463 erat.
647 3403 765 3462 Sed
809 3403 869 3461 in
912 3422 977 3461 re
1020 3421 1264 3479 prorsus
1310 3405 1537 3465 incerta
1589 3402 1880 3478 praetuli,
1941 3402 2099 3479 quod
2145 3406 2305 3463 certe
2349 3404 2492 3463 ferri
2534 3407 2751 3480 potest,

421 3487 812 3549 Heinsianum
870 3485 1268 3564 Λειποφίλην.
1343 3487 1563 3547 Contra
1611 3477 1922 3566 Ἱππότην,
1976 3507 2085 3563 pro
2141 3507 2260 3564 quo
2304 3491 2367 3548 et
2408 3489 2541 3564 ipso
2593 3490 2759 3548 varia

423 3575 659 3633 tentata
702 3575 867 3649 sunt,
913 3572 1245 3633 Homericis
1294 3565 1520 3647 Ἰφίτου
1565 3572 1616 3628 Β
1662 3573 1815 3647 518,
1866 3566 2047 3630 Ἰλίου
2092 3571 2144 3629 Ο
2189 3575 2295 3648 66,
2342 3576 2405 3633 et
2447 3570 2674 3632 Αἰόλου
2718 3594 2755 3631 κ

425 3659 524 3718 36.
579 3660 661 3719 60
703 3657 846 3718 satis
890 3658 1130 3717 defendi
1173 3657 1450 3718 arbitror.
1526 3656 1813 3733 Alioquin
1849 3650 2185 3716 Ἱππόθοον
2228 3659 2509 3733 placeret.

595 3737 705 3803 17.
742 3742 851 3803 'In
895 3743 1115 3819 fragm.
1166 3744 1285 3802 148
1331 3742 1660 3804 Mareksch.
1711 3740 1817 3818 (82
1867 3738 2155 3823 Goettl.),
2217 3744 2377 3818 quod
2420 3745 2562 3804 item
2608 3744 2753 3822 legi-

422 3830 520 3886 tur
563 3827 719 3904 apud
764 3827 942 3887 Paus.
988 3827 1091 3903 IX,
1139 3829 1238 3902 36,
1287 3830 1322 3886 7
1372 3827 1491 3904 (4),
1537 3827 1973 3886 emendandum
2016 3831 2195 3905 puto:

677 3936 781 4018 ἷξε
826 3939 883 4002 δ’
933 3941 1003 4015 ἐς
1042 3935 1399 4022 Ὀρχομενὸν
1445 3938 1788 4022 Μινυήιον·
1837 3938 1914 4014 ὃς
1958 3942 2033 4004 δέ
2076 3966 2207 4021 μιν
2248 3940 2409 4023 ἥρως

677 4026 908 4107 δέξατο,
953 4025 1054 4088 καὶ
1099 4027 1370 4090 κτεάνων
1411 4033 1628 4109 μοῖραν
1669 4027 1884 4108 πόρεν,
1930 4024 2011 4101 ὥς
2056 4027 2326 4102 ἐπιεικές.

427 4149 626 4226 Vulgo
671 4148 895 4226 legitur
940 4141 1065 4222 ἷξεν
1108 4143 1169 4207 δ’
1212 4140 1404 4228 Ὀρχ.;
1451 4150 1553 4210 sed
1600 4149 2006 4211 Orchomenus
2051 4151 2145 4210 hic
2188 4152 2376 4229 regis,
2422 4170 2542 4211 non
2589 4153 2755 4212 urbis

424 4252 644 4293 nomen
689 4236 797 4293 est.
876 4234 1029 4294 Tum
1091 4236 1155 4294 in
1201 4236 1491 4311 clausula,
1553 4234 1714 4310 quod
1771 4235 1913 4295 libri
1970 4236 2223 4311 habent,
2280 4232 2408 4294 καί
2456 4256 2586 4311 μιν
2643 4231 2750 4314 ὅγ’

423 4314 617 4395 ἥρως,
661 4319 1061 4395 reliquerunt,
1109 4321 1262 4380 male
1294 4312 1599 4379 Μινύειον
1640 4324 2029 4396 reponentes,
2079 4322 2236 4397 quod
2281 4326 2345 4381 et
2386 4341 2422 4379 a
2463 4321 2653 4382 forma
2695 4323 2757 4381 et

421 4422 458 4462 a
510 4402 776 4479 spondeo
806 4405 965 4463 mala
1005 4405 1394 4481 productione
1439 4405 1649 4465 effecto
1693 4404 2077 4465 offensionem
2107 4406 2304 4466 habet.
