3132 5129
1281 347 1747 410 —575—

335 497 615 580 στησεις
670 497 850 581 λόγου
907 503 1162 578 scripsit.
1253 502 1597 579 Diversam,
1646 501 1747 561 sed
1792 519 1914 560 non
1958 501 2261 561 meliorem
2309 502 2463 561 viam
2509 521 2669 563 mon·

334 589 549 648 stravit
576 588 829 648 Kvicala
860 608 918 665 p.
952 588 1073 647 256
1106 607 1190 645 ου
1237 585 1362 645 δεῖ
1392 580 1459 664 μ’
1508 582 1847 661 ἐπισχεῖν
1876 578 2012 644 οὐδ’
2060 580 2448 662 ἀποστῆσαι
2494 582 2670 664 λόγου

335 674 650 733 coniciens,
723 674 904 732 Recte
951 665 1177 730 οὐδέν
1219 673 1469 732 retinuit
1498 671 1571 730 G.
1603 670 1963 746 Dindorfius,
2012 672 2113 730 sed
2158 692 2395 731 versum
2426 672 2671 731 insolita

336 760 483 818 crasi
515 760 783 833 corrupit
811 757 1156 834 corrigendo
1202 748 1375 814 οὐδέν
1419 745 1485 832 μ’
1536 748 1880 832 ἐπισχήσει
1927 716 2061 813 όῦδ’
2107 749 2424 833 ἀποστήσει
2467 754 2667 836 λόγου.

334 843 419 902 Et
472 844 651 920 longe
707 843 825 902 alio
882 843 1047 901 ducit
1105 843 1315 919 tragici
1363 842 1648 900 sermonis
1693 840 1949 916 diligens
1994 842 2350 901 observatio.
2437 842 2511 902 In
2554 863 2669 918 quo

336 947 607 987 sermone
653 929 700 986 si
749 928 883 1003 quis
913 927 1391 986 festinantiorem
1421 926 1667 986 alterius
1697 926 1847 985 aut
1831 945 1894 983 1n
1925 926 2177 985 dicendo
2207 928 2357 987 aut
2341 947 2406 985 111
2436 928 2669 1004 agendo

335 1014 607 1072 ardorem
639 1032 991 1088 quacunque
1022 1013 1094 1070 de
1125 1031 1299 1071 causa.
1326 1012 1645 1087 reprimere
1677 1011 1824 1085 vult,
1873 1012 2142 1086 responsi
2172 1013 2346 1071 initio
2377 1006 2668 1090 ἐπίσχες

335 1099 726 1172 pronuntiare
756 1098 925 1173 solet,
971 1116 1145 1172 quem
1177 1098 1521 1157 sollemnem
1551 1096 1967 1171 imperativum
2001 1096 2094 1155 hie
2128 1116 2367 1173 quoque
2398 1097 2460 1157 in
2490 1098 2669 1157 libro-

333 1202 470 1241 rum
519 1178 730 1259 ἐπίσχη
772 1183 958 1241 latere
1001 1183 1063 1240 hi
1106 1183 1220 1241 loci
1268 1182 1622 1241 ostendunt:

506 1284 728 1347 Phoen.
835 1284 981 1342 452.
1030 1278 1364 1360 ἐπίσχες·
1412 1302 1491 1341 ου
1509 1302 1618 1340 τοι
1663 1279 1725 1340 τὸ
1771 1302 1915 1358 ταχυ
1958 1278 2070 1358 τὴν
2110 1279 2291 1357 δίκην
2335 1280 2468 1359 ἔχει.

506 1369 600 1428 ΕΙ.
833 1371 974 1429 962.
1023 1363 1106 1426 ἐπ
1120 1366 1189 1425 ίσ
1203 1390 1235 1444 χ
1250 1389 1275 1427 ε
1294 1385 1353 1439 ς·
1400 1363 1746 1445 ἐμβάλωμεν
1789 1365 1872 1436 εἰς
1915 1362 2103 1424 ἄλλον
2144 1362 2334 1445 λόγον

505 1453 634 1513 Ion.
795 1456 977 1514 1320.
1025 1448 1141 1510 ἐπί
1149 1469 1228 1530 σχ
1243 1472 1268 1510 ε
1284 1475 1314 1524 ς
1327 1494 1346 1528 ‚
1392 1444 1440 1510 ὦ
1484 1455 1626 1510 παῖ·
1673 1448 1920 1528 τρίποδα
1962 1445 2046 1529 γα
2061 1473 2097 1528 ρ
2139 1446 2490 1531 χρηστήριον

1029 1541 1280 1596 λιποῦσα
1322 1540 1583 1616 θριγκοῦ
1626 1529 1794 1595 τοῦδ’
1839 1530 2191 1631 ὑπερβάλλω
2233 1534 2414 1597 πόδα.

507 1622 610 1682 Or.
802 1625 983 1682 1069.
1031 1617 1362 1726 ἐπίσχες·
1400 1621 1475 1680 ’ἐν
1516 1617 1628 1700 μὲν
1671 1629 1874 1699 πρωτα
1918 1635 2011 1679 σοι
2052 1618 2300 1724 μομφὴν
2342 1620 2470 1700 ἔχω.

503 1707 790 1766 Androm.
837 1709 981 1767 550.
1029 1702 1321 1783 Μενελα’,
1370 1704 1397 1765 ἐ
1407 1727 1451 1764 π
1464 1705 1489 1766 ί
1497 1722 1531 1764 σ
1545 1729 1578 1784 χ
1592 1727 1618 1766 ε
1630 1724 1688 1777 ς·
1735 1702 1817 1784 μὴ
1860 1697 2070 1783 ταχυν’
2116 1701 2263 1767 ἄνευ
2308 1706 2499 1782 δίκης.

505 1792 710 1868 Suppl.
843 1794 983 1852 397.
1115 1825 1197 1835 —-
1356 1788 1686 1868 ἐπίσχες,
1730 1789 1813 1869 ἥν
1855 1785 1913 1847 σ’
1958 1786 2270 1873 ἀπαλλάξῃ
2310 1789 2501 1852 πόνου

1026 1867 1222 1955 μολων
1265 1897 1500 1935 υπαντα
1543 1880 1665 1947 τοῖς
1711 1873 1870 1953 ἐμοῖς
1914 1874 2336 1953 βουλεύμασιν.

507 1961 690 2037 Hipp.
835 1963 976 2021 567.
1026 1958 1054 2021 ἐ
1065 1982 1109 2019 π
1122 1961 1149 2020 ί
1155 1979 1234 2040 σχ
1249 1981 1274 2020 ε
1289 1957 1377 2020 τ’·
1427 1956 1626 2038 αυδὴν
1671 1961 1785 2020 τῶν
1829 1958 2064 2020 ἔσωθεν
2108 1959 2375 2038 ἐκμάθω.

505 2046 640 2107 Hel.
796 2048 979 2107 1184.
1026 2040 1378 2124 ἐπίσχετ’.
1424 2047 1637 2125 εἰσορῶ
1679 2043 1816 2124 γὰρ
1859 2040 1968 2117 οὖς
2016 2043 2326 2123 διώκομεν.

503 2130 657 2190 Ibid.
795 2131 980 2192 1642.
1026 2128 1323 2208 ἐπίσχες
1368 2124 1566 2211 ὀργάς,
1612 2122 1779 2189 αἷσιν
1820 2151 1932 2189 ουκ
1974 2125 2180 2207 ὀρθῶς
2225 2127 2412 2208 φέρει.

336 2233 463 2292 Hos
525 2234 686 2293 locos
748 2232 798 2290 si
864 2235 1212 2310 contuleris,
1283 2254 1404 2294 non
1459 2233 1794 2309 dubitabis„
1861 2235 2006 2309 quin
2060 2234 2364 2309 Euripidis
2422 2252 2661 2292 manum
2741 2230 2771 2275 5

338 2319 774 2377 restituerimus
819 2318 1164 2379 scribendo:

684 2432 1013 2514 ἐπίσχες·
1060 2432 1281 2496 οὐδὲν
1322 2433 1455 2516 γάρ
1497 2430 1564 2513 μ’
1610 2426 1924 2510 ἀποστήσει
1970 2432 2166 2513 λόγου.

511 2556 736 2627 Quibus
782 2558 988 2616 statim
1033 2556 1344 2635 Iphigenia
1387 2556 1529 2617 haec
1575 2555 1825 2616 subicit:

680 2674 912 2752 πρῶτον
954 2673 1289 2753 πυθέσθαι,
1336 2673 1466 2734 τίνα
1511 2668 1643 2733 ποτ’
1685 2669 1969 2751 Ἠλέκτρα
2012 2667 2238 2753 πότμον

683 2759 878 2839 εἴληχε
921 2759 1153 2838 βιότου·
1203 2762 1345 2837 φίλα
1386 2757 1500 2839 γὰρ
1545 2758 1705 2819 ἔσται
1751 2754 1931 2818 πάντ’
1980 2755 2124 2836 ἐμοί.

339 2879 433 2938 Ita
474 2879 628 2939 libri.
717 2880 834 2939 Sed
880 2882 1103 2940 frustra
1145 2882 1359 2940 ultima
1412 2881 1706 2956 explicare
1752 2881 1947 2940 conati
1993 2884 2150 2938 sunt.
2242 2881 2324 2939 Et
2367 2880 2669 2958 vulgatam

341 2964 581 3039 quidem
612 2965 1166 3040 interpretationem
1193 2999 1266 3008 -
1292 2970 1654 3042 „accepta
1682 2965 1876 3023 enim
1908 2965 2089 3023 mihi
2134 2969 2353 3024 erunt
2398 2968 2667 3040 omnia,

340 3049 466 3107 scil.
512 3069 662 3124 quae
708 3050 781 3107 de
827 3050 1063 3110 Electra
1102 3050 1244 3110 mihi
1289 3050 1598 3110 narrabis“
1630 3082 1709 3092 —
1744 3053 1900 3109 recte
1930 3050 2218 3109 refutavit
2245 3050 2496 3109 Kvicala
2524 3050 2564 3108 l.
2598 3070 2668 3124 c.,

341 3134 442 3193 sed
487 3153 666 3208 quam
711 3134 837 3209 ipse
882 3135 993 3194 sibi
1039 3135 1322 3195 confinxit
1379 3136 1809 3195 sententiarum
1858 3135 2292 3193 cohaerentiam
2338 3168 2418 3177 —
2465 3130 2536 3194 οὐ
2581 3133 2680 3193 δεῖ

340 3212 404 3292 μ’
463 3215 726 3294 ἐπισχεῖν
781 3226 1072 3297 πρῶτον
1125 3215 1259 3296 μὲν
1315 3218 1445 3278 τίνα
1491 3217 1722 3293 πότμον
1764 3216 1996 3294 εἴληχεν
2043 3213 2360 3297 Ἠλέκτρα,
2418 3216 2672 3278 ἔπειτα

343 3297 419 3361 δὲ
475 3300 599 3361 καὶ
655 3299 866 3361 ἄλλα·
901 3304 1070 3382 ,φίλα
1125 3300 1238 3383 γὰρ
1294 3302 1453 3363 ἔσται
1495 3298 1676 3362 πάντ’
1727 3299 1858 3380 ἐμοί
1901 3335 1999 3379 -,
2045 3305 2189 3363 haec
2232 3324 2373 3365 vero
2417 3308 2539 3364 tam
2584 3305 2672 3363 in·

343 3388 641 3447 credibilis
682 3391 793 3463 est,
840 3392 908 3448 ut
949 3392 1128 3448 mirer
1159 3390 1458 3450 Klotzium
1487 3389 1718 3448 Latinis
1750 3388 1944 3448 verbis
1987 3408 2116 3448 eam
2158 3391 2475 3464 repetiisse.
2548 3389 2671 3447 Nec

345 3473 611 3532 virorum
656 3473 964 3532 doctorum
1010 3475 1386 3535 coniecturae
1427 3475 1823 3547 satisfaciunt,
1872 3477 1941 3531 ut
1987 3473 2329 3533 Marklandi
2373 3472 2515 3547 φίλα
2558 3468 2672 3550 γάρ

349 3553 503 3613 ἐστι
563 3551 774 3615 ταῦτ’
835 3553 992 3633 ἐμοί,
1058 3577 1234 3634 quam
1293 3562 1593 3656 receptam
1653 3559 1727 3616 ab
1787 3558 2102 3635 Hartungo
2168 3559 2455 3635 languere
2520 3558 2673 3615 dixit

345 3641 748 3716 HermannuS,
808 3646 969 3704 recte
1025 3662 1194 3718 sane,
1257 3645 1358 3704 sed
1410 3644 1580 3720 peius
1634 3643 1818 3701 etiam
1874 3646 1968 3702 est
2022 3648 2269 3719 propter
2323 3644 2674 3702 inusitatam

345 3727 724 3804 locutionem,
773 3727 934 3803 quod
978 3729 1103 3803 ipse
1149 3730 1385 3806 scripsit
1429 3725 1575 3802 φίλα
1616 3724 1729 3806 γὰρ
1773 3721 1843 3797 ἐς
1888 3748 1966 3784 τα
2023 3720 2241 3785 πάντ’
2304 3722 2451 3802 ἐμοί,
2498 3728 2558 3786 id
2603 3730 2673 3784 ut

295 3817 503 3872 -esset
559 3814 906 3887 „omnino
962 3813 1157 3871 enim
1219 3815 1351 3874 hoc
1403 3813 1582 3871 mihi
1640 3814 1858 3873 cordi
1914 3811 2078 3871 est“
2190 3812 2344 3882 Quid
2398 3812 2516 3872 dici
2573 3812 2671 3871 de-

353 3898 580 3973 buerit,
640 3917 793 3957 unus
850 3896 1151 3956 Seidlerus
1208 3900 1422 3974 sensit,
1479 3897 1582 3958 sed
1635 3899 1751 3956 rite
1806 3898 1869 3956 id
1928 3898 2252 3972 exprimere
2295 3916 2416 3956 non
2461 3897 2668 3971 valuit,

345 4001 478 4040 cum
526 3983 590 4042 in
633 3986 894 4042 mentem
940 3983 1054 4042 sibi
1101 3984 1304 4042 venire
1347 4001 1555 4059 passus
1601 3986 1693 4041 est
1737 3983 1879 4057 φίλα
1923 3976 2035 4059 γάρ
2080 3978 2220 4039 ἐστι
2274 3973 2454 4038 πάντ’
2516 3977 2543 4038 ἐ
2556 4003 2671 4056 μα

346 4066 526 4126 Viam
571 4071 769 4127 tamen
813 4068 1173 4127 monstravit
1215 4088 1304 4144 eo,
1354 4068 1512 4144 quod
1556 4071 1797 4143 praeter
1834 4085 2031 4124 παντα
2061 4066 2240 4125 etiam
2273 4068 2672 4142 possessivum

347 4171 674 4226 pronomen
726 4154 1122 4212 necessarium
1176 4172 1304 4212 esse
1366 4153 1542 4227 vidit,
1602 4152 1920 4211 dummodo
1976 4171 2050 4210 ne
2104 4152 2167 4209 id
2212 4154 2502 4226 expuncto
2547 4145 2680 4247 ἐμοί

354 4238 687 4312 intulisset,
749 4226 908 4313 quod
968 4256 1092 4296 non
1136 4239 1332 4296 minus
1373 4238 1776 4296 necessarium
1822 4240 1928 4298 est.
2014 4237 2350 4294 Pronomen
2390 4235 2673 4311 possessi·

356 4341 495 4382 vum
541 4325 701 4382 recte
747 4323 995 4381 articulo
1040 4322 1329 4382 instruxit
1371 4323 1473 4381 sed
1521 4322 1674 4381 male
1718 4314 1913 4378 πάντα
1960 4322 2133 4380 eiecit
2175 4320 2498 4380 Schoenius
2538 4340 2673 4380 eon-

352 4407 616 4466 iciendo:
665 4404 810 4480 φίλα
855 4405 977 4485 γάρ
1024 4403 1171 4465 ἐστι
1219 4401 1378 4481 ταμ’
1429 4402 1575 4482 ἐμοί.
1650 4407 1855 4464 Potius
1886 4409 2052 4481 patet
2081 4401 2281 4483 βιότου
2311 4406 2674 4465 additamen-
