3132 5129
1364 352 1822 418 -322—

421 529 664 572 ποντο.
727 509 1018 569 Similiter
1045 529 1104 569 v.
1137 510 1258 568 262
1301 509 1547 586 legitur:
1594 503 1705 568 οὐκ
1737 504 2051 566 ἐθέλουσιν
2083 501 2505 604 ἀνελκομένοιο
2548 502 2758 565 λιπέ-

422 596 640 670 σθαι,
686 595 842 654 unde
888 595 1067 653 etiam
1112 614 1169 654 v.
1199 597 1276 653 57
1300 614 1386 669 sq.
1434 595 1814 654 scribendum
1860 613 1989 654 esse
2032 581 2169 651 οὐδ’
2206 589 2547 650 ἐλίποντο
2576 611 2756 669 τειρο-

418 698 502 755 με
523 699 681 755 νου,
726 681 845 737 iam
876 680 1220 739 Bruncki-us
1265 680 1406 739 olim
1451 681 1775 754 perspexit.
1854 679 2038 738 Nullo
2069 678 2357 739 vocabulo
2401 677 2602 736 addito
2633 696 2759 736 ver-

423 766 563 824 bum
609 764 831 866 legitur
875 765 1034 839 apud
1065 763 1349 835 Quintum
1385 763 1488 841 1V,
1536 766 1658 824 223
1706 765 1779 824 de
1823 763 2230 842 pugnantibus
2275 763 2573 822 leonibus.
2618 755 2761 819 οὐδέ

421 870 509 920 τις
552 841 754 908 αὐτῶν
795 846 807 930 Ι
843 846 1197 909 λει’.πεται

595 936 805 1012 Pergit
850 939 979 993 tum
1023 938 1199 1011 poeta
1241 936 1359 993 ita.

320 1061 385 1108 32
730 1051 838 1111 καί
877 1048 980 1110 κέν
1024 1074 1109 1124 τις
1150 1044 1493 1156 παλάμῃσιν
1536 1072 1642 1111 ατε
1686 1050 2003 1129 ψαμάθοιο
2048 1049 2304 1130 βαθείης

728 1132 1017 1209 ἀντιάσας
1060 1135 1326 1246 κείνῃσιν
1372 1131 1467 1196 ἐπ’
1516 1134 1770 1213 ἰχθύσιν
1810 1132 2122 1213 ἆμήσαιτο.

420 1274 873 1334 Incommodum
917 1278 1011 1334 est
1066 1242 1369 1355 κείνησιν,
1428 1273 1553 1335 sive
1609 1273 1671 1333 id
1716 1274 1791 1333 ad
1834 1269 2174 1354 παλάμῃσιν
2217 1272 2535 1346 referatur,
2602 1272 2761 1347 quod

422 1361 596 1436 plane
639 1360 767 1418 fieri
814 1360 1059 1436 nequit,
1107 1360 1231 1420 sive
1276 1359 1348 1417 ad
1396 1355 1679 1435 ἰχθύσιν,
1728 1378 1847 1435 quo
1892 1359 2049 1419 facto
2095 1358 2445 1418 femininum
2492 1357 2755 1431 offendit,

425 1446 662 1504 etiamsi
706 1444 1088 1504 Schneiderus
1132 1435 1273 1520 ὀλοὴ
1314 1438 1443 1522 θὴρ
1488 1443 1562 1503 ad
1609 1463 1738 1502 eam
1780 1445 2140 1504 locutionem
2185 1443 2576 1503 excusandam
2608 1445 2762 1501 attu-

423 1531 580 1589 lerit.
650 1528 820 1598 Quod
865 1530 928 1587 in
958 1530 1146 1589 Paris.
1184 1532 1213 1587 1
1266 1533 1327 1588 et
1371 1529 1560 1604 Mosq.
1606 1529 1829 1606 legitur
1871 1526 2223 1604 κείνοισιν,
2283 1528 2570 1587 correctio
2601 1527 2759 1587 vide-

425 1617 525 1674 tur
581 1633 738 1689 esse,
794 1632 870 1672 ne
925 1614 1083 1673 bona
1125 1615 1385 1690 quidem.
1476 1614 1662 1672 Nulla
1705 1615 1864 1674 enim
1908 1633 2083 1674 causa
2137 1615 2295 1687 erat,
2355 1631 2459 1672 cur
2512 1611 2761 1687 piscium

423 1700 589 1758 notio
645 1699 1116 1759 demonstrativo
1160 1700 1523 1801 pronomine
1580 1698 1911 1759 efferretur.
2014 1698 2182 1770 Quod
2227 1698 2568 1757 Bmmkius
2620 1697 2763 1756 olim

427 1784 708 1860 coniecit,
768 1781 1040 1864 κείνῃσιν
1083 1775 1177 1842 ἐπ’
1223 1774 1480 1860 ἰχθύας
1526 1778 1860 1887 ἆμήσαιτο,
1912 1789 1981 1843 ut
2022 1781 2290 1864 κείνῃσιν
2320 1782 2395 1841 ad
2424 1778 2767 1862 παλάμῃσιν

425 1868 751 1944 referatur,
812 1843 919 1925 ἐπὶ
966 1869 1334 1946 iungendum
1380 1870 1459 1929 sit
1502 1888 1637 1928 cum
1679 1860 2002 1945 ἆμήσαιτο,
2058 1867 2117 1927 id
2176 1885 2353 1927 nemo
2408 1867 2550 1942 erit,
2607 1866 2764 1942 quod

428 1953 725 2013 defendat.
800 1952 892 2012 Ne
924 1954 1141 2013 multa.
1173 1959 1420 2014 accentu
1453 1958 1683 2015 mutato
1715 1953 2020 2030 Oppianus
2049 1960 2394 2034 κεινῇσιν
2423 1953 2759 2028 scripserat.

439 2031 670 2099 Vacuae
711 2056 956 2107 manus,
1005 2039 1219 2115 quibus
1264 2041 1454 2116 pisces
1485 2040 2094 2115 comprehenduntur,
2142 2038 2418 2097 manibus
2450 2056 2759 2114 opponun-

425 2126 529 2182 tur
557 2124 802 2198 bipenni
834 2125 1100 2199 armatis,
1147 2125 1366 2200 quibus
1397 2125 1488 2183 illi
1518 2124 1934 2195 conciduntur.
1992 2123 2085 2184 Of.
2118 2144 2173 2183 v.
2207 2124 2325 2182 481
2355 2141 2483 2198 sqq.
2541 2122 2762 2180 Eodem

429 2209 607 2268 modo
652 2209 810 2269 infra
850 2228 909 2268 v.
942 2210 1065 2269 593
1098 2229 1226 2285 sqq.
1274 2210 1415 2270 haec
1456 2210 1771 2287 leguntur.

733 2347 835 2385 και
880 2322 991 2402 μέν
1036 2349 1120 2398 τις
1166 2320 1391 2405 δύπτης
1435 2321 1625 2387 ἁλίων
1668 2321 2001 2404 εὐμήχανος
2045 2323 2231 2405 ἔργων

733 2428 933 2576 5533}
954 2408 1137 2472 δόλου
1181 2409 1619 2495 παλαμῃσιν
1668 2409 1915 2485 ἐπαΐξας
1961 2406 2094 2471 ἕλεν
2136 2406 2400 2482 αὐταῖς

1412 2670 1635 2744 Liber
1690 2670 1771 2743 V.

498 2829 512 2844 ,
599 2774 673 2834 v
709 2776 804 2883 1o
826 2794 914 2850 sq.

818 2909 901 2918 —
997 2909 1064 2920 -
1156 2869 1228 2935 ού
1271 2869 1383 2955 γάρ
1426 2897 1478 2935 τι
1525 2872 1689 2936 πέλει
1731 2872 2192 2972 καθυπέρτερον
2223 2869 2484 2953 ἀνδρῶν,

737 2953 914 3035 νόσφι
959 2965 1151 3020 θεῶν·
1200 2958 1473 3037 μούνοισι
1517 2957 1584 3021 ‹5’
1626 2952 1944 3037 ὑπείξομεν
1985 2952 2396 3022 ἆθανατοισιν.

430 3098 743 3158 Absonum
799 3101 893 3158 est
944 3099 1241 3175 futurum,
1300 3099 1457 3174 quod
1512 3101 1583 3158 ut
1636 3100 1897 3176 positum
1941 3102 2218 3174 putemus
2263 3119 2298 3157 a
2340 3101 2542 3175 poeta,
2600 3097 2766 3157 nulla

430 3186 523 3243 est
580 3202 775 3243 causa.
866 3182 1122 3258 Scripsit
1177 3183 1279 3243 ille
1330 3185 1456 3244 sine
1510 3183 1715 3244 dubio:
1773 3177 2113 3259 ὖπείκομεν.
2201 3184 2405 3244 Liceat
2460 3182 2604 3242 mihi
2658 3183 2765 3240 hac

431 3267 635 3328 oblata
680 3269 1125 3345 opportunitate
1182 3270 1581 3328 coniecturam
1634 3270 1898 3345 proferre
1956 3268 2029 3327 de
2071 3270 2203 3330 loco
2261 3267 2572 3345 Sophoclis
2615 3267 2764 3326 mul·

435 3355 564 3412 tum
613 3354 863 3430 iactato,
910 3355 1011 3430 qui
1055 3355 1281 3432 legitur
1323 3356 1385 3414 in
1430 3355 1739 3432 Antigona
1780 3375 1836 3415 v.
1870 3357 1994 3417 350
2014 3375 2104 3431 sq.

1006 3505 1089 3516 —
1178 3505 1253 3516 —
1346 3469 1703 3550 λασιαύχενά
1747 3467 1818 3531 θ’

737 3554 925 3617 ιππον
965 3547 1092 3629 αξε
1109 3578 1226 3615 ται
1266 3551 1612 3635 αμφίλοφον
1656 3555 1857 3636 ζυγόν.

329 3689 395 3737 33
436 3677 778 3738 Brunckius
821 3676 995 3736 metri
1040 3695 1218 3736 causa
1261 3667 1566 3747 ὖπαξεται
1610 3679 1867 3754 scripsit.
1942 3679 2060 3739 Sed
2113 3679 2253 3738 ferri
2296 3696 2419 3737 non
2462 3696 2633 3753 posse
2677 3676 2765 3734 su-

435 3770 666 3839 turum,
712 3763 1127 3830 Hermannus,
1171 3762 1507 3822 Wunderus
1537 3765 1598 3821 et
1626 3763 1728 3822 alii
1758 3767 2143 3838 monuerunt,
2189 3783 2545 3839 quamquam
2573 3761 2769 3822 novis·

438 3850 585 3909 sime
615 3849 797 3907 etiam
829 3847 1182 3906 Kuehnerus
1223 3846 1285 3905 in
1317 3846 1583 3906 Gramm.
1617 3847 1720 3908 Gr.
1752 3848 1792 3924 ἓ
1823 3850 1965 3924 446,
2000 3851 2036 3906 2
2073 3847 2293 3924 [locum
2325 3848 2614 3923 inspicere
2642 3865 2766 3905 non

434 3932 631 4012 licuit]
665 3933 894 4008 optime
924 3932 1074 3990 illud
1119 3931 1337 3991 habere
1366 3951 1485 3991 non
1515 3933 1951 3993 demonstravit
1979 3934 2237 4010 quidem,
2282 3932 2387 3992 sed
2416 3935 2614 3990 tamen
2646 3950 2765 3989 cre-

436 4019 608 4078 didit.
682 4017 977 4093 Equidem
1025 4017 1373 4092 Sophoclem
1420 4019 1729 4095 scripsisse
1773 4022 1952 4095 puto:

738 4168 821 4178 —-
914 4169 982 4179 -——
1083 4168 1157 4177 --
1247 4130 1607 4213 λασιαύχενά
1648 4131 1716 4195 θ’

737 4217 925 4278 ἵππον
968 4214 1284 4293 ὖπάξατ’
1333 4217 1402 4293 ἐς
1446 4216 1792 4299 ἄμφίλοφον
1836 4214 2033 4300 ζυγόν.

433 4340 888 4401 Restituendum
937 4360 1062 4400 esse
1107 4342 1421 4417 aoristum,
1468 4360 1500 4400 e
1545 4341 1714 4402 codd.
1755 4342 2016 4417 August.
2062 4346 2124 4400 et
2151 4339 2344 4399 Vatic.
2391 4343 2657 4416 apparet,
2703 4340 2766 4399 in

437 4426 653 4502 quibus
696 4419 852 4495 αξετ’
901 4426 1140 4502 legitur.
