3132 5129
1302 388 1763 450 —101—

1588 577 1661 585 —-
1711 537 1840 602 ἀλλ’
1889 541 1996 622 ὅγε
2040 548 2279 604 θᾶσσον

625 626 878 704 ὄτρυνον
920 624 1246 702 πόλεμόνδε
1292 626 1793 707 καρηκομόωντας
1835 624 2140 706 Ἀχαιούς,

624 708 768 790 ὄφρ’
817 709 897 771 ἔτι
945 734 1045 771 και
1098 711 1321 789 Τρώων
1363 712 1722 791 πειρήσομαι
1765 709 1964 783 ἀντίος
2010 710 2243 789 ἐλθών,

620 796 694 855 αἴ
730 793 786 856 κ’
836 792 1086 856 ε’θέλωσ’
1136 794 1231 858 ἐπι
1277 795 1494 874 νηυσὶν
1538 796 1753 858 ἰαύειν.
1841 792 1989 856 ἄλλα
2035 793 2172 856 τιν’
2223 796 2356 857 οἴω

620 878 1010 954 ἀσπασίως
1055 877 1258 942 αὐτων
1287 882 1484 986 *γόνυ
1528 881 1894 959 κάμψειν,
1940 904 2004 954 ος
2051 902 2126 941 κε
2170 881 2462 965 φύγῃσι

622 966 839 1044 δηίου
886 963 962 1026 ἐκ
1007 964 1370 1046 πολέμοιο
1414 962 1527 1026 ὑπ’
1579 966 1773 1046 ἔγχεος
1817 962 2140 1046 ἡμετέροιο.

367 1086 660 1145 Ultimum
717 1087 1151 1146 hemistichium
1209 1107 1342 1146 cum
1398 1088 1563 1146 nullo
1620 1088 1796 1146 modo
1850 1087 2200 1163 quadraret,
2258 1107 2364 1164 pro
2421 1107 2488 1148 eo
2533 1088 2697 1147 aliud

241 1181 250 1190 '
365 1171 678 1230 substituit
721 1192 790 1230 ex
840 1173 894 1227 Δ
924 1172 1045 1231 409

623 1283 863 1348 ἐλθόντ’
913 1286 988 1348 ἐκ
1032 1285 1399 1366 πολέμοιο
1442 1286 1564 1347 καὶ
1611 1289 1836 1366 αἰνῆς
1885 1287 2290 1366 δηιοτῆτος.

542 1426 641 1499 Ea,
689 1427 907 1501 quibus
952 1426 1227 1485 Nestoris
1274 1427 1606 1486 orationem
1652 1425 2015 1500 introduxit,
2063 1446 2132 1485 ex
2175 1426 2309 1485 aliis
2353 1426 2501 1486 locis
2546 1445 2699 1485 com-

363 1511 604 1584 pilavit:
652 1513 739 1569 ita
776 1513 896 1570 120
926 1530 1014 1585 sq.
1052 1544 1125 1553 -
1158 1503 1468 1586 παρειπών
1497 1537 1579 1559 =
1609 1512 1659 1567 Z
1691 1513 1764 1570 61
1802 1530 1910 1586 sq.,
1945 1511 2044 1569 ubi
2076 1530 2185 1586 pro
2216 1529 2304 1585 ee,
2337 1511 2493 1586 quod
2518 1511 2699 1589 vulgo

363 1602 520 1654 recte
579 1596 890 1669 scribitur,
949 1592 1225 1671 ἔτρεψεν,
1284 1597 1463 1654 etiam
1520 1600 1726 1654 noster
1781 1591 2137 1671 παρέπεισεν
2192 1596 2407 1671 legisse
2463 1594 2700 1654 videtur

360 1698 551 1755 nuper
605 1700 641 1738 a.
698 1678 970 1739 Bekkero
1025 1700 1095 1738 ex
1139 1680 1372 1739 Veneto
1431 1683 1764 1756 receptum,
1823 1681 1938 1738 nisi
1996 1699 2132 1754 sue,
2179 1700 2355 1755 quem
2401 1680 2695 1752 novimuS,

358 1782 519 1823 more
585 1764 696 1823 hoc
753 1785 821 1822 ex
887 1765 1180 1824 consimili
1247 1765 1374 1823 loco
1431 1765 1502 1822 N
1539 1765 1660 1823 788
1723 1765 2055 1826 substituit.
2147 1764 2299 1823 Tum
2365 1757 2698 1841 γηθόσυνοι

362 1842 727 1924 θεράποντες
771 1851 918 1909 satis
963 1850 1300 1924 importune
1345 1870 1415 1908 ex
1459 1847 1496 1906 δ
1530 1850 1669 1908 784.
1717 1870 1760 1906 π
1791 1851 1934 1908 326.
1987 1850 2110 1908 360
2154 1849 2308 1908 illati
2356 1853 2524 1908 sunt:
2573 1850 2701 1908 sine

363 1933 719 1994 famulorum
755 1953 870 2010 ope
901 1936 1105 1992 heroes
1135 1954 1302 1993 arma
1332 1939 1391 1993 et
1427 1934 1677 1992 induere
1722 1938 1785 1993 et
1828 1953 2037 1992 exuere
2084 1935 2307 2008 solent;
2353 1952 2460 1992 nec
2487 1952 2699 1992 exuen-

361 2019 452 2078 dis
506 2021 692 2078 armis
745 2020 1007 2078 clausula
1064 2020 1343 2078 convenit
1397 2011 1512 2075 ἀπ’
1583 2010 1760 2093 ὤμων
1816 2010 2012 2094 τεύχε’
2069 2013 2267 2075 ἕλοντο
2332 2015 2569 2077 tantum
2628 2017 2701 2076 de

361 2103 745 2163 detrahendis
790 2105 1013 2163 usitata
1049 2104 1114 2161 Π
1140 2104 1280 2161 782.
1329 2105 1471 2162 846.
1538 2104 1757 2160 Τ412.
1846 2103 2156 2162 Postremo
2204 2122 2372 2162 suum
2420 2096 2700 2159 ἀνίστατο

363 2182 459 2243 καὶ
517 2184 821 2263 μετέειπεν
866 2209 935 2247 ex
981 2191 1054 2246 94
1104 2189 1342 2263 repetit.

529 2273 728 2349 Ipsam
778 2292 916 2332 vero
962 2274 1290 2332 orationem
1338 2291 1459 2331 non
1506 2273 1657 2331 male
1701 2291 1810 2347 pro
1856 2291 1962 2333 suo
2007 2272 2249 2347 quidem
2295 2272 2537 2347 ingenio
2581 2271 2698 2330 ela-

368 2358 620 2430 boravit,
669 2376 818 2433 quae
863 2358 1007 2417 alibi
1053 2358 1299 2433 legisset
1343 2357 1617 2416 sollerter
1659 2376 1777 2416 non
1825 2358 2017 2416 solum
2066 2357 2328 2415 inferens
2372 2355 2472 2414 sed
2519 2357 2699 2414 etiam

364 2442 754 2517 amplificans,
848 2444 933 2501 Ac
979 2444 1238 2517 primum
1295 2441 1531 2517 quidem
1594 2442 2035 2500 celeberrimam
2094 2441 2258 2499 illam
2313 2443 2452 2498 ante
2497 2440 2699 2499 oculos

365 2527 574 2586 hahuit
595 2529 944 2601 orationem,
971 2548 1088 2604 qua
1112 2527 1320 2604 Pylius
1346 2546 1524 2585 senex
1546 2527 1812 2587 rixantes
1836 2546 2003 2603 reges
2034 2526 2305 2601 increpat
2328 2526 2388 2582 A
2408 2525 2534 2583 254
2549 2543 2696 2600 sqq.,

367 2613 520 2670 unde
565 2632 686 2672 non
729 2614 923 2672 solum
971 2614 1228 2687 primum
1275 2631 1510 2670 versum

614 2725 666 2788 ὦ
706 2728 924 2805 πόποι,
969 2720 1007 2807 ἦ
1052 2726 1199 2807 μέγα
1244 2725 1470 2799 πένθος
1513 2724 1777 2805 Ἀχαιίδα
1822 2733 2003 2807 γαῖαν
2046 2723 2271 2804 ἱκάνει,

363 2870 558 2924 totum
607 2869 1009 2943 transcripsit,
1074 2868 1173 2925 sed
1220 2867 1433 2940 etiam,
1480 2885 1630 2940 quae
1676 2884 1809 2923 eum
1855 2866 2156 2940 sequitur,
2214 2866 2696 2941 provocationem

363 2951 423 3008 in
467 2953 835 3010 contrarium
881 2953 1177 3011 convertit
1220 2970 1250 3009 e
1297 2971 1402 3009 sua
1446 2951 1684 3025 quidem
1731 2969 1811 3024 rc,
1859 2950 1961 3009 sed
2007 2951 2091 3008 ita
2135 2953 2354 3023 tamen,
2402 2952 2472 3006 ut
2516 2950 2698 3007 mirae

364 3034 623 3096 fictionis
681 3038 906 3095 crimen
961 3038 1058 3094 vix
1117 3037 1411 3111 effugerit.
1502 3034 1656 3093 Nam
1714 3053 1845 3092 cum
1906 3035 2055 3093 nihil
2101 3033 2398 3093 efficacius
2444 3035 2697 3110 cogitari

359 3121 549 3194 possit
601 3120 677 3179 ad
736 3121 1086 3197 pungendos
1147 3121 1611 3196 Agamemnonis
1665 3123 1843 3194 atque
1893 3119 2140 3178 Achillis
2195 3120 2454 3192 animos,
2517 3138 2693 3194 quam

360 3205 507 3263 illud
557 3208 730 3281 quasi
773 3208 902 3281 ipsa
944 3210 1160 3264 natura
1203 3206 1292 3265 ori
1339 3204 1596 3263 inditum

612 3314 654 3400 ἦ
697 3344 803 3382 κεν
845 3322 1111 3401 γηθήσαι
1159 3320 1430 3421 Πρίαμος
1477 3317 1778 3396 Πριάμοιό
1822 3341 1879 3379 τε
1925 3318 2137 3391 παιδες
2157 3316 2238 3400 ¹),

613 3407 669 3467 ει’
711 3415 911 3484 σφῶιν
953 3405 1090 3467 ταδε
1135 3401 1328 3465 πάντα
1373 3406 1675 3465 πυθοίατο
1717 3401 2169 3482 μαρναμένοιιν,

362 3543 801 3603 dubitationem
856 3546 1056 3620 potius
1107 3549 1171 3604 et
1226 3545 1607 3602 mirationem
1664 3545 1901 3601 moveat
1954 3559 2190 3601 necesse
2236 3544 2330 3600 est
2370 3540 2693 3599 imitatoris

360 3629 724 3731 antiphrasis

610 3704 650 3789 ἦ
695 3732 761 3770 κε
802 3707 937 3790 μέγ’
985 3709 1244 3788 οἰμώξειε
1289 3708 1480 3791 γέρων
1521 3707 1824 3785 ἱππηλάτα
1876 3707 2142 3785 Πηλεύς,

361 3850 526 3924 quasi
582 3849 679 3908 hic
737 3849 993 3907 eundem
1051 3849 1207 3907 inter
1264 3847 1518 3908 Graecos
1578 3847 1750 3921 regni
1815 3844 2066 3921 gradum
2136 3843 2468 3904 obtinuerit
2517 3850 2695 3919 atque

358 3932 629 3992 Priamus
685 3934 845 3991 inter
906 3933 1220 4014 Troianos
1305 3932 1512 4006 Neque
1569 3932 1847 4005 antiquos
1891 3931 2213 3988 eustaticos
2256 3930 2368 3988 hoc
2414 3929 2695 3988 fefellisse

357 4038 423 4076 ex
485 4018 727 4077 scholiis
779 4020 1060 4094 apparet,
1119 4018 1333 4092 quibus
1389 4017 1569 4075 etiam
1624 4016 1802 4073 aliam
1858 4015 2104 4088 insuper
2146 4014 2563 4073 difficultatem
2618 4013 2694 4072 ab

498 4222 548 4277 1)
587 4214 694 4279 Qui
733 4214 880 4268 hunc
915 4214 1169 4283 sequitur
1201 4230 1391 4267 versus

798 4295 965 4353 ἄλλοι
1001 4318 1062 4354 τε
1105 4301 1297 4369 Τρῶες
1334 4300 1480 4367 μέγα
1517 4317 1618 4352 κεν
1656 4297 2001 4365 κεχαροίατο
2036 4295 2208 4365 θυμῷ

355 4383 747 4462 gravissimam
804 4383 1142 4438 sententiam
1187 4385 1304 4437 tam
1351 4383 1551 4437 misere
1598 4382 1813 4447 elevat,
1876 4381 1940 4433 ut
1981 4396 2088 4448 ego
2135 4380 2390 4449 quidem,
2437 4381 2574 4451 quin
2620 4381 2692 4436 ab

353 4453 548 4521 inepto
586 4451 992 4520 interpolatore
1029 4451 1255 4506 additus
1292 4452 1382 4518 sit,
1421 4450 1561 4505 nihil
1596 4449 1868 4505 dubitem.

2736 3345 2796 3392 17
