3132 5129
1429 384 1883 447 ...442-

391 552 451 599 21
493 543 787 618 posterior
838 560 976 618 pars
1027 542 1300 601 adhaesit
1352 541 1464 601 hoc
1507 542 1713 601 modo·
1785 536 1889 598 καὶ
1945 536 1978 599 5
2036 538 2308 619 ἑωρακὼς
2359 535 2826 618 μεμαρτύρηκεν,

495 622 620 685 καὶ
670 622 1100 704 οἴδαμεν,”
1065 647 1178 684 οτι
1220 619 1511 703 ἀληθής
1572 622 1775 685 ἐστιν
1827 619 1866 703 ἡ
1924 624 2297 704 μαρτυρία
2351 620 2602 685 αυτοῦ.
2680 627 2828 687 Vice

496 731 668 772 versa
711 712 835 771 illic
877 713 1019 772 haec
1075 714 1312 771 tantum
1358 712 1538 773 verba
1583 712 1881 788 agnoscit:
1940 702 2114 782 οὗτός
2171 708 2330 770 ἐστιν
2376 703 2408 769 5
2460 710 2738 789 μαθητὴς
2794 703 2828 769 ὁ

493 803 815 875 μαρτυρῶν
857 794 988 874 περὶ
1030 793 1258 855 τούτων
1300 794 1401 855 καὶ
1443 789 1475 854 5
1519 795 1761 873 γράψας
1808 801 2013 855 ταῦτα.

663 882 789 957 XX,
836 884 876 940 4
922 884 972 943 si
1018 883 1324 959 vulgarem
1369 882 1830 958 praepositionis
1885 901 2058 941 usum
2116 881 2382 942 servavit
2435 882 2823 959 evangelista,

496 967 568 1025 de
617 986 735 1043 qua
778 986 840 1026 re
884 968 1144 1027 iudicare
1188 986 1449 1043 nequeo,
1509 967 1764 1027 scribere
1807 985 1930 1026 non
1975 968 2175 1043 potuit
2216 956 2410 1042 ἦλθεν
2437 972 2671 1043 πρωτος
2715 964 2784 1025 εἰ
2797 988 2828 1037 ς

496 1048 572 1109 τὸ
613 1055 1003 1128 μνημεῖον.
1077 1051 1359 1111 Ioannem
1403 1052 1562 1111 enim
1606 1069 1728 1110 non
1773 1053 2105 1111 intrasse
2135 1052 2470 1127 sepulcrum
2515 1053 2828 1127 sequentia

494 1136 865 1212 apertissime
943 1136 1234 1197 indicant:
1310 1134 1432 1196 καὶ
1507 1133 1974 1212 παρακύψας
2042 1131 2246 1213 βλέπει
2303 1139 2414 1196 ete.
2512 1137 2830 1196 Consentit

494 1221 776 1297 NonnuS,
834 1223 937 1282 sed
984 1223 1096 1298 ita,
1156 1224 1224 1280 ut
1279 1222 1690 1299 importunum
1733 1225 1912 1297 atque
1966 1221 2179 1281 inutile
2233 1221 2527 1299 glossema
2584 1240 2827 1296 prorsus

493 1308 745 1366 omittat·
776 1327 833 1367 v.
881 1308 991 1367 20:

745 1421 846 1483 καὶ
889 1421 1203 1501 φθάμενος
1246 1421 1497 1499 Σίμωνα
1538 1416 1875 1502 ποδήνεμος
1920 1415 2078 1501 ἦλθε
2120 1421 2419 1502 μαθητής.

661 1546 787 1620 ΧΧ,
840 1547 915 1604 19
960 1545 1068 1604 hoc
1112 1545 1289 1604 modo
1333 1545 1484 1621 legit
1529 1544 1812 1605 Nonnus.
1882 1538 2089 1619 Ουσης
2134 1532 2245 1601 οὖν
2287 1536 2471 1617 ὀψίας
2517 1549 2604 1648 τῇ
2629 1536 2827 1625 ἡμέρα

493 1625 688 1709 ἐκείνη
744 1626 843 1687 καὶ
887 1634 1007 1687 τῶν
1059 1632 1277 1702 θυρῶν
1331 1625 1785 1705 κεκλεισμένων,
1839 1647 1997 1687 οπου
2053 1624 2508 1706 συνηγμένοι
2563 1618 2719 1706 ἦσαν
2772 1628 2835 1687 οἵ

490 1711 794 1789 μαθηταί,
838 1693 1028 1790 ἦλθεν
1070 1705 1101 1769 5
1149 1706 1379 1788 Ἰησοῦς
1424 1717 1536 1774 etc.
1611 1714 1811 1790 Vulgo
1866 1717 2002 1789 post
2045 1709 2240 1794 ἐκείνῃ
2294 1713 2536 1772 additur
2589 1720 2659 1794 τῇ
2712 1712 2828 1794 μιᾷ

493 1795 811 1876 σαββάτων
867 1799 1017 1857 male
1075 1800 1393 1873 repetitum
1450 1818 1517 1857 ex
1570 1800 1637 1874 13
1695 1804 1824 1857 tum
1880 1773 2271 1875 συνηγμένοι,
2329 1798 2487 1875 quod
2541 1799 2826 1858 Nonnum

493 1884 770 1943 habuisse
816 1903 871 1942 v.
920 1884 1000 1941 86
1047 1886 1345 1941 monstrat

749 1982 978 2060 ὁππόθι
1021 1996 1384 2076 φωλεύοντες
1430 1996 1803 2070 ἔναυλίζοντο
1830 2000 2132 2079 μαθηταί,

495 2120 637 2179 olim
682 2123 987 2194 receptum
1032 2139 1222 2195 nuper
1277 2139 1347 2179 ex
1404 2121 1767 2216 optimorum
1827 2120 2116 2179 librorum
2170 2122 2529 2180 auctoritate
2587 2122 2827 2179 damna·

495 2209 711 2264 verunt
754 2205 941 2280 LTB3
988 2208 1288 2280 postremo
1345 2195 1445 2262 δια
1490 2194 1594 2263 τὸν
1648 2198 1840 2281 φόβον
1883 2213 2005 2263 ταῖν
2043 2199 2384 2280 Ἰουδαίων,
2435 2206 2592 2281 quod
2639 2207 2827 2281 vulgo

495 2294 633 2366 post
676 2287 949 2365 μαθηταί
986 2290 1254 2365 additur,
1308 2309 1428 2349 non
1484 2292 1581 2349 hic
1637 2289 1887 2349 Nonnus
1930 2290 2033 2349 sed
2079 2291 2236 2350 infra
2280 2294 2360 2350 26
2413 2293 2552 2366 post
2605 2289 2666 2347 οι
2716 2312 2825 2366 μα-

494 2372 679 2451 θηταὶ
722 2368 907 2433 αὐτοῦ
950 2374 1187 2450 habuit,
1245 2375 1350 2433 ubi
1393 2395 1448 2435 v.
1498 2378 1618 2434 116
1663 2376 1752 2434 ita
1792 2376 2130 2435 transtulit:

745 2487 999 2572 φρικτὸν
1037 2486 1344 2551 Ἰουδαίων
1385 2488 1832 2570 πεφυλαγμένοι
1887 2488 2070 2572 ὄγκον
2112 2487 2375 2571 ἀπειλῆς.

490 2615 581 2672 Ne
627 2633 764 2674 vero
810 2615 884 2673 de
940 2613 1378 2689 transponendo
1424 2632 1601 2673 versu
1644 2633 1715 2673 ex
1760 2612 1863 2673 illo
1909 2614 1971 2673 in
2015 2619 2290 2698 nostriqn
2335 2615 2531 2673 locum
2577 2613 2824 2691 cogiteS,

490 2699 670 2757 etiam
715 2699 973 2757 Thomae
1020 2697 1421 2757 denominatio
1473 2686 1506 2755 ὁ
1562 2694 1881 2776 λεγόμενος
1929 2696 2193 2773 Δίδυμος
2246 2700 2309 2757 in
2363 2699 2565 2757 Nonni
2625 2698 2827 2758 codice

490 2803 611 2842 non
657 2783 737 2840 24
783 2783 926 2857 fuit,
974 2781 1076 2841 ubi
1122 2785 1319 2843 tamen
1360 2784 1617 2858 primum
1649 2783 1990 2844 incredulus
2022 2787 2416 2859 memoratur,
2464 2785 2566 2844 sed
2611 2783 2825 2842 itidem

496 2869 606 2942 26,
654 2869 814 2926 unde
860 2887 915 2926 v.
968 2868 1086 2925 118

744 2979 816 3043 ὃν
862 2982 1134 3061 Δίδυμον
1176 2981 1500 3044 καλέσαντο
1542 2983 1871 3062 διώνυμον·
1928 2978 2221 3064 ἆπροϊδὴς
2266 2981 2332 3044 δὲ

489 3105 782 3164 removeri
828 3105 1008 3163 nullis
1055 3105 1341 3164 machinis
1385 3109 1607 3179 potest.

656 3189 838 3249 Pauci
882 3191 1113 3249 restant
1158 3189 1301 3264 loci,
1350 3190 1411 3247 in
1454 3190 1674 3264 quibus
1720 3189 2024 3250 Nonnicus
2069 3189 2365 3266 evangelii
2411 3189 2591 3249 codex
2638 3190 2821 3247 alium

488 3275 916 3334 sententiarum
987 3273 1282 3347 ordinem,
1349 3293 1527 3350 quam
1593 3276 1829 3350 qualem
1895 3276 2071 3334 hodie
2136 3274 2455 3350 habemus,
2524 3274 2822 3350 praebuit.

487 3360 718 3420 Horum
765 3378 977 3434 agmen
1023 3359 1188 3418 ducit
1232 3358 1333 3433 XI,
1382 3360 1491 3434 30,
1547 3361 1652 3434 qui
1706 3379 1911 3419 versus
1971 3360 2454 3435 circumscriptus
2515 3379 2550 3417 a
2606 3358 2823 3418 Nonno

488 3466 545 3506 v,
599 3445 929 3504 106--108
974 3445 1036 3502 in
1093 3444 1198 3502 illo
1259 3444 1459 3502 codice
1513 3445 1669 3502 inter
1713 3446 1788 3502 31
1840 3449 1901 3503 et
1944 3447 2024 3504 32
2082 3463 2247 3503 suam
2304 3444 2501 3503 sedem
2558 3443 2821 3503 tenebat.

488 3529 633 3589 Vice
677 3548 849 3589 versa
893 3530 1050 3588 enim
1095 3528 1413 3603 quominus
1444 3547 1578 3587 cum
1623 3528 1909 3588 Nausio
1954 3529 2062 3588 hos
2094 3548 2300 3589 versus
2333 3529 2656 3588 inferamus
2686 3534 2825 3603 post

486 3635 541 3674 v.
587 3616 664 3673 97
712 3632 917 3672 eorum
965 3612 1243 3688 prohibet
1286 3631 1416 3672 cum
1463 3614 1851 3689 sequentibus
1897 3615 2322 3690 discrepantia.

576 3740 672 3788 106
743 3726 915 3789 οὔπω
960 3725 1020 3788 δ’
1070 3719 1408 3822 εὐρυάλωος
1451 3727 1606 3803 αναξ
1652 3726 1979 3807 ἐπεβήσατο
2023 3752 2258 3809 κωμης,

739 3806 888 3874 ἄλλα
931 3812 1128 3909 μένων
1168 3803 1475 3886 ατίνακτος
1523 3812 1607 3873 ἔτι
1650 3812 1846 3895 ζαθέω
1891 3811 2049 3893 παρὰ
2094 3837 2264 3899 χωρω

740 3891 857 3976 εἶχε
900 3890 1083 3970 ποδὸς
1128 3890 1341 3958 στατὸν
1386 3899 1575 3977 ιχνος,
1621 3919 1703 3958 οπ
1786 3897 1976 3978 πάρος
2021 3898 2230 3977 ἤντετο
2277 3895 2518 4002 Μάρθῃ
2563 3895 2761 3980 (sicl).

598 3995 666 4042 98
738 3981 894 4043 Λαοὶ
940 3980 1017 4066 (α
1028 3983 1260 4066 mom)
1307 3979 1367 4043 δ’
1418 3983 1635 4055 οιτινες
1677 4001 1831 4063 ησαν
1874 3981 1985 4044 ἔσω
2015 3990 2281 4064 κινυροῐο
2322 3982 2650 4062 μελαθρου,

741 4068 846 4127 καί
884 4091 1007 4144 μιν
1052 4065 1475 4147 ἔλαφρίζεσκον
1518 4063 1888 4153 ἆκεσσιπόνῳ
1933 4068 2049 4130 τινὶ
2091 4067 2269 4153 μύθω
2315 4104 2429 4146 -·‚

490 4191 593 4264 qui
640 4207 845 4248 versus
891 4190 938 4247 si
987 4189 1265 4264 deinceps
1310 4190 1625 4266 leguntur,
1674 4195 1844 4266 patet
1874 4208 2198 4266 pronomen
2230 4210 2355 4264 μιν
2399 4190 2473 4248 ad
2506 4189 2821 4263 Martham,
2895 4248 2917 4268 ‚

487 4292 609 4332 non
653 4273 726 4331 ad
773 4274 1023 4333 Mariam
1066 4275 1275 4333 referri
1320 4275 1554 4336 debere.

662 4357 848 4418 Paulo
895 4360 1198 4419 difficilior
1242 4379 1336 4420 res
1380 4363 1471 4420 est
1499 4361 1571 4436 X,
1609 4362 1686 4445 12
1719 4381 1842 4437 sq.,
1889 4379 2039 4437 quos
2082 4378 2289 4420 versus
2336 4360 2427 4419 his
2473 4361 2651 4434 poeta
2695 4377 2824 4434 per·

488 4447 721 4502 secutus
752 4448 857 4516 <est
900 4466 954 4503 v.
1004 4446 1287 4504 41—48:
