3132 5129
1381 334 1797 397 -94-

416 491 664 550 heroum
709 492 987 566 propriiS,
1034 510 1183 566 quae
1226 492 1290 549 in
1334 492 1516 550 variis
1547 491 1912 566 diversisque
1940 491 2389 551 narrationibus
2416 494 2752 551 necessario

417 578 522 634 aut
565 574 802 636 eaedem
843 579 951 634 aut
994 575 1330 634 simillimae
1374 581 1717 652 recurrunt,
1780 579 1846 634 ut
1885 577 2156 652 profecto
2200 577 2402 652 pusilli
2447 580 2603 636 esset
2661 579 2752 636 in·

416 661 578 737 genii
637 679 771 719 suas
829 679 983 719 vano
1039 679 1307 719 exercere
1364 663 1521 720 vires
1577 664 1794 720 conatu
1855 660 2091 720 illarum
2137 681 2335 720 rerum
2378 663 2754 721 immutatam

418 747 837 819 repetitionem
892 746 1055 804 inani
1112 746 1428 804 verborum
1485 745 2018 822 descriptionisque
2074 746 2417 806 discrimine
2462 746 2751 806 variandi.

419 828 642 888 Contra
671 830 772 889 ubi
805 830 1072 890 videmus
1103 832 1227 889 sine
1274 831 1397 889 ullo
1443 830 1783 891 discrimine
1828 833 2069 889 omnia
2115 830 2310 890 verbis
2355 831 2754 892 locutionibus

416 914 689 973 versibus
741 915 887 974 alibi
931 934 1167 991 quoque
1211 915 1403 975 obviis
1447 916 1729 992 describi,
1790 935 1859 974 ea
1905 935 2070 991 vero,
2132 936 2283 992 quae
2326 919 2568 993 propria
2611 918 2751 991 sint,

417 1001 536 1059 fere
582 1001 909 1076 singularia
953 1004 1014 1060 et
1056 1001 1232 1059 unica
1277 1019 1437 1075 esse;
1495 1001 1597 1059 ubi
1643 1000 2027 1060 observamus
2073 1020 2225 1077 quae
2271 1020 2388 1060 uno
2434 1003 2564 1061 loco
2606 1005 2751 1076 apte

418 1083 691 1143 dicantur
742 1087 933 1144 altero
995 1086 1200 1161 inepte
1257 1085 1406 1160 dici,
1473 1089 1580 1144 aut
1635 1086 1796 1161 quod
1855 1086 2140 1162 singulari
2197 1086 2434 1145 cuidam
2488 1086 2748 1161 tempori

417 1170 590 1229 unice
632 1171 1144 1229 accommodatum
1191 1170 1308 1228 fuit
1360 1171 1555 1229 alieno
1613 1170 1759 1229 alibi
1815 1172 2070 1245 tempori
2125 1170 2414 1246 adscribi,
2470 1172 2553 1231 ibi
2610 1190 2754 1230 vero

419 1272 529 1313 nos
551 1272 672 1313 non
702 1256 765 1313 in
795 1258 1008 1330 poetae
1029 1273 1164 1313 vere
1188 1252 1491 1314 Homerici
1521 1255 1773 1314 artificio
1792 1301 1806 1330 ,
1867 1257 1967 1313 sed
1998 1259 2106 1314 aut
2136 1257 2197 1314 in
2222 1255 2500 1330 rhapsodi
2547 1255 2751 1314 servili

418 1339 749 1399 imitatione
793 1344 899 1399 aut
941 1341 1124 1398 etiam
1169 1341 1230 1397 in
1277 1338 1610 1399 consutoris
1655 1341 1996 1399 oentenaria
2036 1341 2498 1415 interpolatione
2530 1341 2753 1400 versari

416 1425 806 1499 apertissimis
861 1425 1251 1484 admonemur
1307 1424 1564 1484 indiciis.
1653 1424 1882 1483 Iudicio
1940 1443 2079 1484 sane
2136 1443 2285 1499 opus
2329 1443 2457 1484 esse
2502 1425 2751 1484 subacto

414 1513 594 1584 atque
635 1514 913 1568 accurata
956 1510 1221 1568 locorum
1268 1510 1426 1567 inter
1468 1528 1529 1568 se
1559 1510 2091 1585 comparandorum
2121 1511 2459 1585 cognitione
2489 1511 2754 1569 libenter

415 1593 723 1668 confiteor,
769 1614 847 1653 ne
878 1597 1006 1655 vice
1033 1612 1204 1654 versa
1247 1595 1485 1668 poetam
1513 1613 1623 1670 pro
1667 1596 1959 1671 plagiario
2004 1595 2361 1670 plagiarium
2406 1614 2516 1670 pro
2559 1598 2745 1671 poeta

414 1677 754 1753 habeamus,
800 1679 861 1737 id
906 1679 1061 1755 quod
1093 1680 1155 1737 in
1197 1679 1329 1754 ipso
1374 1679 1501 1754 hoc,
1533 1679 1622 1737 ,de
1661 1698 1778 1755 quo
1809 1681 2064 1756 agimuS,
2111 1680 2369 1738 carmine
2401 1681 2746 1755 nuperrimo

415 1764 541 1822 eius
587 1765 814 1823 censori
857 1763 1142 1823 accidisse
1186 1763 1344 1821 infra
1387 1763 1741 1824 videbimus.
1830 1765 1919 1824 De
1961 1766 2169 1823 nostro
2216 1782 2354 1822 vero
2411 1764 2541 1822 loco
2595 1764 2744 1840 quid

415 1849 532 1906 iam
579 1848 958 1908 statuendum
1003 1850 1098 1923 sit,
1144 1867 1216 1907 ex
1248 1848 1543 1907 furtorum
1574 1848 1768 1908 indice
1797 1849 1894 1908 bic
1921 1851 2197 1924 apposito
2230 1849 2471 1924 nemini,
2518 1851 2753 1924 opinor,

423 1951 544 1992 non
589 1935 916 1993 certissime
960 1933 1221 2009 patebit:

592 2020 667 2076 17
701 2038 792 2094 sq.
826 2044 908 2065 =
939 2018 996 2073 E
1027 2021 1145 2077 711
1179 2038 1270 2094 sq

593 2105 668 2161 19
701 2129 784 2150 =
820 2104 874 2158 Δ
906 2104 984 2160 74
1015 2098 1108 2181 (Ω.
1140 2097 1310 2182 121).

589 2188 671 2246 20
728 2208 799 2247 ex
853 2186 934 2256 εἰς
977 2184 1169 2244 Ἴλιον
1222 2179 1379 2262 ἱρήν,
1441 2187 1598 2263 quod
1653 2188 1886 2262 saepius
1943 2189 2006 2247 in
2062 2188 2327 2248 clausula
2383 2189 2633 2265 legitur,
2690 2191 2758 2246 et

418 2271 660 2346 talibus,
726 2275 795 2330 ut
861 2273 917 2328 Γ
960 2274 1033 2331 13
1101 2265 1367 2349 ωρνυτ’
1436 2265 1647 2347 ἆελλής
1711 2277 1773 2330 et
1837 2273 2051 2330 Τ422
2118 2266 2226 2331 ἄλλ
2289 2266 2540 2342 ἀντίος
2600 2261 2753 2349 ἦλθ’

407 2347 655 2433 Ἀχιλῆι,
702 2357 992 2416 conflatus
1037 2360 1146 2416 est.

588 2443 662 2499 21
699 2468 781 2490 =
817 2443 871 2497 Δ
902 2444 1025 2503 508
1059 2440 1136 2519 -†-
1171 2442 1402 2499 11121.

587 2527 685 2586 22.
733 2524 821 2587 Of.
853 2545 898 2583 π
930 2528 1049 2586 333
1096 2523 1174 2584 τὼ
1220 2520 1286 2585 δὲ
1331 2515 1735 2603 συναντήτην;
1780 2530 1909 2586 tum
1955 2532 2131 2609 φηγῷ
2162 2546 2232 2587 ex
2264 2529 2312 2584 Z
2349 2528 2468 2585 237
2503 2526 2753 2603 aliisque

417 2611 562 2670 locis
612 2612 1001 2687 deprompsit.

588 2698 668 2754 23
699 2722 781 2743 =
813 2696 870 2751 Ε
900 2698 1020 2754 276
1059 2690 1262 2774 (alibi)
1294 2694 1371 2773 -†-
1410 2696 1467 2750 T
1493 2696 1611 2754 103
1643 2690 1745 2773 (cf.
1780 2697 1837 2753 E
1871 2693 2040 2778 105).

583 2780 679 2837 24.
728 2778 818 2839 Cf.
864 2781 941 2837 M
970 2781 1091 2837 244
1137 2777 1298 2837 τίπτε
1343 2774 1451 2853 σύ,
1507 2797 1554 2842 .-
1517 2775 1709 2839 ’“’298
1763 2788 1850 2886 πῇ
1905 2785 2164 2858 μεμαυῖα
2221 2774 2349 2839 κατ’
2414 2775 2757 2858 Οὐλύμπου

421 2854 548 2920 τόδ’
594 2860 844 2940 ἱκάνεις,
891 2865 948 2920 Ε
977 2866 1098 2924 348
1148 2860 1295 2935 Διὸς
1339 2860 1604 2943 θύγατερ
1649 2860 1810 2924 et'*
1754 2882 1802 2929 t!-
1838 2869 1955 2926 194
2002 2862 2114 2948 (=
2146 2865 2298 2947 243)
2347 2864 2612 2945 θύγατερ
2653 2887 2756 2943 με·

418 2943 617 3025 γάλοιο
662 2942 935 3026 Κρόνοιο.

590 3035 668 3092 25
714 3030 804 3112 (et
847 3029 977 3113 35).
1023 3026 1129 3090 ἀπ’
1180 3025 1522 3110 Οὐλύμποιο
1568 3035 1633 3091 Π
1660 3036 1740 3095 93
1771 3039 1834 3095 et
1863 3037 1985 3096 vid.
2018 3037 2093 3096 ad
2126 3039 2226 3096 29.
2304 3036 2459 3095 Tum
2502 3037 2745 3095 omnino

419 3116 495 3175 cf.
528 3116 586 3172 Φ
618 3120 740 3177 394
771 3138 879 3194 sq„
927 3119 1029 3178 ubi
1075 3120 1237 3179 Mars
1283 3119 1615 3178 Minervam
1660 3121 1931 3196 increpat

671 3228 862 3295 τίπτ’
907 3227 1063 3295 αὖτ’
1078 3279 1097 3313 ,
1143 3229 1191 3297 ὦ
1235 3235 1611 3313 κυνάμυια,
1656 3236 1841 3308 θεοὺς
1887 3235 2035 3317 ἔριδι
2080 3237 2501 3313 ξυνελαύνεις,

669 3318 896 3423 θάρσος
939 3318 1127 3398 ἄητον
1168 3318 1403 3399 ἔχουσα,
1446 3318 1663 3400 μέγας
1707 3319 1787 3381 δέ
1830 3338 1907 3382 σε
1952 3321 2199 3400 θυμὸς
2242 3320 2555 3402 ἆνῆκεν;

671 3396 714 3487 ᾗ
756 3400 829 3464 οὐ
871 3403 1095 3488 μέμνῃ,
1146 3440 1218 3450 -

417 3543 597 3626 quem
653 3525 847 3584 locum
900 3547 936 3585 a
988 3529 1195 3586 nostro
1251 3545 1418 3586 suam
1475 3526 1537 3584 in
1593 3526 1881 3587 rationem
1927 3528 2229 3588 detortum
2275 3547 2402 3587 esse
2450 3529 2548 3587 vel
2594 3528 2748 3586 illud

417 3598 581 3667 αυτ’
638 3632 684 3668 ω
740 3631 1087 3687 κυναμυια
1149 3611 1324 3670 docet
1387 3630 1509 3669 non
1564 3611 1693 3670 sine
1748 3612 2176 3672 allitteratione
2232 3614 2295 3672 in
2352 3607 2413 3669 ‹5’
2476 3603 2568 3669 αὖ
2624 3632 2754 3688 με·

420 3698 647 3768 μαυῖα
691 3696 1026 3755 mutatum!
1105 3695 1201 3753 Ad
1244 3696 1553 3772 sequentia
1585 3695 1665 3754 26
1696 3700 1757 3755 et
1786 3700 1863 3756 27
1898 3699 2076 3757 simul
2107 3697 2383 3756 adhibuit
2414 3699 2472 3753 A
2504 3698 2624 3756 202
2654 3718 2746 3771 sq.

677 3808 861 3873 τίπτ’
909 3804 1077 3873 αυτ’
1091 3807 1437 3890 ,αἰγιόχοιο
1484 3810 1669 3884 Διὸς
1715 3811 1913 3890 τέκος,
1958 3808 2341 3892 εἰλήλουθας;

672 3890 713 3978 ἦ
758 3921 882 3958 ινα
927 3895 1108 3978 υβριν
1150 3897 1288 3979 ἴδῃς
1334 3931 1447 3973 -,

420 4024 482 4079 et
533 4019 583 4076 P
620 4021 741 4079 627

679 4135 866 4214 Ζεύς,
911 4132 1007 4197 ’ὅτε
1051 4133 1134 4215 δὴ
1186 4128 1443 4215 Τρώεσσι
1487 4134 1706 4194 δίδου
1753 4132 2151 4216 ἑτεραλκέα
2198 4136 2429 4215 νίκην

421 4258 804 4316 coniunctum
850 4276 983 4317 cum
1030 4258 1095 4314 11
1124 4258 1245 4317 362

673 4382 713 4470 ἦ
755 4387 868 4469 μὲν
910 4390 996 4469 δὴ
1039 4391 1327 4471 γίγνωσκε
1372 4386 1604 4471 μάχης
1649 4386 2051 4468 ἑτεραλκέα
2096 4390 2347 4468 νίκην.
