3132 5129
1354 373 1805 437 „100-

412 532 702 606 intulerit,
751 531 853 590 sed
902 531 1097 590 verbis
1142 549 1282 589 usus
1326 530 1673 590 Patrocleae
1724 532 1790 588 Π
1814 533 1932 589 787

668 641 828 706 ἔνθ’
873 670 988 725 αρα
1037 668 1173 724 τοι,
1222 646 1562 728 Πάτροκλε,
1610 644 1811 725 φάνη
1855 642 2149 727 βιότοιο
2194 647 2517 727 τελευτη.

413 769 566 827 Tum
595 764 876 846 ’Έκτορος
922 764 988 826 ἐν
1030 762 1373 848 παλάμῃσιν
1415 768 1596 827 habes
1643 767 1707 824 ,Ω
1756 770 1876 827 738
1922 773 1985 827 et
2028 769 2249 833 similia
2303 771 2558 845 passim,
2620 765 2749 828 ἐπεὶ

413 849 563 911 πολὺ
622 849 900 928 φέρτερος
954 842 1066 928 ἦεν
1111 854 1159 908 Ζ
1207 855 1327 912 158
1374 856 1435 912 et
1492 854 1707 912 leviter
1749 854 2043 912 variatum
2091 855 2147 909 A
2179 857 2278 912 56.
2327 853 2379 911 Ο
2414 843 2748 913 165.181.

416 939 479 994 Χ
506 941 604 998 40.
693 937 774 995 Et
817 937 891 996 ad
937 958 993 996 v.
1034 939 1150 996 106
1197 956 1424 996 memor
1467 938 1584 995 luit
1628 959 1674 1012 φ
1707 939 1831 997 300
1876 933 2047 995 ἕλκον
2089 931 2443 1010 ἀναΐξαντες
2474 943 2535 998 et
2571 941 2640 996 Ψ
2665 942 2749 999 36

415 1021 519 1102 (cf.
566 1022 630 1079 Ω.
677 1017 830 1100 404)
876 1021 960 1092 εἰς
1000 1016 1405 1098 Ἀγαμέμνονα
1459 1020 1594 1080 δῖον
1647 1019 1801 1100 o'c'yov
1844 1022 2125 1099 βασιλῆες
2166 1016 2439 1099 Ἀχαιῶν.
2515 1024 2590 1082 V.
2630 1025 2747 1083 107

413 1126 593 1184 quam
654 1126 830 1182 saepe
886 1107 1152 1182 legatur,
1210 1108 1506 1166 neminem
1568 1108 1744 1183 fugit.
1834 1107 1961 1165 Nec
2017 1108 2212 1167 minus
2256 1112 2400 1168 nota
2445 1110 2750 1184 sequentis

413 1211 621 1252 versus
667 1192 958 1265 clausula,
1006 1193 1171 1250 cuius
1216 1191 1389 1250 initio
1434 1192 1794 1251 novissimus
1839 1192 2035 1251 editor
2078 1212 2149 1251 ex
2194 1188 2254 1259 Ξ
2279 1196 2397 1252 137
2445 1190 2752 1271 δεξιτερὴν

413 1273 505 1335 ἕλε
550 1280 715 1354 χεῖρα
760 1295 893 1334 cum
938 1276 1211 1334 Bentleio
1257 1276 1534 1337 restituit.

586 1360 886 1421 Orationis
930 1361 1561 1437 Agamemnoniae
1607 1360 1846 1420 initium
1894 1361 2235 1421 universum
2280 1363 2535 1421 colorem
2567 1364 2753 1422 traxit

413 1466 482 1505 ex
547 1447 604 1502 Y
639 1447 761 1505 332
805 1465 966 1521 sqq.,
1019 1445 1122 1503 ubi
1181 1446 1496 1521 Neptunus
1561 1446 1839 1504 similiter
1893 1447 2130 1506 Aeneae
2195 1448 2596 1506 temeritatem
2654 1449 2749 1506 his

416 1533 578 1590 incre
622 1533 717 1589 at.

580 1550 619 1606 p
667 1613 918 1689 Αἰνεία,
964 1613 1051 1684 τίς
1095 1606 1153 1670 σ’
1206 1604 1324 1673 (ὅδε
1370 1616 1539 1673 θεῶν
1582 1609 1904 1673 ἀτέοντα
1950 1613 2175 1674 κελεύει

670 1691 844 1757 ἆντία
892 1699 1237 1771 Πηλεΐωνος
1281 1693 1662 1776 ὑπερθύμοιο
1702 1698 2115 1777 μάχεσθαι,

667 1773 731 1853 ὃς
776 1790 903 1842 σεῦ
946 1804 1073 1860 αμα
1115 1782 1484 1862 κρείσσων
1525 1779 1626 1841 καὶ
1673 1783 1942 1862 φίλτερος
1986 1779 2418 1851 ἆθανατοισινς

666 1860 823 1926 ἀλλ’
870 1861 1280 1946 α’ναχωρῆσαι,
1330 1903 1427 1930 -.

415 1988 531 2047 Sed
587 1991 648 2046 in
706 1988 959 2064 singulis
1018 1987 1213 2047 verbis
1269 1988 1513 2048 liberius
1572 1992 1837 2048 versatus
1893 1992 2015 2063 est,
2076 2009 2433 2065 quamquam
2490 2009 2596 2048 nec
2654 1990 2751 2049 hic

414 2074 669 2132 aliorum
736 2072 998 2131 locorum
1067 2072 1397 2132 recordatio
1463 2073 1661 2146 deest,
1732 2077 1801 2131 ut
1855 2074 1916 2131 in
1970 2067 2113 2131 οὕὸέ
2158 2073 2219 2130 τί
2256 2087 2320 2131 σε
2366 2070 2476 2150 χρή
2519 2095 2557 2130 α
2609 2076 2748 2148 124,

417 2157 492 2216 cf.
526 2177 559 2232 χ
605 2158 746 2231 377,
793 2157 854 2215 in
900 2149 1017 2214 ἀνα
1064 2151 1124 2214 δ’
1175 2153 1338 2233 ἴσχεο
1382 2152 1709 2232 κηδόμενός
1752 2176 1862 2233 περ
1908 2157 1971 2212 Χ
1996 2158 2119 2216 416
2167 2154 2381 2234 σχέσθε
2428 2155 2757 2235 κηδόμενοί

411 2261 525 2319 περ
569 2246 651 2316 et,
697 2241 856 2317 quod
904 2241 1082 2299 simul
1123 2241 1199 2300 ad
1245 2244 1589 2317 sequentem
1635 2260 1870 2301 versum
1913 2244 2193 2318 pertinet,
2242 2244 2292 2299 B
2322 2244 2442 2301 247

669 2356 905 2435 ισχεο,
953 2353 1121 2435 μηδ’
1171 2353 1364 2418 ἔθελ’
1412 2350 1534 2429 οἶος
1580 2354 1996 2436 ἐριζέμεναι
2039 2358 2422 2437 βασιλεῦσιν,

412 2483 475 2538 in
521 2475 580 2551 ἐξ
626 2474 816 2556 ἔριδος
860 2475 897 2534 ὃ
944 2478 1097 2552 343,
1155 2479 1259 2537 ubi
1315 2497 1382 2536 ea
1436 2477 1659 2537 locutio
1718 2480 1937 2537 rectius
1993 2480 2255 2554 ponitur.
2343 2480 2468 2539 Nec
2526 2480 2749 2540 oblitus

413 2568 541 2623 erat
585 2562 637 2620 Ο
673 2564 785 2622 181
836 2595 918 2604 -
961 2558 1091 2621 ἐπει
1149 2558 1275 2621 σέο
1329 2557 1478 2639 φησι
1536 2559 1641 2643 βίῃ
1699 2556 1848 2622 πολὺ
1905 2559 2258 2642 φέρτερος
2318 2555 2471 2623 εἶναι
2515 2569 2576 2625 et
2629 2567 2747 2624 183

414 2640 549 2705 ἶσόν
593 2647 654 2706 οἵ
690 2642 951 2722 φάσθαι,
999 2643 1123 2704 τόν
1167 2668 1236 2705 τε
1282 2642 1688 2725 στυγέουσι
1732 2669 1852 2705 και
1897 2644 2125 2707 α’λλοι.

581 2732 652 2790 Ιιι
698 2732 801 2805 iis,
847 2750 998 2806 quae
1041 2736 1169 2790 tum
1215 2731 1287 2791 de
1332 2733 1590 2790 Hectore
1636 2732 1783 2792 dicit
1823 2735 1921 2793 vel
1966 2734 2186 2793 Achilli
2235 2735 2613 2795 formidinem
2657 2736 2749 2794 in-

414 2817 703 2890 cutiente,
762 2835 831 2873 ex
889 2834 996 2875 suo
1054 2816 1294 2891 quidem
1351 2817 1600 2876 consilio
1655 2816 1810 2875 haud
1868 2818 2102 2878 inficete
2160 2819 2336 2877 huius
2394 2820 2750 2879 contradicit

412 2901 727 2977 praeconio
764 2900 800 2955 Ι
830 2901 950 2958 352
984 2919 1112 2975 sqq.
1190 2900 1262 2959 In
1290 2901 1492 2961 verbis
1525 2919 1664 2959 vero
1703 2903 2011 2962 coniunxit
2053 2923 2286 2979 μαχης
2331 2910 2748 2980 καυστειρῆς

412 2978 905 3062 ἀντιβολῆσαι
967 2989 1018 3040 Δ
1061 2985 1298 3043 342—
1215 3012 1298 3033 =
1331 2987 1408 3043 M
1450 2986 1572 3044 316
1630 3005 1762 3044 cum
1827 3008 2024 3066 μαχῃ
2107 2983 2218 3045 ἔνι
2294 2985 2749 3067 κυδιανείρῃ

416 3071 465 3126 Ζ
502 3072 732 3128 124-
651 3096 734 3117 =
766 3068 830 3125 ,Ω
863 3071 1004 3145 391,
1035 3089 1156 3127 ιιοιι
1188 3071 1334 3130 satis
1366 3071 1636 3144 feliciter,
1669 3073 1950 3146 quoniam
1982 3072 2055 3129 de
2088 3072 2376 3165 singulari
2407 3074 2746 3149 certamine,

418 3173 541 3214 non
587 3154 659 3212 de
706 3156 860 3213 iusto
904 3156 1129 3230 proelio
1173 3155 1400 3231 agitur3
1448 3158 1576 3213 tum
1626 3147 1661 3211 ὅ
1690 3175 1798 3233 περ
1829 3152 1928 3213 σέο
1957 3146 2174 3214 πολλὸν
2200 3149 2464 3232 αμείνων
2492 3159 2555 3217 in
2600 3159 2748 3217 cele-

414 3239 671 3298 berrima
718 3238 966 3298 Achillis
1009 3238 1084 3297 ad
1117 3238 1454 3315 Lycaonem
1485 3240 1713 3337 leg-itur
1741 3242 2009 3300 oratione
2040 3239 2098 3295 Φ
2133 3244 2271 3316 107,
2321 3262 2499 3318 quam
2529 3244 2749 3302 scimus

418 3326 648 3382 mature
707 3327 830 3381 tam
885 3324 1006 3383 alte
1062 3325 1121 3381 in
1170 3323 1440 3383 Schilleri
1496 3326 1763 3383 animum
1810 3326 2207 3402 descendisse,
2266 3330 2334 3385 ut
2378 3332 2439 3385 et
2483 3327 2747 3387 fervidus

415 3408 759 3467 adolescens
805 3409 976 3466 illum
1025 3409 1216 3484 ipsum
1264 3411 1394 3468 eius
1440 3410 1635 3468 locum
1682 3412 2036 3485 expresserit
2078 3410 2200 3470 his:

1018 3525 1230 3595 υΑιιοΙι
1271 3527 1583 3587 Patroklus
1624 3531 1699 3587 ist
1735 3530 2035 3603 yestorben
2048 3574 2065 3597 ,

1200 3612 1339 3672 Uml
1378 3631 1506 3672 war
1546 3614 1709 3672 mehr
1750 3615 1839 3672 als
1881 3614 2037 3673 ἄτιμ’

317 3760 379 3809 16
413 3751 476 3806 et
519 3748 815 3821 perfectus
860 3750 1034 3821 poeta
1078 3749 1266 3805 totam
1313 3766 1547 3808 scenam
1596 3747 1893 3807 Iohannae
1937 3768 2077 3807 suae
2121 3767 2252 3807 cum
2286 3750 2745 3827 Montigomerio

414 3849 740 3907 congressu
784 3832 1054 3890 imitatus
1098 3832 1195 3890 sit.

582 3915 795 3974 Ultimi
840 3935 981 3975 vero
1028 3920 1150 3975 tres
1193 3934 1401 3975 versus
1447 3916 1540 3977 vel
1587 3921 1794 3977 nostro
1839 3918 2131 3993 rhapsodo
2178 3918 2412 3994 indigni
2442 3920 2741 3994 videntur,

415 4000 518 4076 qui
561 4001 786 4059 nullam
832 4000 1100 4077 profecto
1146 4020 1380 4059 causam
1429 4001 1693 4076 haberet,
1739 4007 1809 4060 ut
1850 4004 2174 4078 praemisso
2204 4005 2495 4063 inusitato
2537 3998 2744 4080 ἀδειής

413 4084 785 4160 adnecteret,
854 4105 1006 4161 quae
1071 4104 1261 4161 neque
1330 4104 1461 4145 cum
1529 4088 1633 4145 illo
1692 4087 1978 4147 vocabulo
2045 4106 2240 4163 neque
2305 4091 2548 4147 omnino
2609 4107 2744 4147 cum

413 4169 669 4227 Hectore
712 4171 1013 4246 singulare
1059 4175 1358 4230 certamen
1403 4171 1627 4231 inituro
1657 4173 1973 4248 quicquam
2011 4172 2233 4231 habent
2266 4191 2592 4247 commune,
2639 4173 2745 4232 sed

413 4254 781 4328 ineptissime
827 4255 1188 4330 transcripta
1231 4259 1372 4315 sunt
1416 4275 1486 4314 ex
1533 4258 1588 4312 T
1612 4257 1688 4314 72
1722 4274 1869 4331 sqq.,
1916 4256 2021 4315 ubi
2061 4258 2368 4332 aptissime
2399 4258 2743 4317 bellicosam

413 4338 697 4438 qlaudunt
764 4342 1089 4399 orationem
1156 4340 1433 4414 Achillis,
1511 4360 1684 4415 quem
1760 4345 1823 4398 et
1894 4341 2088 4414 ipsum
2162 4343 2317 4400 infra
2381 4343 2494 4399 T2
2551 4339 2743 4418 μάχης
2816 4333 2825 4347 ’

413 4417 450 4479 ἆ
467 4444 503 4480 κ
521 4417 551 4479 ὁ
565 4444 598 4500 ρ
611 4446 649 4499 η
664 4443 764 4480 τον
806 4425 1171 4499 appellatum
1216 4426 1512 4484 videmus:
