3132 5129
1381 374 1839 437 —348-—-

439 531 692 590 addatur
736 528 856 597 καί,
904 531 1156 590 fortasse
1203 531 1292 590 ita
1332 530 1678 590 scribendus
1725 534 1848 589 est:

690 642 840 706 ἄλλα
886 644 1006 706 καὶ
1051 644 1235 726 αὐτῆς
1279 640 1437 723 αἶψα
1482 644 1583 705 καὶ
1626 641 1835 708 ὀστέου
1880 645 2054 707 ἔνδον
2099 646 2329 724 ἵκανεν,

439 773 509 827 ut
552 766 802 844 uterque
846 769 1159 845 genetivus
1204 773 1380 843 aptus
1425 768 1507 827 sit
1549 787 1622 827 ex
1667 764 1856 826 ἔνδον.

615 869 689 929 V
741 872 980 999 1-{0-8—(1
997 987 1080 998 —
1123 954 1184 1014 οἳ
1229 946 1286 1010 δ’
1338 952 1422 1013 ἔτι
1441 952 1648 1058 θυμῷ

745 1034 961 1117 δήιον
1005 1035 1376 1120 εἰσορόωντες
1420 1032 1764 1115 ἀπειρέσιον
1809 1035 2177 1119 τρομέεσκον.

438 1159 623 1216 Plane
668 1161 923 1219 otiosum
968 1161 1025 1218 h.
1070 1161 1112 1219 l.
1159 1166 1251 1219 est
1293 1149 1543 1233 δήιον,
1591 1179 1699 1231 pro
1744 1178 1861 1235 quo
1907 1179 2021 1219 vox
2067 1161 2409 1235 requiritur,
2456 1179 2610 1234 quae
2633 1179 2773 1234 pro-

435 1248 691 1302 stratum
744 1246 918 1302 etiam
978 1250 1039 1304 et
1090 1251 1385 1305 mort-imm
1430 1244 1723 1303 Achillem
1768 1244 2043 1304 Troianis
2088 1246 2269 1304 fuisse
2316 1245 2647 1303 terribilem
2692 1247 2775 1303 in-

439 1329 612 1387 dicet.
703 1327 955 1405 Scripsit
1011 1330 1140 1405 ille,
1200 1330 1316 1389 nisi
1373 1330 1578 1388 fallor:
1635 1324 2042 1406 βλημένου,
2099 1330 2160 1387 id
2218 1330 2374 1406 quod
2420 1329 2775 1388 confirmant

438 1415 774 1489 sequentia,
835 1414 1048 1489 quibus
1097 1416 1354 1486 Quintus
1400 1434 1507 1474 suo
1554 1433 1718 1473 more
1763 1434 1887 1473 rem
1933 1414 2281 1490 simpliciter
2326 1414 2575 1474 relatam
2625 1435 2777 1474 com·

437 1499 745 1572 paratione
790 1499 1086 1557 illustrat:

701 1610 781 1685 ὥς
828 1611 886 1674 δ’
933 1636 1032 1674 ote
1077 1613 1244 1694 θῆρα
1291 1613 1591 1691 δαφοινὸν
1633 1609 1740 1676 ὑπ’
1789 1615 2070 1715 αἰζηοῖσι
2087 1613 2412 1694 δαμέντα

692 1700 847 1779 μῆλα
891 1698 1276 1777 περιτρομέου
1280 1718 1362 1778 σι,
1409 1699 1542 1799 περὶ
1588 1697 1860 1780 σταθμὸν
1900 1695 2259 1777 ἆθρήσαντα

689 1787 728 1863 β
743 1781 918 1863 λημ
932 1806 1078 1852 νον
1126 1779 1269 1845 οὐδέ
1313 1787 1375 1847 οἱ
1410 1808 1547 1864 αγχι
1592 1785 2030 1867 παρελθέμεναι
2077 1782 2401 1865 μεμάασιν,

689 1867 837 1930 ἀλλὰ
882 1868 1008 1930 καὶ
1054 1861 1131 1942 ὦς
1175 1868 1402 1943 ζώοντα
1449 1870 1671 1932 νέκυν
1714 1873 2239 1977 περιπεφρίκασιν·

690 1948 768 2026 ὣς
819 1959 1015 2035 Τρῶες
1059 1953 1350 2032 φοβέοντο
1393 1955 1515 2016 καὶ
1565 1949 1805 2018 ουκέτ’
1855 1954 2039 2018 ἐόντ’
2082 1953 2349 2037 Ἀχιλῆα.

440 2076 626 2135 Veisu
675 2078 795 2137 184
840 2077 1052 2153 scripsi
1097 2065 1242 2135 ἄλλα
1289 2077 1440 2149 καί,
1487 2097 1595 2155 pro
1641 2098 1728 2153 00,
1774 2080 1935 2155 quod
1981 2082 2042 2139 et
2088 2080 2220 2139 Ald.
2252 2084 2314 2139 et
2346 2080 2575 2139 Monac.
2609 2099 2702 2154 pr
2685 2100 2776 2137 ie

437 2163 579 2220 berit
621 2154 801 2220 ἄλλά
836 2158 908 2260 ,⁸⁹⁹
952 2162 1120 2221 hiatu
1166 2164 1323 2239 apud
1357 2165 1427 2236 Q.
1474 2182 1598 2222 ιιοιι
1641 2163 1859 2223 admiSs
1842 2184 1916 2240 ο,
1964 2165 2085 2241 qui,
2135 2165 2186 2223 si
2230 2184 2558 2242 pronomen
2603 2184 2773 2241 prae-

438 2247 690 2322 tulisset,
739 2247 977 2323 scripsis
952 2250 1073 2306 sset
1100 2268 1245 2320 μιν.
1312 2249 1463 2306 Τιιιιι
1495 2240 1739 2306 οὐκέτ’
1775 2250 2137 2309 coniunctim
2170 2270 2241 2309 ex
2273 2250 2502 2310 MonaC.
2539 2249 2775 2325 scripsi.

439 2332 525 2389 Ex
561 2324 776 2391 eodem
821 2333 975 2392 libro
1022 2333 1179 2391 infra
1225 2352 1278 2391 v.
1315 2334 1433 2392 261
1485 2333 1862 2392 scribendum
1910 2339 2033 2393 est·

747 2484 819 2492 —-
877 2485 945 2493 —
996 2472 1077 2511 ου
1130 2441 1187 2509 σ’
1238 2442 1326 2509 ἔτ’
1376 2448 1598 2529 ἔγωγε

741 2530 895 2608 ζωὰν
937 2526 1055 2596 ἀπὸ
1099 2532 1406 2615 πτολέμοιο
1449 2530 1788 2615 μεθήσομαι
1835 2526 2221 2599 ἀπονέεσθαι.

606 2656 696 2714 De
740 2656 920 2716 Aiace
967 2657 1125 2733 quod
1170 2658 1395 2734 legitur
1440 2677 1491 2717 v.
1530 2658 1652 2717 295

738 2763 1067 2850 ἀχνύμενος
1111 2770 1198 2848 δὴ
1248 2772 1379 2833 αἰὲν
1420 2768 1704 2849 ἅνεψιοῖο
1748 2772 2064 2852 δαμέντος,

435 2895 494 2949 et
537 2894 726 2952 metro
773 2896 833 2952 et
876 2912 1050 2954 sensu
1095 2894 1378 2953 vitiosum
1409 2901 1520 2954 est.
1600 2897 1824 2954 Monac.
1858 2897 2104 2970 praebet
2149 2893 2315 2973 δὴν,
2359 2898 2518 2972 quod
2563 2916 2772 2973 quam·

434 2996 612 3050 quam
668 2997 775 3036 nec
830 2978 1025 3054 ipsum
1083 2978 1319 3038 admitti
1373 2985 1601 3056 potest,
1670 2981 1910 3040 videtur
1974 2986 2174 3040 tamen
2241 2986 2574 3042 monstrare
2629 2982 2776 3058 quid
2887 3039 2904 3056 ,

435 3062 740 3137 εοιίρεειίΐ,
783 3069 977 3139 poeta.
1065 3064 1136 3122 Id
1183 3083 1292 3140 ego
1334 3068 1479 3139 puto
1524 3066 1705 3125 fuisse
1749 3058 2085 3141 αχνύμειος
2134 3065 2270 3141 κῆρ
2316 3063 2466 3128 αι’έν.

604 3147 763 3206 Leve
818 3150 1053 3223 quidem
1100 3154 1218 3224 est,
1278 3149 1380 3207 sed
1426 3155 1623 3209 tamen
1668 3155 2001 3210 memoratu
2048 3152 2296 3228 dignum
2341 3154 2528 3228 quod,
2594 3173 2775 3228 quam

438 3231 529 3288 Tu
554 3231 803 3290 formam
835 3227 1180 3290 ναιετάασκε
1201 3235 1419 3310 ubique
1447 3236 1881 3294 restituendam
1912 3237 2242 3296 monuisti
2229 3258 2288 3296 m
2320 3239 2518 3297 Mane.
2545 3260 2603 3314 p.
2630 3240 2774 3312 215,

436 3335 505 3373 ca
548 3337 603 3374 v.
639 3317 758 3376 304
821 3318 884 3375 in
930 3318 1153 3376 Monac.
1202 3319 1442 3394 legitur.
1533 3320 1623 3377 Ex
1679 3321 1885 3379 eodem
1944 3321 2098 3380 libro
2144 3322 2512 3397 'lychsenius
2558 3344 2613 3383 v.
2650 3324 2774 3382 349

436 3405 595 3458 lecte
640 3408 863 3478 κῆρας
911 3400 1108 3460 ἴαλλεν
1152 3403 1391 3478 scripsit
1435 3424 1541 3478 pro
1587 3409 1868 3481 χεῖρας,
1915 3407 2018 3466 sed
2065 3407 2319 3466 debebat
2362 3408 2541 3466 etiam
2585 3427 2658 3466 ex
2700 3427 2772 3466 eo

436 3485 774 3545 emendare.
822 3484 898 3545 οῖ’
934 3480 994 3565 ῤ’
1043 3483 1146 3544 ἔτι
1194 3484 1531 3565 δηριόωντο.
1608 3490 1887 3566 Ineptum
1933 3491 2089 3550 enim
2137 3492 2313 3551 esth.
2346 3493 2385 3550 1.
2418 3489 2500 3549 οἴ
2532 3486 2588 3550 τ’
2639 3488 2675 3550 ἕ
2685 3513 2770 3555 τι

605 3571 755 3629 Τιιιιι
801 3573 957 3648 quod
1006 3593 1063 3632 v.
1095 3574 1218 3633 409
1244 3592 1332 3649 sq.
1379 3574 1451 3633 de
1494 3573 1739 3634 Achivis
1783 3576 2035 3652 legitur.

689 3692 900 3749 κλαῖον
944 3685 1001 3746 δ’
1051 3681 1207 3750 αὖτ’
1261 3690 1401 3769 (sic)
1447 3684 1733 3750 ἀλίαστον
1779 3687 1873 3752 ε’πι
1917 3692 2264 3770 ψαμάθοισι
2307 3693 2589 3771 βαθείαις

686 3773 938 3848 πρηνέες
983 3768 1289 3852 ἐκχύμενοι
1330 3771 1559 3858 μεγάλῳ
1603 3797 1799 3852 παρα
1849 3780 2180 3856 Πηλείωνι,

435 3897 495 3953 id
540 3914 894 3970 quamquam
941 3896 1177 3955 defendi
1220 3900 1434 3972 potest,
1487 3898 1675 3956 multo
1722 3902 1919 3957 tamen
1966 3899 2400 3974 significantius
2445 3901 2770 3959 substitua-

434 3981 935 4124 ιριΒῙὲιέιειΞοὲἑῑίο
981 3980 1177 4059 περί,
1235 4001 1368 4041 cum
1414 3985 1672 4056 undiquc
1715 3985 1933 4043 circum
1977 3982 2259 4042 Achillem
2301 3977 2469 4043 effusi
2515 3986 2774 4060 iaceant3

434 4085 506 4123 c.
674 4109 686 4123 .
780 4080 793 4092 ·
863 4111 876 4124 .

600 4165 676 4225 V.
723 4167 848 4227 510
877 4187 965 4243 sq.

833 4285 913 4308 .—
964 4285 1047 4295 —
1091 4272 1287 4326 παντη
1333 4248 1397 4310 δὲ
1443 4250 1935 4330 προσαγνυμένης
1979 4245 2125 4324 αλός
2169 4252 2283 4314 αιέι

837 4328 1010 4393 ἇκται
1057 4332 1224 4412 ὅμως
1269 4336 1557 4415 ῥηγμῖσιν
1600 4332 2016 4412 απειρέσιαι
2062 4339 2309 4415 βοόωσι.

436 4434 803 4512 Quamquam
877 4456 998 4497 non
1072 4439 1312 4515 dubito,
1360 4441 1505 4515 quin
1580 4460 1687 4514 per
1760 4459 1820 4499 se
1896 4432 2076 4498 ακταί
2127 4449 2283 4502 recte
2350 4444 2467 4501 dici
2537 4445 2769 4519 possint
