3132 5129
1316 421 1735 483 ..31-

351 579 781 655 opposuerunt,
828 577 1092 636 divinare
1139 596 1444 653 possemus
1487 598 1517 635 e
1550 577 1772 636 criticis
1816 596 2018 637 eorum
2064 576 2415 647 rationibus,
2466 578 2699 635 etiamsi

350 682 481 723 non
539 663 758 722 diserte
826 667 1024 734 essent
1094 662 1331 722 tradita.
1439 663 1659 721 Faceta
1721 666 1815 722 est
1876 661 2213 721 observatio
2283 662 2478 723 Schol.
2553 662 2693 720 BL:

354 755 537 807 τοῦτο
600 745 893 825 χαρίζεται
955 738 1148 828 αὐτῷ,
1216 743 1341 804 ἐπεὶ
1396 743 1480 825 μὴ
1540 741 1914 823 εὐδοκιμήσει
1971 743 2037 804 ἐν
2095 749 2223 816 ταῖς
2266 740 2501 822 μάχαις,
2550 766 2700 821 quae

352 834 518 891 baud
562 834 682 892 scio
728 852 804 891 an
843 832 917 890 ad
947 832 1143 907 ipsum
1178 832 1545 891 Zenodotum
1592 833 1674 890 sit
1717 832 2044 905 referenda,
2091 851 2208 907 qua
2247 832 2477 891 ratione
2522 832 2700 890 inter·

355 919 602 994 polator
658 936 801 976 usus
858 918 964 989 sit,
1024 918 1357 976 accuratius
1413 916 1793 976 indicantem.
1885 916 2058 977 Certe
2102 917 2294 992 prima
2337 917 2700 975 laudationis

352 1023 503 1061 suae
560 1004 732 1061 initia
786 1002 961 1061 homo
1017 1003 1251 1061 Atticus
1304 1003 1366 1060 in
1422 1003 1551 1076 ipsa
1610 1002 1796 1060 Iliade
1854 1002 2286 1076 deprehendere
2345 1002 2464 1060 sibi
2511 1001 2700 1059 videri

352 1091 628 1163 poterat:
678 1089 743 1145 A
774 1088 895 1145 3⁶27
918 1106 1073 1162 sqq„
1121 1088 1223 1145 ubi
1270 1087 1648 1146 Menestheus
1722 1106 1851 1144 cum
1925 1086 2388 1145 Atheniensibus
2445 1086 2567 1145 suis
2625 1086 2699 1143 ab

354 1174 810 1249 Agamemnone
899 1172 1226 1244 lustratur,
1313 1173 1446 1231 coll.
1523 1190 1656 1229 cum
1732 1174 1852 1229 294
1911 1190 2067 1246 sqq.,
2140 1171 2244 1229 ubi
2317 1190 2412 1229 ars
2486 1172 2700 1230 tactica

354 1257 634 1316 Nestoris
690 1257 997 1326 laudatur,
1068 1277 1244 1332 quam
1303 1257 1479 1315 etiam
1542 1257 1591 1312 Β
1639 1258 1993 1315 362—368
2053 1256 2196 1315 satis
2267 1256 2468 1330 inepte
2541 1257 2695 1314 intu-

352 1342 591 1423 lerunt·
658 1362 714 1400 v.
772 1343 894 1399 555
952 1360 1090 1400 vero
1146 1342 1657 1401 ratiocinationem
1714 1359 1880 1399 suam
1926 1359 1996 1399 ex
2064 1342 2133 1397 Ψ
2184 1340 2517 1399 789-79‘2
2565 1358 2697 1397 con·

353 1427 639 1485 traxerit:
1123 1449 1129 1457 ·

619 1525 779 1632 ‘¹3³9
823 1524 935 1601 μὲν
976 1523 1088 1605 γὰρ
1134 1520 1282 1602 έμεῑ
1330 1521 1527 1604 ὀλίγον
1571 1523 2150 1604 προγενέστερός
2208 1521 2408 1583 ἐστιν
2423 1568 2442 1602 ,

619 1603 790 1683 οὗτος
836 1609 902 1670 δὲ
946 1608 1231 1690 προτέρης
1274 1621 1482 1690 γενεῆς
1527 1610 1825 1689 προτέρων
1870 1605 1926 1670 τ’
1972 1607 2336 1689 ἀνθρώπων.

618 1692 987 1775 ωμογέροντα
1033 1694 1098 1756 δέ
1135 1695 1240 1773 μίν
1284 1692 1434 1768 φασ’
1483 1693 1753 1774 ἔμμεναι·
1802 1691 2089 1775 ἀργαλέον
2136 1693 2197 1753 δὲ

616 1779 830 1840 ποσσιν
875 1779 1387 1861 ἐριδήσασθαι
1427 1776 1721 1859 Ἀχαιοῖς,
1767 1779 1820 1841 εἰ
1858 1779 1939 1859 μὴ
1983 1777 2246 1857 Ἀχιλλεῖ.

356 1919 515 1976 Tum
566 1939 620 1976 v.
670 1920 794 1978 550
815 1938 903 1994 sq.
951 1921 1067 1978 iam
1111 1919 1464 1978 Eustathius
1521 1918 1840 1977 adnotavit
1884 1919 2050 1976 innui
2096 1918 2282 1976 videri
2327 1916 2700 1975 Panathe-

355 2022 570 2077 naea,
628 2005 788 2078 quod
833 2005 884 2062 si
928 2024 1135 2063 verum
1181 2007 1301 2075 est,
1361 2008 1428 2062 ut
1485 2008 1578 2063 est
1621 2003 1977 2075 verisimile,
2025 2003 2205 2061 etiam
2249 2002 2356 2061 hae
2400 2003 2700 2060 mentione

357 2088 434 2145 ad
496 2087 798 2147 Pisistrati
858 2091 1125 2164 tempora
1186 2107 1554 2147 revocamur.
1644 2088 1853 2164 Neque
1911 2089 2068 2147 enim
2125 2106 2363 2158 vereor,
2428 2105 2504 2145 ne
2567 2087 2700 2160 quis

361 2172 659 2231 Theseum
722 2175 827 2230 aut
880 2173 1338 2232 Erichthonium
1397 2177 1467 2232 ut
1521 2174 1646 2233 eius
1704 2174 1842 2232 sesti
1901 2177 2202 2231 auctorem
2259 2172 2434 2231 nobis
2479 2172 2558 2229 sit
2602 2189 2702 2245 op-

363 2258 692 2331 positurus.
768 2258 950 2317 Recte
987 2259 1228 2318 omnino
1259 2260 1377 2317 iam
1409 2259 1481 2317 de
1524 2259 1617 2317 his
1649 2257 2110 2334 Payne-Knight
2154 2256 2455 2327 iudicavit,
2501 2275 2701 2330 quam-

364 2362 543 2417 quam
610 2348 670 2400 et
738 2343 987 2401 calidius
1053 2344 1232 2403 etiam
1287 2363 1344 2403 v.
1396 2345 1515 2401 547
1565 2363 1652 2418 sq.
1716 2343 2024 2401 damnavit
2092 2345 2152 2400 et
2208 2341 2702 2399 inconsideratius

366 2426 624 2486 Graecos
657 2426 884 2486 Troicis
916 2429 1285 2503 temporibus
1314 2429 1537 2502 templa
1566 2428 1842 2486 habuisse
1885 2427 2160 2502 negavit:
2205 2426 2316 2484 hoc
2359 2443 2499 2484 vero
2544 2429 2702 2484 recte

367 2511 709 2573 observavit
781 2511 1026 2571 heroum
1096 2513 1325 2572 cultum
1380 2517 1557 2588 atque
1626 2513 1974 2589 religionem
2044 2530 2078 2570 a
2144 2510 2516 2586 temporibus
2581 2509 2701 2568 illis

368 2597 625 2656 alienum
683 2597 891 2656 fuisse.
982 2597 1135 2666 Quid
1192 2598 1352 2673 quod
1410 2616 1517 2656 suo
1579 2617 1744 2657 more
1790 2596 2316 2672 interpolationem
2365 2596 2702 2654 Atticorum

369 2682 428 2739 in
473 2682 758 2741 honorem
802 2682 1020 2742 factam
1063 2682 1669 2742 Pseudo-Herodotus
1714 2683 1939 2740 indicat
1984 2682 2045 2739 in
2090 2681 2214 2740 vita
2258 2680 2505 2739 Homeri
2537 2700 2586 2740 c.
2623 2681 2702 2738 ‘28

369 2763 671 2840 [Vitarum
716 2768 950 2842 scriptt.
985 2767 1122 2827 Grr.
1173 2768 1357 2826 minn.
1406 2768 1496 2825 ed.
1533 2767 1848 2826 Westerm.
1895 2787 1950 2842 p.
2003 2764 2134 2842 14]‚
2181 2765 2284 2823 ubi
2329 2766 2399 2824 de
2443 2765 2703 2823 Homero

366 2857 572 2909 narrat
628 2852 702 2910 ad
759 2853 871 2911 iter
928 2854 989 2912 in
1049 2851 1352 2911 Graeciam
1420 2852 1755 2911 faciendum
1822 2851 2104 2910 invitato:
2179 2846 2554 2925 κατανοήσας
2615 2848 2701 2916 δέ

365 2955 463 2992 οτι
532 2932 592 3006 ἒς
647 2932 759 3010 μὲν
801 2929 1014 3014 ’Ἀργος
1069 2935 1280 2994 πολλαι
1334 2957 1434 2994 και
1497 2934 1745 3013 μεγάλαι
1803 2926 1923 2993 εἶεν
1977 2928 2237 3012 εὖλογιαι
2292 2931 2703 3009 πεποιημέναι,

368 3016 429 3090 ές
476 3017 541 3077 δὲ
586 3013 688 3090 τὰς
729 3014 994 3096 Ἀθήνας
1042 3013 1143 3096 οὔ,
1205 3017 1444 3095 ἐμποιεῖ
1493 3017 1552 3091 ές
1600 3014 1710 3097 τὴν
1754 3019 2021 3096 ποίησιν,
2079 3016 2139 3089 ἐς
2182 3014 2293 3093 μὲν
2331 3013 2550 3076 Ἰλιάδα
2597 3040 2705 3094 την

365 3099 627 3182 μεγάλην
663 3098 948 3183 Ἐρεχθέα
993 3105 1345 3184 μεγαλύνων
1390 3101 1456 3163 έν
1500 3113 1656 3164 νεῶν
1699 3102 2008 3185 καταλόγῳ
2055 3097 2124 3161 τὰ
2171 3124 2313 3161 επεα
2359 3100 2525 3162 τάδε·

624 3222 819 3301 δῆμον
854 3217 1177 3301 Ἐρεχθῆος
1222 3222 1650 3302 μεγαλήτορος,
1695 3214 1769 3281 όν
1811 3217 1944 3281 ποτ’
1989 3215 2226 3298 Ἀθήνη

623 3306 851 3386 θρέψε,
902 3303 1046 3379 Διὸς
1091 3304 1398 3388 θυγάτηρ,
1448 3306 1576 3368 τέκε
1624 3304 1688 3367 δὲ
1732 3308 2000 3384 ζείδωρος
2045 3301 2269 3386 ἄρουρα

371 3442 507 3521 (ubi
560 3448 680 3504 tres
726 3447 902 3524 etiam
950 3447 1053 3520 qui
1099 3451 1434 3520 sequuntur
1463 3465 1668 3506 versus
1703 3446 2034 3503 549—551
2084 3448 2356 3503 nostrum
2402 3444 2700 3502 hominem

369 3534 478 3588 aut
533 3530 710 3588 simul
767 3531 1127 3590 intellexisse
1186 3533 1292 3588 aut
1345 3532 1490 3590 adeo
1549 3530 1850 3588 addidisse
1908 3530 2273 3589 arctissimus
2319 3548 2523 3587 eorum
2570 3547 2699 3585 eum

370 3615 491 3672 illis
540 3615 712 3675 docet
754 3612 1068 3714 conexus),
1130 3611 1231 3672 καὶ
1289 3607 1389 3672 τὸν
1441 3611 1774 3713 στρατηγὸν
1817 3607 2019 3672 αὐτῶν
2068 3610 2393 3672 Μενεσθέα
2438 3609 2698 3684 αἰνέσας,
2747 3625 2806 3671 16

368 3693 454 3769 ὥς
508 3696 755 3757 πάντων
800 3696 895 3776 εἴη
949 3716 1182 3777 αριστος
1228 3694 1394 3770 τάξαι
1436 3692 1619 3770 πεζὸν
1664 3689 1912 3777 στρατὸν
1956 3695 2055 3757 καὶ
2104 3689 2354 3768 ἱππότας
2403 3693 2468 3754 ἕν
2511 3695 2701 3754 τοῖσδε

368 3787 495 3854 τοῖς
541 3779 745 3843 ἔπεσιν
786 3775 940 3844 εἷπε·

677 3909 795 3962 τιόν
837 3892 989 3961 αὖθ’
1036 3897 1357 3982 ἡγεμόνευ’
1406 3896 1531 3975 υίὸς
1581 3905 1819 3963 Πετεῶο
1865 3898 2252 3973 Μενεσθεύς·

677 4010 754 4047 τω
800 3983 862 4047 δ’
879 3985 1045 4047 οὔπω
1090 4010 1177 4059 τις
1220 4008 1415 4066 ομοιος
1464 3986 1809 4065 ἐπιχθόνιος
1855 3984 2042 4086 γένετ’
2092 3978 2244 4064 ἀνὴρ

676 4080 968 4150 κοσμῆσαι
1012 4072 1233 4144 ἵππους
1279 4095 1337 4132 τε
1381 4070 1481 4132 καὶ
1524 4069 1741 4151 ἀνέρας
1787 4067 2167 4143 ασπιδιωτας.

368 4189 612 4249 Αἴαντα
659 4187 724 4250 δὲ
767 4189 873 4250 τὸν
923 4195 1271 4267 Τελαμῶνος
1315 4191 1414 4251 καὶ
1445 4191 1849 4269 Σαλαμινίους
1895 4189 1961 4251 έν
1999 4198 2156 4251 νεῶν
2199 4185 2500 4270 καταλόγῳ
2546 4186 2705 4262 ἔταξε

362 4267 517 4354 πρὸς
559 4271 924 4352 Ἀθηναίους
968 4273 1154 4355 λέγων
1197 4268 1340 4336 οἶδε·

680 4393 838 4466 Αιας
885 4391 943 4454 δ’
994 4393 1058 4454 ἐκ
1108 4397 1453 4473 Σαλαμῖνος
1496 4392 1644 4474 ἄγεν
1689 4394 2046 4455 δυοκαίδεκα
2094 4401 2272 4472 νῆας,

679 4486 855 4557 στῆσε
898 4475 958 4538 δ’
1005 4477 1171 4559 ἄγων
1214 4477 1300 4539 ἵν’
1342 4476 1690 4555 Ἀθηναίων
1734 4479 1973 4540 ἵσταντο
2016 4476 2331 4561 φάλαγγες.
