3132 5129
1305 395 1600 459 -303
1690 432 1764 441 —

543 552 618 612 V.
667 554 787 612 627
821 571 952 630 sqq.
1771 596 1789 630 0

624 670 767 775 Iyfiv
808 669 876 730 δὲ
918 667 1204 751 περισσὸν
1245 669 1418 747 δεῖμα
1461 667 1562 731 καὶ
1605 666 1891 748 ἀτλήτους
1934 669 2269 749 μελεδῶνας

624 777 952 835 αγκειμαι.

368 877 576 951 Neque
631 876 741 935 hoc
793 895 984 951 neque
1043 876 1202 952 quod
1258 878 1320 935 in
1374 876 1652 951 plurimis
1695 876 1868 936 libris
1922 876 2149 953 legitur
2202 872 2522 977 ἔγκειμαι,
2579 876 2703 934 ullo

369 960 544 1020 modo
591 961 828 1019 defendi
874 979 1049 1035 posse
1093 964 1278 1036 patet.
1351 961 1517 1019 Nihil
1574 963 1742 1020 iuvat.
1802 961 2148 1034 scholiasta,
2205 962 2308 1036 qui
2362 958 2703 1018 ανυποστοὶ-

369 1065 506 1115 τους
548 1042 835 1122 μερίμνας
880 1041 992 1121 ἔχω
1045 1047 1307 1121 exponit.
1381 1045 1514 1104 Nisi
1568 1047 1751 1105 altius
1796 1046 1944 1104 latet
1988 1046 2232 1121 vulnus,
2286 1045 2547 1105 sufficiet.
2590 1046 2707 1104 for·
2751 1054 2784 1101 ὅ

371 1136 554 1189 tasse:
603 1126 637 1187 ἒ
644 1152 674 1200 ς
688 1150 912 1207 κειμαι,
968 1130 1008 1189 i.
1053 1150 1106 1193 e.
1152 1131 1452 1190 coniectus
1496 1150 1629 1189 sum
1670 1132 1735 1190 in
1780 1149 1949 1190 ouras
1992 1129 2463 1190 intolerabile8.“

656 1328 862 1390 ’Ένθα
906 1323 963 1391 δ’
1010 1327 1413 1411 Ἀβαντιάδην
1453 1329 1809 1414 πεπρωμένη
1838 1328 2064 1411 ἤλασε
2113 1334 2342 1412 Μοῖρα.

369 1450 740 1529 Quamquam
771 1452 1050 1525 concedo,
1099 1452 1337 1511 defendi
1365 1472 1539 1528 posse
1570 1454 1933 1514 locutionem
1975 1449 2207 1529 ἤλασε
2240 1453 2452 1531 Μοῖρα
2483 1455 2586 1530 ita,
2632 1457 2705 1513 ut

371 1538 559 1599 Paroa
618 1538 850 1598 dicatur
904 1539 1213 1612 ayitavisse
1272 1538 1334 1597 in
1379 1558 1516 1597 eum
1571 1540 1765 1599 locum
1822 1539 2166 1614 Idmonem,
2221 1557 2339 1615 quo
2395 1540 2588 1615 perire
2646 1541 2699 1597 ei
2735 1556 2748 1570 ·

367 1624 728 1684 destinatum
773 1626 930 1697 erat,
977 1622 1177 1682 neseio
1222 1624 1423 1683 tamen
1466 1643 1543 1682 an
1601 1624 1954 1699 simpliciter
1998 1624 2255 1683 seribere
2311 1624 2698 1699 praetulerit:

365 1706 590 1768 ὤλεσε
638 1709 866 1785 Μοῖρα.
941 1706 1038 1765 Ita
1080 1706 1186 1782 IV,
1238 1709 1400 1767 1475
1451 1701 1645 1786 Μοῖρ’
1704 1705 2032 1786 ἐδάμασσε,
2091 1712 2152 1768 et
2194 1709 2322 1784 ipsa
2364 1708 2469 1767 illa
2521 1709 2704 1768 verba

344 1791 591 1852 ια’)’λεσε
638 1795 847 1870 Μοῖρα
892 1792 1011 1867 111,
1061 1794 1184 1851 660
1227 1793 1528 1870 leguntur.

670 1989 764 2054 Οὐ
805 1991 918 2070 μέν
958 1998 1090 2070 θην
1131 1991 1392 2074 προτέρω
1435 1990 1519 2054 ἔτ’
1570 1991 1854 2073 ἐμέτρεον.

368 2114 564 2175 Schol.
596 2117 878 2191 uterque:
939 2103 1427 2194 ἆνεμέτρεον,
1484 2109 1619 2174 ἀντὶ
1664 2121 1772 2173 τοῦ
1814 2110 2170 2193 παρέπλεον.
2244 2114 2486 2192 Legisse
2530 2116 2573 2175 ii
2618 2118 2702 2177 vi-

367 2201 584 2260 dentur
628 2189 1074 2278 παρεμέτρεον,
1121 2201 1283 2274 quod
1326 2205 1395 2261 ut
1436 2200 1814 2276 probandum
1860 2219 1988 2260 esse
2032 2218 2332 2275 censeam,
2380 2219 2567 2276 paene
2596 2201 2698 2260 ad-

367 2285 570 2344 ducor.
648 2286 802 2343 Nam
847 2287 911 2344 et
966 2284 1261 2361 particula
1304 2281 1385 2344 ἔτι
1431 2285 1493 2344 in
1538 2285 1788 2362 vulgata
1831 2286 2127 2361 scriptura
2170 2284 2315 2343 satis
2360 2284 2548 2345 otiose
2591 2285 2698 2344 ad-

367 2371 514 2430 iecta
557 2373 674 2445 est,
721 2372 784 2428 et
829 2371 1078 2430 alteram
1121 2369 1435 2431 lectionem
1479 2370 1890 2429 commendare
1933 2368 2173 2430 videtur
2215 2369 2345 2444 ipse
2390 2369 2699 2445 Apollonii

365 2475 536 2530 usne,
583 2455 705 2513 vid.
737 2454 785 2529 Ι,
819 2456 941 2513 593
987 2451 1121 2535 (ubi
1165 2456 1239 2515 of.
1271 2453 1502 2531 schol.).
1582 2457 1743 2514 1166
1789 2451 1921 2534 (ubi
1966 2454 2146 2513 etiam
2193 2454 2445 2512 scholia:
2490 2472 2700 2532 παρε-

362 2536 713 2617 μέτρεον,
766 2532 1142 2618 παρέπλεον).
1228 2540 1317 2616 Π,
1376 2541 1519 2600 937.
1586 2539 1703 2618 1v,
1767 2541 1888 2600 218
1961 2537 2092 2618 (ubi
2150 2538 2374 2599 scholia.
2449 2540 2696 2601 iterum:

363 2621 817 2770 παρεμέτρῗοέξγ
832 2617 1215 2704 παρέπλεον).
1280 2628 1396 2685 177
1406 2629 1463 2686 9.

970 2845 1055 2855 -
1140 2846 1223 2856 -
1316 2844 1390 2854 —
1481 2808 1695 2872 ἔκτυπε
1740 2806 1801 2870 δ’
1848 2808 2038 2890 αἰθὴρ

686 2894 942 2979 οἰμωγῇ,
985 2890 1166 2975 μέσφ’
1214 2888 1386 2969 αὖτις
1430 2891 1524 2955 ἐπ’
1573 2892 1779 2977 οὔρεος
1822 2890 2106 2955 ἀίσσοντα

680 2975 879 3041 αἰετὸν
920 2972 1204 3059 ὠμηστὴν
1244 2976 1439 3060 αὐτὴν
1481 2976 1625 3041 ὁδὸν
1671 2975 2038 3056 εἰσενόησαν.

365 3101 747 3161 Audiverunt
805 3106 1141 3178 gementem
1214 3101 1632 3162 Prometheum
1702 3103 2115 3179 Argonautae,
2191 3101 2380 3160 donee
2435 3102 2701 3161 revolare

367 3187 646 3246 viderunt
688 3204 718 3245 e
762 3185 1022 3246 Caucaso
1064 3186 1358 3263 aquilam,
1405 3189 1617 3263 hepate
1646 3187 1809 3245 illius
1840 3205 2093 3247 comeso.
2171 3186 2378 3261 Itaque
2412 3186 2537 3245 sine
2565 3186 2700 3244 hae·

365 3271 644 3332 sitatione
687 3271 938 3333 scribas:
984 3264 1102 3329 ἀπ’
1150 3267 1381 3347 οὔρεος.

1333 3492 1553 3567 Liber
1609 3493 1737 3567 ΠΙ.

535 3597 608 3656 V.
656 3600 736 3658 59
769 3618 895 3675 sqq.

673 3719 812 3776 Τῶν
851 3712 984 3795 ἤτοι
1028 3712 1270 3776 πάντων
1310 3711 1442 3794 μέν,
1485 3710 1614 3776 ἐπεὶ
1655 3712 1880 3788 πέλας
1927 3712 2105 3795 ἔργον
2146 3711 2352 3795 ὄρωρε,

668 3800 936 3877 δείδιμεν
978 3796 1305 3881 ἐκπάγλως,
1350 3798 1481 3880 περὶ
1525 3796 1588 3860 δ’
1637 3800 1968 3862 Αἰσονίδαο
2009 3799 2275 3879 μάλιστα.

362 3918 698 4018 ΙιισἿειίο..
749 3920 803 3979 D
859 3941 897 3980 a
951 3940 1128 3980 manu
1187 3923 1381 3998 prima
1427 3916 1688 4023 μέλας,
1750 3941 1786 3981 ει
1852 3921 2111 3980 secunda
2161 3915 2394 3998 μέγαν
2452 3922 2695 3998 legitur.

361 4004 578 4064 Fmtne
621 4005 761 4064 ohm
807 3999 930 4062 ἐπεὶ
975 4003 1157 4085 μέγα
1213 4002 1384 4084 ἔργον
1426 4007 1660 4085 ορωρεῖ
1735 4005 1828 4066 Cf.
1875 4026 1934 4066 v.
1980 4007 2105 4065 425
2163 4001 2290 4065 ἐπεὶ
2342 3998 2492 4084 μέγα
2551 4003 2695 4081 φαί-

370 4107 497 4148 νετο
678 4112 730 4153 ν.

669 4295 836 4353 Τοῖσι
877 4289 945 4352 δὲ
988 4291 1354 4372 νισσομένοις
1383 4291 1546 4375 ’Ἡρη
1590 4291 1736 4368 φίλα
1777 4290 2077 4370 μητιόωσα

668 4374 819 4455 ἠέρα
863 4377 1098 4439 πουλὺν
1144 4377 1326 4456 ἐφῆκε
1372 4375 1456 4438 δι’
1505 4378 1750 4450 ἄστεος,
1798 4376 1957 4455 ὄφρα
1998 4377 2250 4438 λάθοιεν

673 4459 911 4542 Κόλχων
954 4462 1172 4543 μυρίον
1218 4461 1399 4536 ἔθνος
1445 4460 1504 4535 ές
1552 4458 1783 4542 Αἰήταο
1825 4462 2073 4535 κιόντες.
