3132 5129
321 1616 386 1662 24

1369 351 1829 413 -170-

729 499 1087 581 παιζούσας,
1133 502 1196 564 ἐν
1242 501 1304 562 6’
1351 495 1502 581 αὐτή
1551 502 1657 583 ἔην
1703 503 1895 565 ἐικυῖα
1940 506 2134 611 θεῇσι.

729 588 838 669 τὴν
883 586 1174 650 ίκέτευσ’·
1221 582 1260 666 ἣ
1307 586 1366 648 δ’
1413 588 1494 650 οὔ
1535 612 1590 650 τι
1634 583 1925 690 νοήματος
1967 585 2261 672 ἤμβροτεν
2304 592 2557 672 ἐσθλοῦ,

732 671 812 746 ὥς
856 665 966 734 οὐκ
1009 699 1090 738 αν
1134 673 1336 735 ἔλποιο
1379 696 1669 750 νεωτερον
1711 668 2071 736 ἀντιάσαντα

728 758 993 859 ἐρξέμεν·
1040 759 1153 821 αίει
1196 756 1308 841 γάρ
1352 782 1413 821 τε
1435 754 1730 862 νεώτεροι
1771 751 2189 842 ἀφραδέουσιν.

728 870 766 924 η
808 867 909 923 μοι
953 854 1120 908 σῖτον
1164 843 1386 907 ἔδωκεν
1427 838 1555 918 αλις
1601 838 1696 923 ἠδ’
1747 846 1982 906 αἴθοπα
2025 840 2224 924 οἶνον,
2662 861 2769 910 295

730 929 831 990 καὶ
879 925 1044 992 λοῦσ’
1091 928 1155 990 ἐν
1199 933 1480 1034 ποταμῷ,
1525 932 1633 992 καί
1670 953 1771 1009 μοι
1812 929 1953 993 τάδε
1998 926 2193 1008 εἵματ’
2240 931 2440 997 ἔδωκε.

729 1016 910 1076 ταῦτά
954 1041 1042 1077 τοι
1085 1009 1422 1121 ἆζνύμενός
1466 1038 1575 1097 περ
1618 1010 1917 1116 ἅληθείην
1961 1014 2256 1091 κατέλεξα.
2264 1021 2305 1055 “

830 1092 932 1161 τὸν
976 1099 1039 1163 δ’
1083 1124 1198 1163 αυτ
1257 1094 1564 1175 ’Λλκίνοος
1606 1094 1967 1180 ἀπαμείβετο
2011 1094 2294 1202 φωνησέν
2336 1119 2428 1166 τε·

655 1208 686 1246 e
730 1179 945 1263 ,,ξεῐ’ν’,
990 1181 1030 1286 ᾗ
1076 1210 1160 1248 τοι
1204 1185 1315 1266 μὲν
1358 1186 1529 1248 τοῦτό
1574 1181 1632 1266 γ’
1681 1186 1989 1290 ἐναίσιμον
2031 1177 2142 1246 οὐκ
2188 1184 2395 1264 ἐνόησε

726 1277 867 1344 παῖς
912 1232 1051 1352 ἐμη,
1097 1266 1317 1333 ουνεκοῖ
1359 1265 1413 1332 σ’
1463 1294 1535 1332 ου
1584 1296 1641 1333 τι
1682 1295 1785 1350 μετ
1854 1271 2252 1349 αμφιπόλοισι
2299 1271 2573 1352 γυναιξιν
2661 1287 2770 1333 300

727 1347 886 1455 ἦγεν
917 1355 976 1431 ἐς
1018 1354 1326 1456 ἡμέτερον·
1373 1353 1451 1417 σύ
1496 1347 1552 1418 δ
1603 1351 1720 1434 ἆρα
1763 1356 2007 1434 πρώτην
2053 1356 2377 1430 ἱκέτευσας.
2386 1361 2427 1395 “

826 1434 932 1502 τὸν
976 1438 1033 1501 δ’
1071 1433 1589 1545 ἀπαμειβόμενος
1603 1443 1872 1543 προσέφη
1915 1435 2242 1521 πολύμητις
2282 1434 2621 1515 Ὀδυσσεύς·

727 1519 960 1632 ,,ήρως,
1006 1552 1086 1606 μη
1127 1551 1226 1606 μοι
1271 1527 1484 1589 τοῦνεκ
1552 1521 1825 1632 ἆμύνονα
1871 1528 2056 1590 νείκεε
2100 1522 2355 1605 κούρην·

728 1606 768 1688 ἢ
811 1609 921 1690 μὲν
963 1613 1076 1693 γάρ
1118 1609 1181 1692 μ’
1232 1611 1457 1674 ἐκέλευε
1503 1611 1614 1674 σὺν
1654 1607 2083 1691 ἀμφιπόλοισιν
2126 1611 2410 1675 επεσθαι·

725 1691 853 1757 ἀλλ’
902 1695 1012 1776 ἐγὼ
1058 1694 1169 1758 οὐκ
1212 1697 1424 1760 ἔθελον
1467 1696 1667 1771 δείσας
1709 1693 2142 1801 αἰσχυνόμενός
2185 1721 2278 1774 τε,
2664 1713 2768 1760 305

725 1784 806 1860 μή
852 1803 977 1854 πως
1023 1781 1125 1842 καὶ
1169 1781 1260 1843 σοὶ
1308 1782 1505 1861 θυμὸς
1551 1779 1964 1846 ἐπισκύσσαιτο
2009 1781 2228 1846 ἰδόντι·

728 1867 1010 1963 δύσζηλοι
1052 1866 1165 1975 γάρ
1211 1862 1266 1927 τ’
1311 1866 1474 1946 εἰμὲν
1517 1867 1613 1929 ἐπὶ
1657 1869 1835 1947 χθονὶ
1879 1866 2026 1946 φῦλ’
2074 1863 2487 1971 ἆνθρώπων.“

827 1943 930 2012 τὸν
975 1946 1032 2010 δ’
1077 1946 1218 2015 αὖτ’
1261 1950 1559 2025 Ἀλκίνοος
1602 1944 1957 2034 ἆπαμείβετο
2001 1951 2286 2031 φωνησέν
2330 1973 2423 2015 τε·

729 2033 947 2115 ,,ξεῖν’,
993 2029 1066 2097 06
1109 2060 1208 2117 μοι
1253 2047 1520 2100 τοιοῦτον
1563 2036 1653 2099 ε’νι
1695 2038 1982 2118 στήθεσσι
2023 2040 2202 2116 φίλον
2243 2039 2358 2119 κῆρ

725 2123 1031 2228 μαψιδίως
1075 2127 1475 2201 κεχολῶσθαι·
1520 2119 1748 2200 ἀμείνω
1793 2120 1852 2183 δ’
1900 2123 2157 2221 αἴσιμα
2156 2145 2371 2184 παντα.
2660 2137 2767 2186 310

827 2207 1072 2287 πομπὴν
1116 2204 1173 2269 δ’
1224 2206 1284 2279 ἐς
1328 2203 1458 2269 τόδ’
1506 2207 1615 2288 ἐγώ
1665 2209 2091 2290 τεκμαίρομαι,
2118 2199 2261 2289 ὄφρ’
2311 2206 2378 2270 ἐὺ
2423 2209 2612 2292 εἰδῇς,
2663 2223 2767 2271 317

728 2290 942 2373 αύριον
987 2292 1076 2365 ἔς·
1130 2302 1309 2371 τῆμος
1356 2291 1420 2354 δὲ
1463 2295 1540 2355 σὺ
1588 2316 1700 2369 μεν
1744 2292 2106 2391 δεδμημένος
2150 2315 2326 2376 υπνῳ

726 2375 945 2452 λέξεαι,
991 2378 1056 2439 οἳ
1095 2375 1150 2436 δ’
1202 2375 1412 2439 ἐλόωσι
1454 2378 1784 2486 γαλήνην,
1798 2374 1939 2456 ὄφρ’
1990 2403 2070 2438 αν
2114 2378 2283 2455 ἵκηαι

723 2463 980 2541 πατρίδα
1026 2463 1142 2541 σὴν
1184 2464 1283 2525 καὶ
1327 2463 1532 2563 δῶμα,
1578 2487 1677 2524 και
1721 2465 1784 2524 εἴ
1818 2458 1936 2524 πού
1980 2486 2067 2524 τοι
2110 2465 2288 2539 φίλον
2333 2460 2517 2538 ἐστίν,
2660 2477 2769 2526 320

726 2547 790 2609 εἴ
824 2571 933 2626 περ
977 2573 1077 2610 και
1119 2545 1275 2627 μάλα
1319 2541 1538 2611 πολλόν
1583 2548 1871 2630 ἑκαστέρω
1916 2543 2032 2609 ἔστ’
2084 2542 2371 2628 Εὐβοίης,

726 2629 836 2712 τήν
877 2656 987 2711 περ
1033 2634 1325 2712 τηλοτάτω
1370 2632 1524 2712 φάσ’
1574 2634 1815 2714 ἔμμεναι
1858 2634 1923 2695 οἴ
1958 2657 2064 2712 μιν
2110 2634 2313 2695 ἴδοντο

724 2723 891 2779 λαων
933 2715 1343 2797 ἡμετέρων,”
1306 2743 1404 2781 οτε
1449 2743 1507 2781 τε
1553 2718 1787 2795 ξανθὸν
1821 2716 2251 2795 Ῥαδάμανθυν

724 2795 875 2882 ἦγον
919 2802 1299 2882 ἐποψόμενον
1347 2804 1604 2881 Τιτυόν,
1653 2804 1905 2883 Γαιήιον
1947 2802 2121 2865 υἱόν·

723 2886 823 2948 καὶ
865 2886 976 2965 μὲν
1019 2890 1083 2949 οἵ
1119 2886 1258 2949 ἕνθ’
1306 2883 1533 2969 ἦλθον,
1579 2890 1677 2951 καὶ
1718 2890 1857 2970 ἄτερ
1900 2889 2183 2991 καμάτοιο
2227 2888 2508 2951 τέλεσσαν
2661 2903 2769 2951 325

723 2966 900 3051 ήματι
946 2978 1023 3058 τῷ
1065 2971 1258 3058 αύτῷ,
1303 2974 1405 3036 καὶ
1445 2972 1765 3053 ἀπήνυσαν
1806 2966 2003 3036 οἴκαδ’
2054 2970 2296 3037 ὀπίσσω.

728 3036 1000 3135 εἰδήσεις
1020 3058 1086 3121 δε
1128 3060 1229 3121 καὶ
1271 3054 1455 3133 αὐτὸς
1503 3059 1593 3121 ἐνὶ
1635 3061 1866 3138 φρεσίν,
1909 3054 2091 3120 ὅσσον
2131 3051 2370 3139 ἄρισται

726 3152 870 3252 νῆες
914 3142 1046 3223 ἐμαὶ
1087 3169 1188 3207 και
1227 3154 1437 3245 κοῦροι
1480 3142 1865 3225 ἀναρρίπτειν
1906 3142 2021 3205 αλα
2063 3144 2299 3228 πηδῴἐ*

647 3230 685 3287 d
816 3220 898 3300 ως
943 3252 1123 3308 φατο,
1167 3224 1439 3310 γήθησεν
1482 3227 1545 3290 δὲ
1592 3229 1883 3302 πολύτλας
1929 3230 2054 3299 διος
2092 3206 2445 3299 Ὀδυσσεύς,

726 3306 1038 3391 εὐχόμενος
1082 3312 1137 3374 δ’
1187 3313 1306 3394 ἄρα
1349 3308 1548 3392 εἶπεν,
1596 3313 1735 3387 ἔπος
1781 3305 1834 3375 τ’
1886 3309 2060 3389 ἔφατ’
2106 3312 2171 3374 ἔκ
2217 3309 2269 3375 τ’
2318 3308 2596 3393 ὀνόμαζε·
2658 3326 2769 3376 330

649 3419 681 3458 ο
811 3400 977 3471 ,,Ζεῦ
1019 3400 1236 3478 πάτερ,
1282 3396 1424 3460 αἴθ’
1473 3398 1589 3463 οσα
1634 3393 1759 3461 εἶπε
1806 3394 2206 3475 τελευτήσειεν
2246 3393 2482 3460 ἅπαντα

717 3476 1045 3557 Ἀλκίνοος·
1093 3495 1197 3546 τοῦ
1240 3482 1351 3563 μέν
1393 3506 1497 3544 κεν
1540 3483 1639 3545 ἐπι
1683 3485 1960 3559 ζείδωρον
2001 3482 2271 3587 ἄρουραν

723 3560 1017 3674 ασβεστον
1059 3568 1224 3642 κλέος
1269 3569 1397 3648 εἴη,
1445 3564 1557 3650 ἐγῶ
1604 3567 1670 3630 δέ
1714 3592 1778 3630 κε
1825 3565 2067 3669 πατρίδ’
2117 3570 2396 3648 ἱκοίμην.
2383 3574 2421 3605 ⁶

640 3655 678 3713 h
812 3675 895 3723 ως
940 3654 1000 3713 οἳ
1041 3652 1152 3732 μὲν
1195 3664 1438 3715 τοιαῦτα
1483 3652 1630 3731 πρὸς
1673 3648 1958 3757 ἄλλήλους
2001 3649 2309 3733 ἀγόρευον.

724 3734 960 3797 κέκλετο
984 3736 1063 3843 (δ’
1107 3728 1321 3838 ’Λρήτη
1366 3734 1728 3809 λευκώλενος
1770 3735 2156 3835 ἀμφιπόλοισι
2659 3751 2768 3799 335

724 3816 920 3900 δέμνι’
967 3819 1076 3883 ὑπ’
1124 3819 1389 3927 αἰθούσῃ
1435 3822 1687 3901 θέμεναι
1731 3822 1833 3884 καὶ
1876 3817 2057 3921 ῥήγεα
2101 3822 2251 3885 καλὰ

722 3900 1016 3987 πορφύρε’
1069 3904 1404 3988 ἐμβαλέειν,
1449 3906 1721 4007 στορέσαι
1767 3904 1820 3968 τ’
1852 3901 2175 4007 ἐφύπερθε
2221 3904 2515 3986 τάπητας

723 3992 1044 4070 χλαίναςτ
1115 3991 1433 4072 ἐνθέμεναι
1475 3985 1652 4065 ουλας
1697 3987 2103 4065 καθύπερθεν
2144 3991 2423 4054 ἕσασθαι.

638 4080 675 4136 h
806 4078 872 4135 αἳ
917 4072 976 4137 δ’
1024 4077 1167 4138 ἴσαν
1211 4076 1275 4138 ἐκ
1318 4074 1592 4160 μεγάροιο
1638 4071 1776 4150 δάος
1820 4072 1962 4156 μετὰ
2008 4076 2209 4158 χερσὶν
2253 4075 2520 4156 ἔχουσαι·

721 4156 910 4260 αὐτὰρ
955 4161 1082 4224 ἐπεὶ
1125 4158 1413 4242 στόρεσαν
1454 4158 1711 4225 πυκινὸν
1754 4161 1918 4240 λέχος
1964 4159 2374 4242 ἐγκονέουσαι,
2654 4175 2764 4223 340

724 4238 994 4345 ω’τρυνον
1033 4240 1292 4347 Οδυσῆα
1335 4242 1764 4329 παριστάμεναι
1807 4244 2106 4309 ἐπέεσσιν·

720 4323 904 4431 νόρσο
947 4331 1136 4405 κέων,
1182 4358 1228 4393 ω
1276 4336 1462 4408 ξεῖνε·
1510 4331 1826 4406 πεποίηται
1873 4330 1938 4392 δέ
1981 4354 2068 4393 τοι
2111 4327 2277 4409 εὐνή.
2283 4334 2325 4368 “

727 4438 805 4486 ως
850 4413 1136 4502 ‹puin-193
1181 4411 1236 4476 δ’
1286 4414 1597 4479 ἀσπαστὸν
1640 4415 1871 4478 ἐείσατο
1915 4416 2308 4496 κοιμηθῆναι.
