3132 5129
1355 344 1778 406 ..63-

398 502 879 562 observationem
947 505 1008 559 et
1062 504 1327 575 repetere
1384 505 1443 560 et
1498 501 1833 560 accuratius
1890 499 2134 559 definire
2193 500 2404 574 placet.
2493 500 2736 559 Etenim

397 588 555 658 ille,
561 587 913 659 ,habemus‘f
958 586 1157 661 inquit
1200 606 1257 661 p,
1292 586 1474 659 267,
1481 605 1704 658 ‚veram
1736 587 1975 661 Μῆνιν,
2019 604 2137 661 quo
2181 585 2420 644 nomine
2451 585 2597 644 olim
2625 585 2736 644 hoc

394 675 478 732 sic
507 676 865 748 conceptum
911 689 1146 729 carmen
1190 670 1630 757 appellatum
1608 691 1644 728 a
1684 669 1993 745 rhapsodis
2037 669 2545 745 auditoribusque‚
2592 671 2736 746 quin

396 758 580 816 immo
624 777 661 814 a
709 760 886 832 poeta
929 756 1061 830 ipso
1109 754 1291 814 fuisse
1336 730 1630 814 credibile
1663 759 1782 814 est:
1831 773 1967 812 nam
2012 757 2205 829 poetis
2238 773 2472 830 quoque
2519 756 2593 813 ad
2640 756 2734 813 de-

393 841 690 919 signanda
733 841 996 899 carmina
1040 859 1148 899 sua
1208 840 1709 915 appellationibus
1765 840 2146 915 quibusdam,
2212 841 2433 916 iisque,
2503 842 2571 897 ut
2628 857 2736 897 nos

394 927 634 986 credere
666 946 775 1001 par
806 929 915 998 est,
947 944 1127 1000 quam
1161 925 1526 983 brevissimis
1557 945 1707 1000 opus
1736 928 1884 982 erat.
1930 924 2137 983 Dicam
2162 925 2337 982 etiam
2369 925 2732 1001 germanice:

394 1015 501 1071 das
530 1012 649 1069 lied
683 1030 808 1069 vom
836 1029 997 1069 zorn.
1059 1009 1300 1068 Scilicet
1328 1010 1400 1067 de
1433 1010 1521 1068 ira
1548 1012 1810 1085 primum
1852 1012 2153 1083 concepta,
2196 1010 2438 1084 eiusque
2480 1010 2693 1068 causiS.
2702 1011 2737 1038 ‘⁴

396 1096 632 1155 Diserte
681 1096 968 1154 Aelianus
1013 1095 1085 1152 V.
1132 1095 1207 1151 H.
1253 1094 1429 1168 XIII,
1480 1092 1588 1165 14,
1634 1113 1810 1169 quem
1855 1094 2052 1152 locum
2099 1112 2458 1169 quamquam
2500 1095 2735 1154 notissi-

394 1201 556 1239 mum
603 1180 939 1240 adscribere
983 1181 1180 1239 iuvat.
1246 1174 1340 1235 fin
1398 1176 1477 1237 τὰ
1515 1173 1829 1256 Όμηρον
1875 1171 2015 1254 ἔπη
2059 1173 2430 1255 πρότερον
2476 1176 2735 1258 διῃρη-

393 1262 577 1339 μένα
625 1256 813 1345 ῃόον
856 1261 926 1321 οἱ
963 1262 1303 1321 παλαιοί·
1351 1254 1519 1321 οἷον
1564 1261 1815 1339 ἔλεγον
1864 1259 1991 1338 Τὴν
2036 1258 2128 1320 ἐπὶ
2183 1260 2356 1320 ναυσὶ
2395 1260 2595 1339 μάχην
2635 1283 2736 1319 και

399 1346 747 1407 Δολώνειαν
803 1369 934 1406 τινα
990 1344 1095 1404 καὶ
1146 1340 1475 1424 Ἀριστείαν
1523 1341 1954 1450 Ἀγαμέμνονος
2014 1343 2113 1405 καὶ
2178 1348 2358 1406 Νεῶν
2410 1345 2737 1422 κατάλογον

391 1432 497 1491 καί
547 1428 966 1511 Πατρόκλειαν
1020 1428 1120 1490 καὶ
1169 1428 1381 1509 Acrem
1436 1428 1536 1491 καὶ
1579 1425 1713 1491 Ἐπὶ
1760 1426 2087 1535 Πατρόκλῳ
2140 1421 2305 1490 ἆθλα
2349 1453 2450 1489 και
2488 1426 2738 1508 Ὁρκίων

392 1512 708 1593 ἆφανισιν.
785 1524 971 1576 ταῦτα
1028 1513 1181 1591 ὑπὲρ
1247 1523 1351 1593 τῆς
1408 1509 1675 1588 Ἰλιάδος.
1738 1511 1902 1594 ὑπὲρ
1967 1511 2031 1573 δὲ
2096 1523 2200 1593 τῆς
2266 1512 2466 1594 ἑτέρας
2525 1513 2610 1574 Τὰ
2670 1511 2737 1573 ἕν

397 1600 580 1685 Πύλῳ
638 1599 743 1662 καὶ
790 1601 878 1662 Τὰ
936 1600 1002 1662 ἐν
1047 1598 1456 1679 Λακεδαίμονι
1512 1598 1615 1660 καὶ
1663 1605 1995 1675 Καλυψοῦς
2055 1621 2278 1681 αντρον
2321 1599 2422 1659 καὶ
2474 1591 2558 1659 Τὰ
2605 1597 2736 1677 περὶ

395 1686 505 1766 τὴν
548 1686 795 1766 σχεδίαν
823 1684 925 1746 καὶ
966 1681 1240 1745 Ἀλκίνου
1269 1684 1569 1765 ἀπόλογον
1614 1687 1829 1767 (vulgo
1858 1680 2166 1766 ἆπόλογοι)
2211 1683 2310 1743 καὶ
2345 1683 2736 1745 Κυκλωπειαν

392 1770 492 1831 καὶ
542 1769 822 1832 Νέκυιαν
863 1769 964 1829 καὶ
1015 1770 1099 1829 Τὰ
1146 1778 1250 1847 τῆς
1283 1770 1511 1873 Κίρκης
1556 1793 1656 1829 και
1704 1771 1944 1850 Νίπτρα
1991 1768 2092 1828 καὶ
2123 1769 2500 1848 Μυηστήρων
2542 1766 2736 1845 φόνον

394 1854 608 1935 (vulgo
656 1851 858 1932 φόνοι)
903 1853 1003 1914 καὶ
1058 1854 1136 1913 Τὰ
1186 1852 1250 1914 ἐν
1292 1849 1454 1938 ἀγρῷ
1498 1854 1598 1914 καὶ
1642 1856 1722 1913 Τὰ
1769 1854 1836 1914 ἐν
1867 1853 2159 1929 Λαέρτου.
2232 1856 2541 1932 Adscripsi
2572 1857 2731 1927 haec,

402 1963 519 2019 quo
566 1943 973 2039 intellegatur,
1020 1961 1195 2016 quam
1226 1942 1452 2001 bonum
1495 1962 1818 2017 verumque
1864 1944 2324 2001 instrumentum
2371 1941 2453 1999 sit
2496 1941 2569 1999 ad
2616 1942 2734 1999 sin-

397 2029 542 2103 gula
573 2028 840 2085 carmina
870 2026 1130 2085 eruenda
1159 2027 1301 2084 haec
1327 2027 1663 2101 ‚antiquitus
1693 2027 2056 2085 traditorum
2086 2028 2398 2085 nominum
2428 2027 2730 2096 memoria,

396 2112 722 2171 dummodo
792 2116 993 2170 teneas
1052 2131 1120 2169 ea
1183 2112 1385 2187 potius
1441 2112 1514 2170 ad
1572 2112 1989 2170 recitationum
2044 2131 2221 2185 quam
2275 2111 2351 2169 ad
2407 2112 2733 2175 carminum

394 2197 690 2256 ambitum
747 2198 991 2255 inventa
1042 2214 1171 2255 esse
1226 2214 1348 2255 non
1404 2201 1523 2255 tam
1581 2200 1883 2271 poetarum
1946 2215 2124 2270 quam
2170 2195 2601 2269 rhapsodorum
2645 2214 2732 2254 re-

397 2285 603 2356 spectu
646 2281 870 2352 habito,
916 2282 1001 2339 ita
1044 2284 1113 2338 ut
1156 2285 1539 2356 quotcunque
1584 2300 1791 2341 versus
1836 2281 2236 2338 narrationem
2284 2279 2580 2355 quandam
2626 2298 2731 2356 per

396 2385 457 2424 se
515 2366 852 2425 absolutam
916 2366 1287 2424 continentes
1343 2366 1417 2423 ab
1476 2379 1594 2424 uno
1639 2366 1933 2442 rhapsodo
1979 2366 2105 2424 sine
2150 2365 2589 2423 intermissione
2635 2364 2731 2423 de·

396 2451 828 2521 clamarentur‚
886 2450 929 2508 ii
988 2454 1151 2508 certo
1206 2469 1275 2508 ex
1320 2469 1384 2508 re
1431 2451 1563 2525 ipsa
1606 2450 1921 2525 desumpto
1967 2449 2204 2508 nomine
2251 2449 2730 2525 designarentur.

395 2534 525 2594 Hae
571 2538 716 2594 sunt
758 2535 1239 2610 rhapsodiae‚
1287 2553 1438 2610 quae
1482 2536 1832 2612 plerumque
1877 2533 2127 2594 eundem
2173 2532 2397 2593 habent
2424 2552 2557 2592 cum
2586 2533 2733 2608 ipsis

397 2619 864 2679 carminibus
909 2620 1202 2679 ambitum
1254 2652 1320 2660 —
1372 2625 1436 2679 et
1478 2620 1623 2680 baec
1665 2621 1902 2696 quidem
1949 2620 2210 2678 carmina
2254 2620 2382 2678 sine
2414 2619 2593 2677 dubio
2624 2637 2731 2693 pro

396 2705 837 2779 antiquioribus
894 2707 1036 2764 sunt
1090 2705 1360 2763 habenda
1405 2738 1505 2777 -—‚
1564 2706 1863 2764 interdum
1908 2722 2077 2776 vero,
2125 2704 2227 2762 ubi
2273 2704 2549 2780 longiora
2591 2706 2734 2762 sunt

396 2790 677 2861 carmina,
710 2789 974 2865 singulas
1005 2793 1241 2848 tantum
1272 2791 1595 2849 eorundem
1624 2795 1871 2867 partes
1902 2788 2231 2848 continent.
2309 2788 2404 2847 Ad
2434 2789 2732 2863 posterius

396 2876 726 2932 carminum
790 2893 1012 2950 genus,
1074 2893 1221 2948 quae
1279 2876 1456 2949 paulo
1514 2876 1844 2934 recentiora
1898 2873 2208 2944 videntur,
2266 2876 2330 2931 et
2382 2874 2444 2931 in
2488 2872 2732 2931 Iliade

397 2960 660 3033 pertinet
703 2958 1080 3017 Achilleis
1123 2959 1228 3016 illa
1272 2977 1378 3033 per
1417 2960 1680 3034 quinque
1710 2959 1893 3017 libros
1925 2959 2131 3014 Σ--Χ
2155 2958 2441 3016 latissime
2471 2960 2730 3034 extensa,

396 3063 574 3117 quam
621 3045 926 3103 verissime
974 3043 1088 3100 iam
1135 3043 1547 3102 Lachmannus
1605 3044 2016 3118 pronuntiavit
2061 3062 2119 3116 p.
2168 3044 2251 3101 80
2295 3042 2471 3100 unius
2518 3041 2729 3100 coloris

399 3133 579 3203 atque
625 3128 699 3185 ab
745 3147 863 3186 uno
909 3129 1086 3202 poeta
1132 3128 1455 3202 profectam
1502 3146 1646 3199 esse,
1694 3131 1754 3186 et
1786 3127 2152 3203 Odysseae
2198 3126 2366 3202 prius
2398 3124 2727 3198 dimidium,

396 3215 554 3287 quod
600 3211 862 3270 dubitari
906 3230 1028 3271 non
1072 3216 1274 3286 potest
1315 3214 1459 3288 quin
1491 3218 1724 3287 praeter
1755 3213 1984 3271 minora
2017 3211 2307 3285 quaedam
2340 3212 2616 3282 carmina,
2664 3214 2733 3268 ut

396 3289 561 3354 ἆθλα
627 3298 753 3356 sive
824 3290 1113 3354 σύστασιν
1155 3298 1208 3355 θ’
1251 3299 1565 3356 96—265.
1630 3300 1991 3368 370—416,
2049 3293 2316 3371 μοιχείαν
2374 3295 2726 3366 266—369,

400 3385 588 3441 totam
643 3381 962 3457 Necyiam‚
1019 3401 1090 3440 ex
1149 3381 1381 3440 duobus
1440 3383 1809 3458 longioribus
1856 3382 2255 3457 compositum
2310 3381 2418 3450 sit,
2476 3399 2728 3455 quorum

398 3486 612 3538 unum,
669 3467 827 3543 quod
885 3458 1152 3524 νόστον
1201 3460 1608 3537 Ὀδυσσέως
1653 3467 1956 3541 appellare
1998 3466 2166 3536 licet,
2213 3469 2447 3540 praeter
2491 3464 2728 3522 initium

397 3551 534 3609 libri
580 3572 617 3607 α
664 3552 852 3610 libros
897 3571 999 3608 ε-
1011 3571 1046 3606 κ
1092 3553 1273 3625 atque
1315 3574 1357 3626 μ
1399 3552 1615 3626 partim
1670 3552 1938 3628 integros
1992 3552 2212 3625 partim
2266 3550 2399 3624 plus
2456 3549 2729 3607 minusve

398 3630 793 3732 interpolatos
849 3636 1145 3706 continet,
1201 3636 1455 3694 alterum
1507 3669 1591 3677 —
1655 3632 2091 3711 Τηλεμάχου
2144 3627 2524 3708 ἀποδημία
2569 3665 2650 3674 -
2696 3652 2728 3691 e

398 3722 621 3780 maiore
678 3724 847 3797 parte
902 3720 1042 3779 libri
1085 3741 1124 3776 α
1170 3721 1314 3779 totis
1367 3721 1487 3779 sere
1552 3720 1724 3780 libris
1769 3721 1808 3799 β
1851 3742 1886 3797 y
1930 3718 1967 3777 δ
2014 3722 2077 3778 et
2129 3718 2441 3795 particulis
2484 3718 2728 3815 quibus-

398 3805 532 3864 dam
562 3805 703 3865 libri
732 3825 766 3862 ο
793 3808 1041 3877 constat,
1076 3809 1396 3882 utrumque
1426 3805 1625 3882 plures
1656 3806 2069 3881 complectitur
2097 3803 2443 3879 rhapsodias
2474 3803 2726 3861 nomini-

396 3890 507 3949 bus
553 3891 677 3950 suis
722 3890 1053 3950 distinctas·

565 3974 721 4047 Iam,
791 3975 947 4051 quod
1019 3994 1239 4034 nomen
1303 3977 1534 4035 alteri
1601 3976 1807 4034 Iliadis
1875 3975 2185 4034 carmini
2255 3977 2312 4031 A
2370 3974 2726 4032 349—429.

399 4061 729 4120 493—611
780 4058 1077 4132 indamus,
1120 4061 1443 4135 quaeritur.
1533 4062 1615 4120 Et
1656 4061 1920 4119 Naekius
1964 4059 2206 4136 quidem
2250 4080 2311 4135 p.
2361 4058 2483 4116 268
2534 4054 2729 4133 Τιμήν

396 4144 521 4205 sive
569 4142 826 4221 Τίμησιν
868 4163 941 4203 ex
986 4164 1041 4203 v.
1090 4145 1231 4204 505.
1283 4145 1427 4205 508.
1475 4146 1614 4204 559.
1644 4145 1708 4203 id
1751 4146 1867 4203 dici
1913 4144 2124 4205 voluit.
2213 4144 2380 4214 Mihi,
2431 4162 2562 4201 cum
2606 4162 2727 4202 non

397 4233 517 4287 tam
566 4229 639 4287 de
684 4229 961 4288 honore
991 4227 1215 4287 Achilli
1259 4230 1463 4288 habito
1508 4250 1685 4306 quam
1733 4230 2087 4304 precibus
2120 4228 2391 4288 Thetidis
2436 4228 2726 4303 promisso

399 4317 629 4389 agatur,
677 4314 877 4389 aptior
920 4313 1158 4372 videtur
1203 4315 1522 4389 appellatio
1555 4312 1818 4388 Λιταί,
1857 4333 2040 4389 ,ῳιαω
2087 4313 2380 4372 inutiliter
2423 4317 2726 4388 tamquam

397 4399 649 4458 alterum
707 4417 927 4457 nomen
981 4397 1282 4474 Πρεσβεία
1337 4398 1537 4458 habet.
1630 4399 1880 4458 Carmen
1943 4399 2137 4473 ipsum
2195 4403 2319 4456 tam
2364 4399 2589 4456 clarum
2635 4402 2729 4456 est

2768 2628 2828 2675 19
