3132 5129
1391 384 1853 446 -144-

757 535 1077 616 φεύγοντες
1122 533 1184 596 δ’
1235 535 1301 597 ἕν
1345 537 1525 616 νηυσὶ
1569 536 1921 616 πολυκλήισι
1964 536 2192 597 πέσωσι

453 659 713 734 quinque
758 659 1003 732 insuper
1047 659 1294 718 intrusit
1335 678 1542 718 versus
1588 659 1852 719 eiusdem
1901 661 1962 719 et
2003 659 2237 718 consilii
2282 663 2344 718 et
2391 660 2639 719 coloris:

759 775 1070 852 Πηλεΐδεω
1109 771 1408 854 Ἀχιλῆος·
1465 768 1498 834 ὃ
1541 771 1603 835 δ’
1648 771 1925 853 ἀνστήσει
1971 766 2047 835 ο“ν
2088 772 2322 855 ἑταῖρον

764 857 1141 939 Πάτροκλον·
1192 859 1300 920 τὸν
1342 857 1410 920 δὲ
1453 866 1654 920 κτενεῖ
1689 858 1848 939 ἔγχει
1885 861 2167 962 φαίδιμος
2192 860 2430 940 ’Ἕκτωρ

757 940 931 1005 Ἰλίου
974 944 1379 1024 προπάροιθε,
1424 943 1636 1016 πολέας
1683 938 1951 1004 ὀλέσαντ’
1999 941 2238 1024 αἰζηοὺς

761 1027 900 1102 τούς
945 1029 1197 1106 ἅλλους,
1242 1028 1385 1108 μετὰ
1430 1025 1490 1089 δ’
1540 1030 1676 1090 υἱὸν
1700 1028 1862 1127 ἐμὸν
1905 1031 2275 1109 Σαρπηδόνα
2320 1031 2470 1092 δῖον.

756 1122 861 1174 τοῦ
904 1110 971 1174 δὲ
1014 1112 1420 1192 χολωσάμενος
1463 1120 1665 1176 κτενεῖ
1682 1106 1944 1194 Ἑκτορα
1988 1117 2116 1187 δῖος
2157 1112 2377 1193 Ἀχιλλε
2381 1113 2471 1188 ν’ς.

454 1236 746 1295 Similiter
789 1236 885 1294 hic
927 1255 1161 1311 quoque
1206 1236 1356 1294 duos
1402 1235 1540 1295 illos
1588 1252 1794 1295 versus
1841 1237 2311 1332 conglutinavit.
2360 1233 2537 1312 ἤματι
2584 1235 2668 1315 τῷ
2710 1230 2799 1294 στ’

451 1341 533 1379 αν
568 1351 641 1361 -
674 1321 933 1379 formula
962 1322 1354 1380 usitatissima
1397 1325 1520 1395 est3
1571 1317 1666 1378 ἐπὶ
1708 1319 2010 1400 πρύμνῃσι
2037 1311 2291 1418 μάχοντο
2321 1321 2550 1397 legerat
2582 1320 2633 1378 Ο
2665 1323 2794 1381 385

455 1405 541 1481 (et
585 1400 1027 1468 cf.E51.0
1073 1405 1251 1479 722);
1312 1403 1525 1463 στείνει
1571 1401 1638 1463 ἐν
1678 1403 1966 1485 αἰνοτάτῳ
2023 1426 2093 1465 ex
2149 1407 2279 1481 ipsa
2333 1406 2643 1466 Patrocles
2696 1408 2794 1466 de-

350 1499 415 1545 29
452 1491 745 1565 prompsit
801 1488 852 1546 Ο
910 1492 1032 1548 426
1087 1487 1278 1566 μάχης
1337 1486 1403 1547 ἕν
1458 1487 1740 1548 στείνεϊ
1787 1489 1945 1571 τῷδε
2012 1509 2236 1550 memor
2306 1491 2555 1550 fortasse
2616 1491 2800 1566 illiue,

454 1576 616 1650 quod
660 1574 722 1632 in
766 1575 1062 1633 Hesiodeo
1107 1578 1274 1634 scuto
1322 1577 1441 1634 397
1487 1575 1710 1652 legitur
1763 1573 1881 1634 ἴδει
1937 1569 1965 1631 ἐ
1981 1596 2014 1630 ν
2069 1572 2466 1656 αἰνοτάτῳ,
2522 1580 2682 1634 certe
2728 1577 2801 1633 de

457 1661 980 1734 grammaticorum
1009 1659 1484 1719 dubitationibus
1532 1679 1805 1735 securus3
1853 1681 1987 1736 περι
2022 1657 2390 1737 Πατρόκλοιο
2418 1657 2801 1730 θανόντος

459 1744 646 1821 (quod
690 1745 808 1801 iam
853 1744 1076 1802 dudum
1132 1764 1242 1820 pro
1300 1737 1580 1815 πεσόντος
1626 1745 1864 1804 restitui
1902 1744 2192 1824 debebat)
2231 1764 2303 1805 ex
2354 1745 2404 1801 P
2449 1747 2800 1805 12Ο.182.

629 1914 700 1971 In
744 1915 1132 1989 sequentibus
1179 1934 1318 1974 vero

766 2047 841 2056 —
931 2049 1013 2058 —-
1104 2049 1179 2058 —-
1267 2011 1451 2075 σέθεν
1494 2011 1557 2073 δ’
1609 2011 1721 2093 έγῶ
1768 2010 1877 2074 οὐκ
1924 2009 2170 2092 ἀλεγίζω

761 2095 1090 2176 χωομένης,
1137 2093 1271 2159 οὐδ’
1320 2097 1384 2159 εἴ
1420 2121 1485 2159 κε
1531 2122 1599 2158 τα
1649 2098 1847 2159 νείατα
1890 2094 2136 2178 πείραθ’
2182 2098 2347 2176 ἵκηαι

760 2184 931 2282 γαίης
975 2182 1074 2243 καὶ
1116 2182 1396 2260 πόντοιο,
1441 2179 1530 2243 ἵν’
1576 2180 1834 2255 Ἰαπετός
1878 2205 1936 2243 τε
1982 2182 2216 2263 Κρόνος
2262 2206 2320 2244 τε

763 2261 968 2346 ἥμενοι
1010 2263 1140 2328 οὔτ’
1188 2264 1379 2373 αὐγῇς
1415 2263 1760 2347 Τπερίονος
1803 2263 2019 2346 ἠελίοιο

766 2349 1036 2432 τέρποντ’
1085 2350 1216 2414 οὔτ’
1260 2349 1559 2430 ἀνέμοισι,
1607 2351 1810 2429 βαθὺς
1854 2351 1922 2412 δέ
1966 2375 2024 2413 τε
2076 2355 2375 2432 Τάρταρος
2420 2349 2628 2432 αμφίς.

460 2474 717 2548 primum
752 2473 902 2547 vide,
949 2493 1125 2547 quam
1173 2473 1371 2548 lepide
1416 2493 1589 2533 suum
1637 2475 1700 2532 in
1746 2493 1916 2533 usum
1962 2474 2276 2532 detorserit
2319 2473 2599 2533 callidum
2645 2474 2800 2532 illud

458 2557 704 2618 Iunonis
760 2557 1159 2634 mendacium,
1223 2578 1338 2635 quo
1401 2559 1463 2617 in
1518 2560 1716 2634 Apata
1774 2557 2064 2619 Venerem
2124 2560 2300 2618 simul
2354 2562 2534 2635 atque
2590 2558 2801 2618 Iovem

462 2643 620 2701 fallit
664 2641 721 2706 Ξ
759 2645 959 2702 200-
972 2644 1222 2703 207=
1268 2646 1473 2703 301—
1484 2645 1635 2703 306·

763 2751 884 2833 εἶμι
925 2756 1036 2837 γὰρ
1079 2754 1346 2838 ὀψομένη
1389 2732 1778 2839 πολυφόρβου
1820 2760 2129 2838 πείρατα
2173 2762 2390 2862 γαίης

757 2838 1050 2902 Ὠκεανόν
1094 2866 1183 2921 τε,
1229 2850 1396 2904 θεῶν
1437 2842 1705 2922 γένεσιν,
1750 2844 1850 2905 καὶ
1892 2842 2112 2922 μητέρα
2162 2843 2404 2924 Τηθύν,

763 2948 819 2986 οι
862 2923 930 3005 μ’
979 2926 1044 2987 έν
1088 2933 1293 3005 σφοῖσι
1336 2924 1605 3006 δόμοισιν
1648 2927 1715 2990 ἕυ
1760 2927 1980 3007 τρέφον
2022 2924 2121 3008 ἠδ’
2170 2925 2507 2999 ἀτίταλλον,

764 3006 1066 3090 δεξάμενοι
1103 3009 1322 3085 Ρείας,
1369 3011 1463 3075 ὅτε
1508 3036 1568 3074 τε
1614 3012 1904 3093 Κρόνον
1946 3009 2208 3092 ευρύοπα
2255 3013 2405 3087 Ζεὺς

763 3096 979 3176 γαίης
1025 3095 1248 3176 νέρθε
1293 3102 1604 3158 καθεῖσε
1648 3098 1771 3159 καὶ
1813 3095 2150 3178 ατρυγέτοιο
2193 3097 2538 3176 θαλάσσης·

764 3182 903 3253 τοὺς
947 3174 1053 3260 εἶμ’
1100 3178 1370 3277 ὀψρμένη
1413 3183 1523 3243 καί
1559 3179 1658 3258 σφ’
1703 3182 1911 3262 ἄκριτα
1960 3183 2209 3244 νείκεα
2252 3182 2447 3243 λύσω·

762 3260 880 3342 ἤδη
923 3264 1035 3345 γὰρ
1080 3259 1262 3345 δηρὸν
1306 3266 1518 3346 χρόνον
1561 3262 1835 3347 άλλήλων
1876 3264 2193 3346 ἀπέχονται

762 3346 943 3429 εὐνῆς
986 3349 1085 3411 καὶ
1129 3347 1470 3430 φιλότητος,
1517 3350 1642 3412 ἐπεὶ
1686 3350 1899 3431 χόλος
1946 3351 2152 3429 ἔμπεσε
2182 3357 2390 3438 θυμῷ.

460 3469 611 3527 Tum
656 3471 919 3544 attende,
965 3473 1262 3546 quomodo
1307 3472 1401 3532 hic
1450 3491 1685 3549 quoque
1728 3474 2103 3533 flosculorum
2161 3474 2551 3549 undecunque
2597 3474 2795 3533 decer·

458 3555 786 3629 pendorum
834 3573 1057 3614 morem
1102 3558 1446 3616 retinuerit·
1493 3554 1677 3614 σέθεν
1706 3552 1766 3614 δ’
1801 3554 1912 3635 έγώ
1942 3578 2051 3616 ουκ
2080 3552 2320 3636 ἀλεγίζω
2359 3561 2367 3632 Ι
2408 3552 2538 3615 οὐδ’
2573 3555 2797 3635 ὄθομαι

458 3634 760 3710 κοτέοντος
820 3641 879 3697 A
943 3642 1058 3700 180
1111 3661 1231 3716 sq.3
1306 3634 1562 3719 ὀλέθρου
1620 3636 1872 3719 πείραθ’
1931 3640 2097 3719 ικηαι
2153 3644 2201 3699 Ζ
2254 3644 2368 3702 143
2415 3670 2497 3691 ---
2546 3643 2603 3698 Y
2639 3644 2794 3717 4293

459 3728 586 3781 tum
653 3743 760 3782 nec
823 3716 1027 3801 ἥμενοι
1091 3726 1408 3819 aliquoties
1474 3745 1680 3787 versus
1747 3727 1920 3786 initio
1985 3730 2247 3803 positum
2314 3729 2614 3802 ignoravit
2686 3747 2797 3787 nec

459 3810 696 3882 saepius
736 3810 1055 3884 repetitum
1102 3804 1210 3867 ὑπ’
1258 3802 1446 3888 αὖγας
1475 3803 1690 3887 ἠελίοιο
1718 3817 1824 3872 aut
1843 3807 2181 3888 Ὑπερίονος
2212 3805 2458 3887 ηελίοιος
2506 3811 2796 3872 Tartarus

460 3890 663 3967 βαθύς
718 3912 859 3952 vero
918 3914 985 3953 ex
1032 3892 1084 3951 Θ
1136 3897 1208 3954 13
1255 3915 1340 3971 sq.
1384 3897 1577 3955 fluxit.
1668 3896 2006 3972 Iapetum
2063 3897 2300 3973 quidem
2357 3897 2516 3955 unde
2576 3901 2638 3955 et
2693 3916 2799 3955 cur

459 3977 829 4051 potissimum
878 3978 1139 4037 Saturno
1183 3981 1416 4056 captivo
1461 3982 1687 4039 socium
1743 3982 2109 4055 adiunxerit,
2167 3982 2390 4041 nescire
2447 4000 2538 4040 me
2584 3980 2796 4056 fateor,

458 4065 778 4137 utrumque
821 4082 964 4123 vero
1009 4065 1070 4122 in
1116 4066 1374 4127 tenebris
1432 4066 1707 4126 sedentes
1751 4068 1970 4142 quippe
2020 4063 2324 4142 Τάρταρον
2365 4062 2647 4162 ἠερόεντα
2694 4065 2799 4124 ha

459 4142 725 4205 bitahtes
769 4148 844 4205 ad
878 4147 1327 4207 Cimmeriorum
1375 4152 1500 4209 sive
1545 4149 1957 4210 Cerberiorum
2003 4152 2243 4209 illorum
2289 4151 2610 4227 imaginem
2657 4150 2791 4208 illu-

460 4231 672 4290 stravit
715 4250 814 4290 seu
855 4234 1054 4307 potius
1099 4233 1465 4311 obscuravit,
1514 4235 1588 4294 de
1633 4235 1848 4310 quibus
1892 4235 2151 4311 Necyiae
2197 4235 2619 4310 interpolator.

766 4382 846 4392 -·
1021 4385 1099 4393 —
1273 4385 1354 4396 —
1525 4346 1667 4410 οὐδέ
1708 4346 1844 4410 ποτ’
1890 4346 2110 4424 αυτοὺς

761 4428 952 4510 ἠέλιος
998 4433 1253 4509 φαέθων
1295 4434 1712 4514 καταδέρκεται
1755 4431 2115 4501 άκτίνεσσιν.

691 4766 880 4933 ‘N

883 4942 896 4989 ἲ

899 4992 904 5021 ι
