3132 5129
1247 388 1708 452 ...155-

648 534 784 601 ἔνθ’
832 537 1008 600 ἄλλοι
1052 539 1162 617 μὲν
1205 536 1456 619 πάντες,
1497 536 1628 601 οσοι
1673 538 1870 638 φύγον
1914 540 2101 604 αι’πῦν
2146 542 2432 624 ὄλεθρον,

564 626 720 686 οἴκοι
765 622 905 683 ἔσαν
947 623 1212 703 πόλεμόν
1257 648 1316 688 τε
1360 625 1725 729 πεφευγότες
1769 620 1876 705 ήδὲ
1921 620 2258 688 θάλασσαν·

565 702 664 771 τὸν
709 705 764 768 δ’
814 701 941 769 οἷον
984 707 1206 771 νόστου
1251 708 1614 791 κεχρημένον
1657 705 1766 791 ἠδὲ
1808 711 2098 808 γυναικὸς

566 816 770 873 νυμφη
814 791 1015 856 πότνι’
1064 793 1269 874 ἔρυκε,
1318 794 1589 873 Καλυψώ
1635 797 1738 856 δῖα
1780 791 2018 873 θεάων,

566 879 629 942 έν
673 877 881 942 σπέσσι
925 885 1320 979 γλαφυροῖσι,
1364 879 1707 981 λιλαιομένη
1749 881 1932 942 πόσιν
1976 875 2151 945 εἶναι.
2588 893 2645 940 15

563 961 691 1026 ἀλλ’
738 985 836 1024 οτε
887 957 967 1040 δὴ
1012 963 1137 1038 ἔτος
1180 948 1332 1044 ἦλθε
1375 964 1823 1044 περιπλομένων
1868 963 2190 1045 ἐνιαυτῶν,

564 1060 648 1132 τῷ·
690 1051 752 1110 οι
788 1046 1196 1110 ἐπεκλώσαντο
1238 1049 1375 1112 θεοὶ
1416 1045 1651 1111 οἶκόνδε
1697 1050 1938 1113 νέεσθαι

566 1112 742 1212 νόσφι
793 1129 1241 1207 Ποσειδάωνος·
1285 1132 1321 1195 ὃ
1363 1130 1425 1196 δ’
1473 1132 1762 1215 ἀσπερχὲς
1804 1133 2116 1214 μενέαινεν
2580 1146 2647 1193 20

564 1215 826 1300 ἀντιθέῳ
864 1215 1110 1297 Ὀδυσῆι
1154 1217 1342 1299 πάρος
1385 1217 1467 1297 ἢν
1510 1227 1694 1299 γαῖαν
1738 1219 2005 1282 ἱκέσθαι·
2052 1255 2137 1266 ——

565 1301 694 1367 ἀλλ’
744 1301 780 1365 6
822 1300 933 1380 μὲν
975 1305 1284 1376 Αἰθίοπας
1326 1306 1641 1382 μετεκίαθε
1687 1301 1896 1385 τηλόθ’
1949 1300 2151 1378 ἐόντας

564 1384 823 1452 ἀντιόων
866 1388 1108 1468 ταύρων
1151 1412 1211 1450 τε
1258 1389 1356 1461 καὶ
1399 1384 1657 1469 ἀρνειων
1700 1390 2056 1471 ἑκατόμβης·
2579 1401 2646 1447 25

571 1469 708 1535 ἔνθ’
756 1496 788 1531 ο
833 1497 897 1553 γε
943 1471 1178 1554 τέρπετο
1222 1472 1381 1536 δαιτὶ
1425 1471 1793 1554 παρήμενος·
1840 1511 1924 1521 —-·
1971 1477 2031 1535 οί
2068 1473 2133 1536 δὲ
2178 1473 2255 1550 δὴ
2302 1473 2469 1535 ἄλλοι

569 1556 760 1636 Ζηνὸς
804 1557 894 1619 ένι
937 1559 1286 1639 μεγάροισιν
1322 1555 1649 1638 Ὀλυμπίου
1690 1557 1912 1638 ἀθρόοι
1956 1555 2126 1641 ἦσαν.

609 1649 760 1704 τοῖσι
804 1641 869 1703 δὲ
910 1643 1135 1721 μύθων
1177 1637 1317 1723 ἦρχε
1361 1642 1555 1724 πατὴρ
1597 1639 1840 1725 ἀνδρῶν
1881 1666 1941 1705 τε
1986 1650 2155 1706 θεῶν
2196 1664 2293 1706 τε·

485 1752 520 1790 a
602 1752 694 1805 ,,ω
738 1727 954 1806 πόποι,
998 1722 1128 1790 οἷον
1169 1729 1246 1808 δή
1292 1752 1369 1789 νυ
1411 1731 1600 1801 θεοὺς
1641 1729 1841 1810 βροτοὶ
1882 1727 2242 1791 αἰτιόωνται.
2580 1739 2646 1785 32

570 1811 626 1889 ἐξ
671 1806 869 1891 ημέων
910 1807 1024 1893 γάρ
1069 1830 1218 1890 φασι
1259 1809 1399 1874 κάκ’
1448 1813 1721 1893 ἔμμεναι·
1768 1815 1828 1874 οι
1872 1812 1935 1874 δὲ
1978 1813 2079 1874 καὶ
2124 1837 2295 1875 αυτοι

569 1909 793 2003 σφῇσιν
834 1893 1276 1982 ἀτασθαλίῃσιν
1317 1895 1468 1973 ὑπὲρ
1516 1899 1705 1978 μόρον
1744 1891 1910 1977 ἄλγε’
1959 1897 2208 1977 ἔχουσιν.

612 1980 692 2056 ὧς
737 1983 839 2044 καὶ
883 1993 1001 2044 νῦν
1048 1984 1348 2083 Αἴγισθος
1393 1980 1543 2063 ὑπὲρ
1586 1979 1769 2063 μόρον
1808 1980 2110 2062 Ἀτρεΐδαο
2581 1993 2647 2040 35

569 2065 710 2165 γῆμ’
758 2068 977 2147 ἄλοχον
1017 2064 1314 2147 μνηστήν,
1365 2067 1471 2130 τὸν
1514 2066 1575 2129 δ’
1625 2067 1836 2129 ἔκτανε
1883 2064 2272 2147 νοστήσαντα,

569 2144 738 2227 είδως
783 2148 969 2213 αἰπυν
1013 2153 1300 2233 ὄλεθρον,
1346 2150 1473 2214 ἐπεὶ
1515 2153 1630 2233 πρό
1673 2155 1735 2215 οἷ
1772 2154 2016 2232 εἴπομεν
2056 2151 2258 2233 ἡμεις,

562 2237 840 2342 Ἑρμείαν
881 2237 1221 2317 πέμψαντες
1269 2236 1569 2300 ἐύσκοπον
1609 2235 2044 2318 ἀργεῖφόντην,

569 2320 700 2402 μήτ’
753 2318 939 2385 αυτὸν
981 2322 1235 2384 κτείνειν
1276 2319 1418 2402 μήτε
1459 2323 1776 2402 μνάασθαι
1818 2323 2079 2384 ακοιτιν·

571 2407 658 2480 ,έκ
700 2431 813 2505 γαρ
853 2405 1129 2485 Ὀρέσταο
1175 2408 1322 2482 τίσις
1368 2407 1595 2469 ἔσσεται
1635 2405 1973 2488 Ἀτρεΐδαο,
2581 2417 2649 2465 40

571 2486 784 2554 ὁππότ’
830 2517 911 2554 αν
929 2489 1158 2593 ἡβήσῃ
1202 2515 1262 2553 τε
1305 2493 1406 2554 καὶ
1448 2480 1528 2599 ἦς
1565 2494 1844 2574 ἱμείρεται
1891 2492 2072 2569 αἴηςὲ

576 2573 657 2652 ὦς
701 2575 887 2654 ἔφαθ’
929 2569 1234 2675 Ερμείας,
1279 2570 1409 2640 ἀλλ’
1458 2600 1530 2640 ου
1575 2578 1801 2683 φρένας
1846 2580 2168 2681 Αἰγίσθοιο

572 2659 741 2724 πειθ’
789 2654 994 2765 ἀγαθα
1039 2659 1336 2743 φρονέων·
1386 2674 1504 2724 νῦν
1545 2660 1608 2724 δ’
1655 2658 1857 2743 ἀθρόα
1900 2660 2083 2724 πάντ’
2131 2656 2389 2724 ἀπέτισε.
2396 2665 2437 2699 “

655 2746 762 2808 τὸν
805 2745 866 2808 δ’
911 2740 1173 2828 ἠμείβετ’
1223 2746 1422 2810 ἔπειτα
1463 2747 1583 2810 θεὰ
1626 2754 1968 2829 γλαυκῶπις
2010 2741 2273 2826 Ἀθήνη·

493 2857 527 2893 a
565 2858 653 2912 ,,ω
698 2832 882 2912 πάτερ
924 2830 1165 2936 ἡμέτερε
1209 2834 1507 2914 Κρονίδη,
1551 2832 1745 2895 ὕπατε
1792 2834 2140 2913 κρειόντων,
2584 2842 2648 2889 45

572 2917 670 2978 καὶ
714 2919 855 2997 λίην
897 2917 1094 2991 κεῖνός
1138 2939 1204 3021 γε
1250 2917 1460 2980 ἐοικότι
1502 2924 1692 2980 κεῖται
1735 2914 1994 3020 όλέθρῳ·

572 3001 650 3104 ὡς
691 2998 967 3064 ἀπόλοιτο
1011 3001 1112 3064 καὶ
1155 3000 1360 3081 αλλος,
1406 3027 1437 3065 ο
1485 3027 1574 3076 τις
1620 3001 1862 3064 τοιαῦτά
1903 3026 1967 3083 γε
2014 3000 2185 3107 ῥέζοι.

613 3081 759 3147 ἀλλά
803 3109 904 3165 μοι
945 3079 1099 3167 ἀμφ’
1137 3082 1380 3165 Οδυσῆι
1423 3088 1711 3166 δαΐφρονι
1756 3088 1981 3148 δαίεται
2025 3078 2202 3184 ἦτορ,

575 3167 869 3251 δυσμόρω,
912 3168 979 3245 ὃς
1023 3172 1120 3272 δὴ
1147 3170 1312 3271 δηθὰ
1355 3175 1564 3276 φίλῳν
1588 3171 1710 3234 ἄπο
1753 3168 1995 3251 πήματα
2041 3165 2254 3249 πάσχει

575 3256 731 3342 νήσῳ
776 3234 917 3319 ἔν’
885 3280 1228 3357 αμφιρυτῃ,
1276 3252 1382 3319 όθι
1430 3249 1482 3317 τ’
1531 3252 1803 3339 ὀμφαλός
1848 3255 1967 3317 έστι
2013 3256 2348 3334 θαλάσσης·
2585 3267 2652 3315 50
2692 3266 2723 3313 6

577 3344 752 3420 νῆσος
798 3339 1189 3420 δενδρήεσσα,
1233 3335 1352 3403 θεά
1399 3335 1453 3401 δ’
1505 3339 1569 3401 έν
1613 3341 1853 3419 δώματα
1898 3344 2084 3418 ναίει,

563 3421 877 3500 ’Ἄτλαντος
918 3423 1192 3508 θυγάτηρ
1237 3418 1625 3506 ὀλοόφρονος,
1673 3450 1748 3500 ος
1791 3448 1850 3487 τε
1895 3422 2201 3504 θαλάσσης

577 3512 767 3591 πάσης
810 3512 1034 3594 βένθεα
1078 3506 1273 3591 οἶδεν,
1318 3512 1435 3591 ἔχει
1480 3512 1547 3574 δέ
1591 3536 1650 3574 τε
1694 3513 1897 3584 κίονας
1940 3506 2122 3584 αὐτὸς
2276 3520 2287 3524 “

575 3592 832 3678 μακράς,
876 3601 945 3659 αι
985 3592 1166 3695 γαῖάν
1210 3618 1270 3658 τε
1314 3596 1416 3659 καὶ
1460 3589 1723 3672 ουρανόν
1764 3593 1956 3676 ἀμφὶς
2001 3596 2216 3677 ἔχουσι.

578 3684 680 3745 τοῦ
724 3682 1001 3762 θυγάτηρ
1047 3676 1341 3760 δυ’στηνον
1390 3676 1756 3761 ὀδυρόμενον
1783 3679 2148 3781 κατερύκει,
2584 3691 2650 3738 55

575 3767 688 3830 αἰεὶ
732 3766 799 3829 δὲ
843 3773 1190 3865 μαλακοισι
1214 3767 1316 3828 καὶ
1362 3768 1693 3846 αἱμυλίοισι
1732 3761 1960 3847 λόγοισι

575 3853 806 3933 θέλγει,
851 3851 1016 3926 ὅπως
1053 3844 1300 3950 Ιθάκης
1344 3847 1704 3951 ἐπιλήσεται·
1750 3848 1940 3932 αὐτὰρ
1978 3847 2325 3928 Ὀδυσσεύς,

578 3938 799 4019 ἱέμενος
847 3939 948 3999 και
991 3927 1231 4000 καπνόν
1271 3932 1746 4016 ἀποθρώσκοντα
1793 3940 2000 4019 νοῆσαι

577 4014 650 4099 ής
691 4023 891 4103 γαίης,
936 4022 1181 4085 θανέειν
1193 4024 1521 4127 ἱμείρεται.
1599 4020 1740 4084 ουδέ
1783 4045 1857 4083 νυ
1902 4023 2001 4083 σοί
2040 4043 2149 4096 περ

578 4106 908 4185 ἐντρέπεται
952 4109 1132 4186 φίλον
1173 4098 1355 4186 ἦτορ,
1393 4103 1695 4186 Ὀλυμπιε.
1763 4131 1834 4170 ov
1884 4102 1959 4169 νύ
2000 4104 2054 4168 τ’
2098 4097 2415 4177 Ὀδυσσεὺς
2586 4115 2652 4162 60

575 4191 847 4272 Ἀργείων
892 4189 1058 4269 παρὰ
1105 4192 1282 4273 νηυσὶ
1327 4194 1586 4290 χαρίζετο
1631 4186 1775 4296 ἱερα
1802 4192 1985 4272 ῥέζων

585 4279 761 4361 Τροίῃ
806 4276 870 4339 έν
914 4273 1146 4381 εὖρείῃς
1195 4277 1256 4340 τί
1292 4302 1370 4338 vv
1412 4281 1476 4342 οἱ
1512 4276 1687 4339 τόσον
1733 4274 2006 4353 ὠδύσαο,
2054 4277 2201 4345 Ζεῦ;
2188 4279 2246 4313 ·“

661 4362 773 4440 τήν
819 4355 877 4423 δ’
924 4360 1400 4460 ἀπαμειβόμενος
1443 4362 1715 4442 προσέφη
1762 4361 2182 4443 νεφεληγερέτα
2227 4355 2409 4433 Ζεύς·

582 4447 835 4526 ,,τέκνον
879 4446 1053 4531 ἐμόν,
1102 4444 1274 4513 ποιόν
1322 4468 1386 4511 σε
1431 4449 1572 4522 ἔπος
1615 4445 1803 4528 φύγεν
1848 4446 2016 4527 ἕρκος
2063 4444 2347 4509 ὀδόντων.
