3132 5129
1413 375 1702 439 -398
1793 414 1870 426 -.-

470 523 635 607 Εμο
651 552 708 606 ς,
755 531 911 607 quod
956 532 1148 607 posui,
1195 535 1256 590 et
1297 532 1535 609 egregie
1578 533 1901 608 respondet
1942 533 2034 591 illi
2078 522 2208 603 τεὸς
2244 526 2539 603 Διόνυσος
2572 553 2627 592 v.
2660 533 2805 608 510,

468 620 530 674 et
573 616 780 676 eodem
823 616 1001 675 modo
1047 617 1165 709 iam
1209 636 1262 676 v.
1297 618 1419 676 509
1450 618 1785 677 invenitur:
1834 624 2011 694 κῆτος
2057 613 2199 675 ὅλον
2241 614 2591 695 περίμετρον
2636 577 2805 693 ἔμὸς

466 696 803 779 πετρῶσατο
853 701 919 757 Π
924 714 1199 775 ερσευς
1772 722 1783 731 ·

635 784 909 861 XLVIII,
942 786 1065 844 447
1089 805 1176 862 sq.
1239 785 1385 846 Dice
1417 785 1688 862 Dianam,
1734 806 1883 863 qnae
1913 787 1987 846 de
2017 786 2216 847 Aurae
2247 787 2499 864 virginis
2530 787 2804 864 superbia

466 872 736 947 querelas
781 870 1041 945 fuderat,
1087 871 1173 929 ita
1217 870 1584 931 consolatur.

677 989 784 1046 καί
820 1009 924 1065 μιν
967 986 1244 1067 (Auram)
1292 983 1718 1067 ἕσαθρήσειας,
1767 982 2148 1068 ὀρεσσιχύτου
2184 985 2293 1055 διὰ
2338 982 2564 1049 κόλπου

679 1068 929 1151 δάκρυσι
972 1073 1317 1150 πηγαίοισιν
1360 1068 1732 1154 ὀδυρομένην
1775 1072 1856 1134 ἔτι
1902 1075 2132 1154 μίτρην.

468 1192 737 1252 Graefius
791 1192 1047 1252 addidit.
1119 1195 1448 1268 „Fortasse
1506 1189 1602 1252 ἐπὶ
1656 1191 1851 1274 μίτρῃ.
1872 1193 1906 1225 “
2008 1195 2123 1255 Sed
2178 1169 2504 1255 rectissime
2558 1196 2803 1272 vulgata

468 1280 758 1353 scriptura
803 1278 997 1338 habet.
1070 1238 1224 1337 Nam
1255 1298 1464 1340 sensus
1508 1280 1604 1339 hic
1649 1285 1771 1340 est:
1820 1284 1922 1355 „et
1967 1279 2195 1340 videbis
2240 1300 2400 1354 eam,
2461 1281 2802 1340 montifluos

468 1382 576 1440 per
629 1365 792 1422 sinus
849 1363 1178 1422 fontalibus
1233 1365 1489 1423 lacrimis
1544 1364 1735 1425 adhuc
1790 1366 1862 1425 de
1916 1367 2093 1424 mitra
2152 1366 2368 1424 amissa
2437 1364 2801 1441 lugentem.“

465 1448 619 1506 Nam
665 1449 863 1519 etiam,
910 1451 1223 1524 postquam
1267 1449 1329 1508 i‘n
1375 1450 1603 1508 fontem
1648 1450 1860 1509 diffusa
1901 1454 2048 1525 erat,
2097 1451 2465 1526 virginitatis
2509 1451 2801 1509 iacturam

467 1533 632 1592 Aura
674 1532 1028 1607 deploravit.
1115 1532 1249 1595 Vid.
1294 1535 1453 1592 infra
1506 1536 1627 1594 933
1661 1554 1792 1611 sqq.
1873 1534 2039 1595 Nihil
2095 1539 2292 1593 autem
2351 1535 2692 1594 offensionis
2735 1535 2799 1593 in

468 1617 587 1675 illis
631 1616 984 1676 accusativis
1029 1636 1149 1677 non
1194 1619 1342 1677 satis
1384 1620 1694 1696 eleganter
1737 1619 2247 1679 concurrentibus,
2323 1620 2451 1679 Hoc
2496 1620 2652 1679 enim
2682 1638 2803 1679 non

470 1701 688 1776 ubique
748 1702 962 1761 vitavit
1011 1702 1088 1763 N.
1179 1702 1267 1765 Cf.
1311 1703 1539 1779 XXIII,
1602 1705 1722 1763 239
1790 1705 1893 1763 nbi
1964 1705 2036 1763 de
2104 1704 2476 1763 Phaethonte
2544 1704 2801 1763 dictum:

463 1780 698 1844 Ἠελίου
754 1782 992 1863 θρασὺν
1048 1777 1181 1864 υἷα,
1240 1820 1315 1830 -
1381 1790 1391 1864 Ι
1451 1782 1715 1865 ουρανὸν
1769 1783 2098 1849 ἱππεύοντα
2151 1786 2346 1866 πατὴρ
2402 1780 2539 1866 ἐμὸς
2596 1785 2801 1865 ἔφλεγε

469 1876 696 1953 πυρσῷ.

638 1930 793 2016 ‘Ibid.
842 1957 963 2015 563
995 1977 1083 2032 sq.
1149 1956 1413 2017 Bacchus
1458 1958 1753 2019 dormiens
1797 1959 1872 2018 ab
1921 1958 2212 2019 Ariadnes
2258 1958 2590 2033 simulacrO,
2636 1958 2799 2034 quod

470 2041 524 2100 ei
569 2060 674 2116 per
718 2060 988 2100 somnum
1032 2045 1299 2118 apparet,
1345 2043 1664 2103 excitatur:

640 2153 720 2229 ὡς
764 2156 1033 2237 φαμένη,
1081 2153 1337 2220 σκιόεντι
1379 2160 1725 2232 πανείκελος
1770 2158 2034 2221 ἔσσυτο
2077 2169 2297 2257 καπνῷ

640 2242 742 2303 καὶ
783 2243 1019 2321 θρασὺς
1065 2242 1323 2304 ἔσσυτο
1369 2242 1627 2323 Βάκχος,
1672 2242 2086 2317 ἀποσκεδάσας
2128 2267 2341 2323 πτερον
2387 2267 2602 2307 υπνου.

471 2364 764 2440 Displicet
817 2365 1005 2424 altero
1060 2384 1235 2426 versu
1292 2360 1535 2464 ἔσσυτο,
1592 2370 1653 2426 et
1704 2368 1845 2441 quia
1903 2367 2062 2426 idem
2120 2368 2366 2427 verbum
2413 2366 2593 2426 modo
2637 2368 2803 2424 ante-

468 2450 675 2524 cessit,
737 2452 799 2508 et
854 2452 994 2548 quia
1048 2450 1178 2526 ipsa
1219 2468 1335 2509 vox
1378 2451 1556 2510 nimis
1600 2451 1877 2528 ambigue
1923 2455 1985 2510 et
2029 2471 2178 2529 vage
2226 2452 2385 2510 dicta
2427 2456 2535 2510 est.
2627 2450 2803 2509 Certe

469 2529 736 2606 εξέσσυτο
780 2538 885 2594 aut
927 2526 1173 2611 άνθορε,
1221 2538 1326 2594 aut
1370 2536 1561 2596 simile
1610 2536 1753 2613 quid
1800 2534 1893 2614 (ut
1922 2537 1994 2609 V,
2028 2538 2171 2596 535.
2221 2536 2355 2612 VII,
2394 2539 2532 2599 156.
2580 2535 2801 2611 XVIII,

476 2622 611 2680 168.
657 2619 784 2696 XX,
821 2623 918 2682 99.
970 2622 1174 2692 Quint.
1211 2621 1331 2683 Sm.
1366 2621 1499 2696 XII,
1537 2621 1684 2697 113)
1717 2622 2029 2682 dicendum
2072 2626 2220 2682 erat.
2295 2623 2503 2697 Itaque
2535 2623 2628 2680 hic
2661 2640 2805 2697 quo·

235 2706 244 2715 “
335 2712 436 2760 660
467 2724 581 2779 que
636 2704 711 2763 N.
759 2706 1059 2781 scripsisse
1114 2711 1286 2782 puto:
1346 2698 1447 2763 καὶ
1503 2702 1741 2784 θρασὺς
1798 2703 2051 2784 ἔγρετο
2108 2700 2370 2784 Βάκχος,
2428 2711 2495 2765 ut
2552 2705 2671 2780 111,
2721 2708 2802 2765 78

465 2786 685 2865 πρώιος
743 2785 987 2867 ἔγρετο
1037 2788 1307 2866 Κάδμος,
1365 2794 1428 2850 et
1471 2791 1705 2863 XVIII,
1754 2792 1877 2850 204
1924 2791 2199 2870 κοίρανος
2256 2790 2504 2870 ἔγρετο
2550 2786 2793 2863 Βότρυς.
