3132 5129
1358 389 1434 397 —
1526 351 1820 414 262-

412 509 744 583 plectentes
804 507 1126 582 divideret,
1185 509 1551 585 „genuinum
1609 509 1891 584 cuiusque
1946 508 2224 569 sectionis
2285 509 2561 568 textum“
2605 511 2665 569 h.
2712 530 2762 570 e.

418 612 572 668 eum,
618 612 792 668 quem
838 594 954 651 iam
1001 594 1365 668 compositor
1407 594 1761 665 invenisset,
1808 597 1871 652 et
1912 595 1988 653 ab
2034 594 2208 653 huius
2254 595 2445 669 ipsius
2491 595 2762 670 „addita-

317 685 381 733 18
421 676 679 737 mentis“
726 681 790 736 et
830 698 867 736 a
912 679 1314 753 „recensionis
1359 679 1707 754 posterioris
1738 678 1974 739 laciniis
2005 678 2464 756 distingueret“,
2511 681 2629 753 hic,
2675 681 2763 740 in·

417 782 624 839 quam,
683 762 814 822 illas
872 763 1112 838 quidem
1170 765 1549 839 quaestiones
1595 782 1703 823 suo
1747 764 1877 824 iure
1920 764 2054 823 aliis
2100 764 2456 824 factitandae
2499 766 2760 841 reliquit,

417 867 526 906 nec
570 851 773 907 tamen
819 847 1300 924 „correctiones“
1346 848 1649 908 interdum
1690 849 2134 925 reformidavit,
2180 869 2288 925 pro
2320 849 2591 924 „obelis“
2621 869 2760 911 vero

419 933 718 1008 „minores
776 936 839 993 et
896 933 1176 993 minimos
1235 937 1415 1011 typos
1472 932 1788 993 adhibuit“
1844 934 2069 994 maiore
2124 935 2391 1010 profecto
2435 936 2763 1013 legentium

417 1017 749 1077 commodo,
1966 1091 1974 1099 α

590 1102 707 1162 Sed
750 1107 819 1163 ut
862 1105 979 1162 iam
1022 1123 1060 1162 a
1103 1103 1435 1179 strophis
1481 1103 1856 1180 incipiamus,
1904 1104 1954 1162 si
2000 1105 2352 1180 simpliciter
2397 1106 2585 1165 oculis
2631 1124 2760 1164 eam

416 1189 480 1247 in
524 1206 652 1245 rem
698 1188 948 1247 intentis
991 1187 1273 1263 reliquias
1317 1189 1453 1247 illas
1497 1189 2079 1264 perlustraverimus,
2127 1207 2249 1248 non
2280 1192 2611 1265 poterimus
2639 1209 2763 1250 non

416 1275 477 1332 in
525 1272 674 1331 Gru
688 1274 853 1349 ppii
911 1273 1385 1334 observationem
1443 1273 1702 1332 incidere
1747 1275 1810 1332 et
1851 1273 1999 1349 ipsi,
2055 1293 2173 1350 qua
2215 1275 2322 1334 ille
2367 1276 2573 1334 multis
2617 1276 2763 1336 locis

417 1362 481 1417 et
533 1361 845 1417 ternorum
903 1362 963 1417 et
1019 1358 1337 1433 quinorum
1401 1377 1679 1418 versuum
1737 1359 2011 1434 strophas
2065 1359 2322 1418 inveniri
2385 1360 2556 1420 vidit.
2644 1361 2762 1419 Res

419 1444 660 1518 etenim,
706 1462 886 1519 quam
916 1462 1027 1502 nec
1055 1443 1430 1503 infestissimi
1465 1441 1812 1519 Gruppiano
1842 1443 2089 1504 invento
2120 1444 2440 1504 Herman
2458 1445 2534 1503 ni
2565 1449 2762 1504 aucto·

416 1530 595 1588 ritate
646 1527 1034 1604 comprobato
1080 1528 1271 1587 critici
1315 1546 1536 1604 negare
1580 1530 1864 1604 possunt,
1911 1529 2053 1588 haec
2098 1532 2220 1605 est,
2280 1529 2414 1589 aliis
2459 1529 2605 1590 locis
2648 1533 2762 1589 ter-

416 1615 612 1673 narias
679 1613 811 1672 aliis
878 1613 1183 1688 quinarias
1252 1612 1529 1687 strophas
1599 1612 1878 1688 deinceps
1949 1613 2292 1689 decurrere,
2363 1615 2498 1674 aliis
2557 1634 2764 1675 versus

420 1699 702 1757 facillimo
758 1698 998 1774 negotio
1045 1702 1105 1756 et
1149 1699 1212 1756 in
1257 1698 1550 1758 ternarias
1595 1700 1658 1757 et
1702 1698 1765 1756 in
1809 1699 2112 1773 quinarias
2157 1699 2434 1775 strophas
2480 1701 2761 1776 coniungi

421 1802 612 1860 posse,
658 1782 875 1858 quibus
920 1784 982 1840 in
1028 1782 1174 1842 locis
1219 1782 1377 1841 haud
1423 1801 1556 1841 raro
1601 1783 1894 1859 ternaria,
1942 1803 2092 1860 quae
2136 1803 2373 1843 sensum
2417 1784 2759 1844 absolutum

421 1868 699 1945 praebuit
743 1867 1003 1943 stropha,
1051 1867 1275 1926 additis
1320 1866 1554 1926 duobus
1599 1868 1872 1927 versibus
1916 1869 1979 1927 in
2023 1870 2355 1943 quinariam
2401 1870 2765 1946 amplificata

420 1972 549 2013 esse
609 1952 866 2013 videtur.
955 1952 1102 2010 Inde
1157 1951 1577 2012 accedentibus
1632 1954 1876 2028 insuper
1932 1953 2068 2014 aliis
2111 1954 2345 2014 indiciis
2388 1974 2510 2013 non
2555 1954 2763 2014 dubito

419 2039 567 2115 quin
627 2037 954 2097 rectissime
1015 2037 1399 2096 concludatur
1454 2038 1755 2114 duplicem
1803 2038 1947 2096 olim
1990 2038 2174 2098 fuisse
2220 2039 2604 2117 Theogoniae
2649 2039 2763 2098 He·

423 2124 658 2184 siodeae
704 2122 976 2197 formam,
1025 2123 1277 2181 alteram
1307 2123 1705 2198 antiquiorem
1734 2125 1797 2182 et
1826 2123 2159 2183 breviorem
2191 2128 2582 2184 ternariarum
2613 2128 2765 2184 stro-

423 2210 693 2285 pharum,
742 2209 992 2267 alteram
1034 2227 1071 2266 a
1113 2207 1447 2266 recentiore
1491 2210 1671 2282 poeta
1713 2225 1835 2267 non
1880 2208 2074 2268 solum
2119 2228 2189 2268 ex
2231 2209 2337 2268 illa
2367 2211 2429 2268 in
2464 2210 2765 2285 quinarias

423 2293 695 2369 strophas
740 2292 1162 2367 amplificatam
1194 2291 1297 2352 sed
1327 2293 1510 2351 etiam
1544 2291 1965 2353 additamentis
1998 2294 2155 2352 haud
2186 2295 2394 2370 paucis
2421 2295 2763 2369 adauctam3

421 2379 574 2437 hanc
624 2377 923 2452 duplicem
965 2377 1220 2437 formam
1264 2379 1474 2452 postea
1518 2379 1984 2437 contaminatam
2029 2382 2317 2438 mutatam
2363 2378 2614 2439 subinde
2658 2397 2766 2437 no-

423 2465 633 2539 visque
697 2465 759 2521 et
812 2462 1063 2522 fortasse
1118 2463 1236 2521 iam
1296 2462 1538 2522 maioris
1584 2462 1847 2523 ambitus
1891 2464 2121 2523 laciniis
2166 2465 2531 2523 cumulatam
2577 2463 2765 2522 'Pheo-

423 2549 636 2627 goniae
693 2547 811 2607 iam
857 2547 1341 2608 concinnatorem
1385 2548 1683 2609 invenisse
1728 2550 1931 2625 itaque
1977 2547 2333 2626 discerptam
2378 2550 2627 2626 insuper
2669 2548 2764 2608 hic

424 2635 574 2709 illic,
634 2633 857 2692 scilicet
898 2636 969 2692 ut
1010 2652 1143 2693 cum
1188 2634 1400 2692 ceteris
1444 2634 1725 2693 membris
1770 2634 2008 2694 aliunde
2053 2635 2321 2695 collectis
2365 2635 2764 2711 copularetur,

424 2720 488 2778 in
531 2738 711 2778 suum
757 2735 970 2793 corpus
1014 2719 1321 2793 recepisse.

594 2803 722 2862 Iam
778 2802 966 2879 igitur
1025 2803 1288 2864 breviter
1344 2822 1546 2863 omnes
1601 2804 1736 2864 illas
1781 2808 1981 2879 partes
2026 2823 2481 2881 percenseamus
2526 2805 2641 2879 ita,
2697 2807 2771 2864 ut

426 2888 532 2948 ubi
585 2891 692 2946 aut
743 2888 1041 2947 ternarias
1097 2891 1202 2947 aut
1259 2888 1565 2963 quinariae
1610 2892 1716 2949 aut
1759 2891 2042 2968 utraeque
2088 2889 2370 2965 strophae
2416 2891 2769 2965 conspicuae

429 2975 552 3033 sint
611 2972 971 3048 indicemus,
1041 2972 1144 3031 ubi
1201 2990 1340 3032 vero
1398 2974 1716 3032 earundem
1775 2975 2033 3051 vestigia
2089 2979 2153 3034 et
2195 2975 2651 3034 contaminando
2705 2977 2771 3033 et

427 3057 843 3133 interpolando
887 3062 994 3117 aut
1037 3058 1351 3118 obscurata
1392 3061 1498 3117 aut
1539 3077 1783 3134 prorsus
1831 3059 2186 3119 oblitterata
2229 3061 2370 3136 sint,
2425 3062 2583 3119 certe
2627 3078 2768 3134 quo·

428 3143 602 3202 modo
659 3143 938 3219 primitus
994 3144 1353 3218 compositae
1407 3137 1535 3203 esse
1578 3142 1922 3220 potuerint,
1982 3146 2318 3205 coniectura
2363 3144 2770 3205 demonstrare

425 3247 545 3287 non
593 3227 957 3288 dubitemus.

597 3312 695 3371 Ut
712 3331 744 3370 r
759 3313 778 3371 i
793 3331 1022 3389 usque
1066 3313 1294 3373 formae
1337 3313 1713 3373 luculentum
1757 3315 2088 3390 exemplum
2136 3315 2343 3374 statim
2385 3315 2560 3374 initio
2595 3315 2770 3375 habe-

428 3417 559 3456 mus
603 3430 686 3439 —
731 3399 1125 3472 antiquiorem
1170 3398 1373 3458 littera
1415 3400 1500 3476 A,
1559 3399 1949 3459 recentiorem
1992 3400 2198 3460 littera
2242 3399 2291 3458 B
2336 3403 2613 3460 notamus
2657 3422 2765 3458 -—-:

951 3534 1027 3591 A.
1201 3507 1202 3510 ‘
2176 3535 2249 3594 B.

499 3647 673 3709 Ἤτοι
693 3646 805 3728 μὲν
825 3648 1125 3730 πρώτιστα
1139 3646 1301 3722 Χάος
1324 3646 1415 3729 γέ·
1719 3650 1897 3712 '‘Hi-ot
1916 3649 2028 3730 μὲν
2048 3650 2351 3733 πρώτιστα
2377 3644 2541 3724 Χάος
2566 3645 2770 3732 γένετ’,

736 3730 880 3813 νετ’,
910 3730 1102 3813 αὐτὰρ
1136 3732 1336 3796 ἔπειτα
1451 3746 1546 3795 116
1950 3730 2138 3818 αὐτὰρ
2168 3735 2367 3797 ἔπειτα

432 3813 568 3877 Γαῖ’
594 3813 998 3899 εὐρύστερνος,
1016 3817 1265 3882 πάντων
1285 3817 1417 3894 ἕδος
1652 3815 1792 3883 Γαῖ’
1849 3818 2236 3902 εὐρύστερνος
2258 3867 2276 3901 ,
2333 3814 2580 3882 πάντων
2637 3818 2770 3894 ἕδος

729 3899 993 3978 ἀσφαλὲς
1037 3903 1183 3982 αἰεί,
1951 3903 2220 3983 ἀσφαλὲς
2263 3907 2411 3985 αἰεί,

427 3982 528 4067 ἠδ’
562 3985 774 4067 Ἔρος,
821 3985 887 4061 ὃς
930 3987 1215 4050 πάντεσσι
1242 4012 1413 4074 μετοι-
1650 3986 1748 4070 ἠδ’
1781 3982 1988 4072 ”Ερος,
2043 3988 2112 4065 ὃς
2155 3991 2461 4065 κάλλιστος
2508 3990 2575 4052 ἐν
2616 3987 2772 4051 ἆθα-

732 4070 943 4154 πρέπει
984 4069 1358 4137 ἀθανάτοισι.
1451 4087 1548 4136 120
1955 4075 2186 4138 νᾶτοισι
2230 4081 2457 4155 θεοῖσι,

1652 4175 1972 4243 λυειμελὴς,
1999 4177 2239 4230 πάντων
2263 4192 2328 4230 τε
2352 4179 2506 4231 θεῶν
2532 4176 2776 4229 πάντων

1596 4233 1601 4346 ff
1954 4278 1988 4314 τ
2003 4262 2017 4280 ‘
2041 4261 2368 4328 ἀνθρώπων

1596 4357 1602 4495 Ι
1650 4343 1926 4410 δάμναται
1962 4346 2025 4398 ἐν
2061 4347 2325 4414 (τήθεσσι
2360 4346 2500 4399 νόον
2531 4347 2624 4399 καὶ
2657 4347 2775 4400 ἐπί·

1956 4446 2143 4496 φρονα
2178 4429 2406 4498 βουλήν.
