<?xml version="1.0" encoding="UTF-8"?>
<!DOCTYPE html PUBLIC "-//W3C//DTD XHTML 1.0 Transitional//EN"
    "http://www.w3.org/TR/xhtml1/DTD/xhtml1-transitional.dtd">
<html xmlns="http://www.w3.org/1999/xhtml" xml:lang="en" lang="en">
 <head>
  <title>
</title>
<meta http-equiv="Content-Type" content="text/html;charset=utf-8" />
  <meta name='ocr-system' content='tesseract 3.04.00' />
  <meta name='ocr-capabilities' content='ocr_page ocr_carea ocr_par ocr_line ocrx_word'/>
</head>
<body>
  <div class='ocr_page' id='page_1' title='image "./opusculaphilolo00koecgoog_0540.png"; bbox 0 0 3132 5129; ppageno 0'>
   <div class='ocr_carea' id='block_1_1' title="bbox 444 1609 476 1655">
    <p class='ocr_par' dir='ltr' id='par_1_1' title="bbox 444 1609 476 1655">
     <span class='ocr_line' id='line_1_1' title="bbox 444 1609 476 1655; baseline 0.063 -2"><span class='ocrx_word' id='word_1_1' title='bbox 444 1609 476 1655; x_wconf 81' lang='lat'><strong>3</strong></span> 
     </span>
    </p>
   </div>
   <div class='ocr_carea' id='block_1_2' title="bbox 508 1232 2847 1501">
    <p class='ocr_par' dir='ltr' id='par_1_2' title="bbox 508 1232 2847 1501">
     <span class='ocr_line' id='line_1_2' title="bbox 1528 1232 1822 1317; baseline 0 -1"><span class='ocrx_word' id='word_1_2' title='bbox 1528 1232 1822 1317; x_wconf 88' lang='lat' dir='ltr'><strong>XXVI.</strong></span> 
     </span>
     <span class='ocr_line' id='line_1_3' title="bbox 508 1401 2847 1501; baseline 0 -25"><span class='ocrx_word' id='word_1_3' title='bbox 508 1406 1068 1478; x_wconf 84' lang='lat' dir='ltr'><strong>Emendationum</strong></span> <span class='ocrx_word' id='word_1_4' title='bbox 1109 1407 1181 1477; x_wconf 89' lang='lat' dir='ltr'><strong>in</strong></span> <span class='ocrx_word' id='word_1_5' title='bbox 1220 1404 1568 1494; x_wconf 80' lang='lat' dir='ltr'><strong>Euripidis</strong></span> <span class='ocrx_word' id='word_1_6' title='bbox 1618 1404 2039 1493; x_wconf 79' lang='lat' dir='ltr'><strong>Iphigeniam</strong></span> <span class='ocrx_word' id='word_1_7' title='bbox 2074 1403 2428 1476; x_wconf 77' lang='lat' dir='ltr'><strong>Tauricam</strong></span> <span class='ocrx_word' id='word_1_8' title='bbox 2465 1423 2624 1496; x_wconf 83' lang='lat' dir='ltr'><strong>pars</strong></span> <span class='ocrx_word' id='word_1_9' title='bbox 2662 1401 2847 1501; x_wconf 89' lang='lat'><strong>111¹).</strong></span> 
     </span>
    </p>
   </div>
   <div class='ocr_carea' id='block_1_3' title="bbox 505 1576 2848 3516">
    <p class='ocr_par' dir='ltr' id='par_1_3' title="bbox 505 1576 2848 3344">
     <span class='ocr_line' id='line_1_4' title="bbox 677 1576 2843 1637; baseline 0.001 -3"><span class='ocrx_word' id='word_1_10' title='bbox 677 1577 804 1635; x_wconf 86' lang='lat' dir='ltr'><strong>Iam</strong></span> <span class='ocrx_word' id='word_1_11' title='bbox 846 1577 921 1635; x_wconf 90' lang='lat' dir='ltr'><strong>ad</strong></span> <span class='ocrx_word' id='word_1_12' title='bbox 967 1580 1226 1636; x_wconf 85' lang='lat' dir='ltr'><strong>carmina</strong></span> <span class='ocrx_word' id='word_1_13' title='bbox 1270 1577 1575 1635; x_wconf 86' lang='lat' dir='ltr'><strong>chorica</strong></span> <span class='ocrx_word' id='word_1_14' title='bbox 1620 1580 1858 1636; x_wconf 82' lang='lat' dir='ltr'><strong>transeo</strong></span> <span class='ocrx_word' id='word_1_15' title='bbox 1888 1595 2000 1635; x_wconf 91' lang='lat' dir='ltr'><strong>nec</strong></span> <span class='ocrx_word' id='word_1_16' title='bbox 2029 1576 2287 1636; x_wconf 76' lang='lat' dir='ltr'><strong>libenter</strong></span> <span class='ocrx_word' id='word_1_17' title='bbox 2317 1596 2425 1635; x_wconf 88' lang='lat' dir='ltr'><strong>nec</strong></span> <span class='ocrx_word' id='word_1_18' title='bbox 2457 1576 2843 1637; x_wconf 78' lang='lat' dir='ltr'><strong>confidenter.</strong></span> 
     </span>
     <span class='ocr_line' id='line_1_5' title="bbox 508 1662 2848 1737; baseline 0 -18"><span class='ocrx_word' id='word_1_19' title='bbox 508 1662 597 1719; x_wconf 86' lang='lat' dir='ltr'><strong>Ea</strong></span> <span class='ocrx_word' id='word_1_20' title='bbox 640 1663 799 1720; x_wconf 88' lang='lat' dir='ltr'><strong>enim</strong></span> <span class='ocrx_word' id='word_1_21' title='bbox 845 1680 978 1721; x_wconf 88' lang='lat' dir='ltr'><strong>cum</strong></span> <span class='ocrx_word' id='word_1_22' title='bbox 1024 1663 1108 1721; x_wconf 86' lang='lat' dir='ltr'><strong>ita</strong></span> <span class='ocrx_word' id='word_1_23' title='bbox 1152 1664 1211 1720; x_wconf 90' lang='lat' dir='ltr'><strong>et</strong></span> <span class='ocrx_word' id='word_1_24' title='bbox 1254 1666 1537 1736; x_wconf 87' lang='lat' dir='ltr'><strong>corrupta</strong></span> <span class='ocrx_word' id='word_1_25' title='bbox 1582 1666 1644 1719; x_wconf 90' lang='lat' dir='ltr'><strong>et</strong></span> <span class='ocrx_word' id='word_1_26' title='bbox 1685 1662 1963 1720; x_wconf 88' lang='lat' dir='ltr'><strong>mutilata</strong></span> <span class='ocrx_word' id='word_1_27' title='bbox 2005 1662 2081 1720; x_wconf 88' lang='lat' dir='ltr'><strong>ad</strong></span> <span class='ocrx_word' id='word_1_28' title='bbox 2139 1680 2247 1720; x_wconf 88' lang='lat' dir='ltr'><strong>nos</strong></span> <span class='ocrx_word' id='word_1_29' title='bbox 2302 1662 2713 1737; x_wconf 79' lang='lat' dir='ltr'><strong>pervenerint,</strong></span> <span class='ocrx_word' id='word_1_30' title='bbox 2777 1667 2848 1720; x_wconf 90' lang='lat' dir='ltr'><strong>ut</strong></span> 
     </span>
     <span class='ocr_line' id='line_1_6' title="bbox 507 1742 2845 1822; baseline 0 -18"><span class='ocrx_word' id='word_1_31' title='bbox 507 1764 616 1804; x_wconf 89' lang='lat' dir='ltr'><strong>nec</strong></span> <span class='ocrx_word' id='word_1_32' title='bbox 661 1747 1041 1805; x_wconf 86' lang='lat' dir='ltr'><strong>tenacissima</strong></span> <span class='ocrx_word' id='word_1_33' title='bbox 1084 1747 1324 1821; x_wconf 91' lang='lat' dir='ltr'><strong>quidem</strong></span> <span class='ocrx_word' id='word_1_34' title='bbox 1381 1746 1631 1805; x_wconf 76' lang='lat' dir='ltr'><strong>traditae</strong></span> <span class='ocrx_word' id='word_1_35' title='bbox 1678 1742 2004 1820; x_wconf 69' lang='lat' dir='ltr'><strong>scripturae</strong></span> <span class='ocrx_word' id='word_1_36' title='bbox 2049 1747 2396 1822; x_wconf 78' lang='lat' dir='ltr'><strong>superstitio</strong></span> <span class='ocrx_word' id='word_1_37' title='bbox 2442 1747 2845 1806; x_wconf 78' lang='lat' dir='ltr'><strong>mutationum</strong></span> 
     </span>
     <span class='ocr_line' id='line_1_7' title="bbox 507 1830 2845 1907; baseline 0 -18"><span class='ocrx_word' id='word_1_38' title='bbox 507 1832 1096 1907; x_wconf 89' lang='lat' dir='ltr'><strong>coniecturarumque</strong></span> <span class='ocrx_word' id='word_1_39' title='bbox 1128 1830 1386 1890; x_wconf 87' lang='lat' dir='ltr'><strong>abnuere</strong></span> <span class='ocrx_word' id='word_1_40' title='bbox 1417 1834 1600 1906; x_wconf 88' lang='lat' dir='ltr'><strong>queat</strong></span> <span class='ocrx_word' id='word_1_41' title='bbox 1629 1831 1912 1905; x_wconf 86' lang='lat' dir='ltr'><strong>pericula,</strong></span> <span class='ocrx_word' id='word_1_42' title='bbox 1960 1831 2052 1890; x_wconf 90' lang='lat' dir='ltr'><strong>his</strong></span> <span class='ocrx_word' id='word_1_43' title='bbox 2083 1834 2299 1905; x_wconf 83' lang='lat' dir='ltr'><strong>tamen,</strong></span> <span class='ocrx_word' id='word_1_44' title='bbox 2347 1831 2579 1890; x_wconf 85' lang='lat' dir='ltr'><strong>etiamsi</strong></span> <span class='ocrx_word' id='word_1_45' title='bbox 2612 1849 2845 1889; x_wconf 88' lang='lat' dir='ltr'><strong>summa</strong></span> 
     </span>
     <span class='ocr_line' id='line_1_8' title="bbox 507 1915 2839 1992; baseline 0.001 -20"><span class='ocrx_word' id='word_1_46' title='bbox 507 1915 820 1990; x_wconf 80' lang='lat' dir='ltr'><strong>diligentia</strong></span> <span class='ocrx_word' id='word_1_47' title='bbox 884 1915 1280 1974; x_wconf 83' lang='lat' dir='ltr'><strong>instituantur</strong></span> <span class='ocrx_word' id='word_1_48' title='bbox 1344 1918 1438 1974; x_wconf 91' lang='lat' dir='ltr'><strong>tot</strong></span> <span class='ocrx_word' id='word_1_49' title='bbox 1509 1916 1883 1992; x_wconf 86' lang='lat' dir='ltr'><strong>egregiorum</strong></span> <span class='ocrx_word' id='word_1_50' title='bbox 1949 1916 2213 1975; x_wconf 91' lang='lat' dir='ltr'><strong>virorum</strong></span> <span class='ocrx_word' id='word_1_51' title='bbox 2278 1916 2550 1975; x_wconf 83' lang='lat' dir='ltr'><strong>acumine</strong></span> <span class='ocrx_word' id='word_1_52' title='bbox 2615 1916 2839 1989; x_wconf 85' lang='lat' dir='ltr'><strong>adiuta,</strong></span> 
     </span>
     <span class='ocr_line' id='line_1_9' title="bbox 506 2000 2845 2076; baseline 0.001 -19"><span class='ocrx_word' id='word_1_53' title='bbox 506 2000 853 2075; x_wconf 89' lang='lat' dir='ltr'><strong>plerumque</strong></span> <span class='ocrx_word' id='word_1_54' title='bbox 909 2019 1028 2059; x_wconf 91' lang='lat' dir='ltr'><strong>non</strong></span> <span class='ocrx_word' id='word_1_55' title='bbox 1087 2001 1266 2060; x_wconf 87' lang='lat' dir='ltr'><strong>altius</strong></span> <span class='ocrx_word' id='word_1_56' title='bbox 1323 2001 1546 2076; x_wconf 81' lang='lat' dir='ltr'><strong>emergi</strong></span> <span class='ocrx_word' id='word_1_57' title='bbox 1600 2003 1826 2075; x_wconf 87' lang='lat' dir='ltr'><strong>potest,</strong></span> <span class='ocrx_word' id='word_1_58' title='bbox 1881 2001 1998 2059; x_wconf 91' lang='lat' dir='ltr'><strong>nisi</strong></span> <span class='ocrx_word' id='word_1_59' title='bbox 2057 2004 2152 2076; x_wconf 90' lang='lat' dir='ltr'><strong>ut,</strong></span> <span class='ocrx_word' id='word_1_60' title='bbox 2224 2021 2375 2076; x_wconf 91' lang='lat' dir='ltr'><strong>quae</strong></span> <span class='ocrx_word' id='word_1_61' title='bbox 2431 2000 2845 2059; x_wconf 87' lang='lat' dir='ltr'><strong>desiderentur</strong></span> 
     </span>
     <span class='ocr_line' id='line_1_10' title="bbox 508 2084 2844 2161; baseline 0 -18"><span class='ocrx_word' id='word_1_62' title='bbox 508 2085 971 2159; x_wconf 88' lang='lat' dir='ltr'><strong>sententiae,</strong></span> <span class='ocrx_word' id='word_1_63' title='bbox 1041 2084 1437 2160; x_wconf 83' lang='lat' dir='ltr'><strong>probabiliter</strong></span> <span class='ocrx_word' id='word_1_64' title='bbox 1491 2085 1833 2161; x_wconf 81' lang='lat' dir='ltr'><strong>indagetur,</strong></span> <span class='ocrx_word' id='word_1_65' title='bbox 1905 2086 2038 2159; x_wconf 90' lang='lat' dir='ltr'><strong>sed,</strong></span> <span class='ocrx_word' id='word_1_66' title='bbox 2101 2105 2206 2144; x_wconf 87' lang='lat' dir='ltr'><strong>eae</strong></span> <span class='ocrx_word' id='word_1_67' title='bbox 2263 2085 2479 2160; x_wconf 90' lang='lat' dir='ltr'><strong>quibus</strong></span> <span class='ocrx_word' id='word_1_68' title='bbox 2536 2104 2844 2161; x_wconf 82' lang='lat' dir='ltr'><strong>expressae</strong></span> 
     </span>
     <span class='ocr_line' id='line_1_11' title="bbox 510 2169 2843 2244; baseline 0.001 -17"><span class='ocrx_word' id='word_1_69' title='bbox 510 2170 735 2228; x_wconf 88' lang='lat' dir='ltr'><strong>fuerint</strong></span> <span class='ocrx_word' id='word_1_70' title='bbox 778 2170 1071 2244; x_wconf 88' lang='lat' dir='ltr'><strong>verbis,</strong></span> <span class='ocrx_word' id='word_1_71' title='bbox 1129 2171 1191 2228; x_wconf 89' lang='lat' dir='ltr'><strong>in</strong></span> <span class='ocrx_word' id='word_1_72' title='bbox 1238 2169 1489 2229; x_wconf 87' lang='lat' dir='ltr'><strong>obscuro</strong></span> <span class='ocrx_word' id='word_1_73' title='bbox 1535 2174 1793 2229; x_wconf 89' lang='lat' dir='ltr'><strong>maneat.</strong></span> <span class='ocrx_word' id='word_1_74' title='bbox 1883 2169 2109 2228; x_wconf 90' lang='lat' dir='ltr'><strong>Verum</strong></span> <span class='ocrx_word' id='word_1_75' title='bbox 2153 2170 2310 2229; x_wconf 89' lang='lat' dir='ltr'><strong>enim</strong></span> <span class='ocrx_word' id='word_1_76' title='bbox 2358 2188 2498 2229; x_wconf 89' lang='lat' dir='ltr'><strong>vero</strong></span> <span class='ocrx_word' id='word_1_77' title='bbox 2545 2189 2676 2228; x_wconf 91' lang='lat' dir='ltr'><strong>cum</strong></span> <span class='ocrx_word' id='word_1_78' title='bbox 2722 2176 2843 2229; x_wconf 86' lang='lat' dir='ltr'><strong>tra-</strong></span> 
     </span>
     <span class='ocr_line' id='line_1_12' title="bbox 507 2254 2841 2331; baseline 0 -19"><span class='ocrx_word' id='word_1_79' title='bbox 507 2254 754 2330; x_wconf 87' lang='lat' dir='ltr'><strong>goediae</strong></span> <span class='ocrx_word' id='word_1_80' title='bbox 800 2254 982 2313; x_wconf 88' lang='lat' dir='ltr'><strong>editio</strong></span> <span class='ocrx_word' id='word_1_81' title='bbox 1029 2257 1320 2331; x_wconf 85' lang='lat' dir='ltr'><strong>perpetuo</strong></span> <span class='ocrx_word' id='word_1_82' title='bbox 1365 2255 1793 2313; x_wconf 88' lang='lat' dir='ltr'><strong>commentario</strong></span> <span class='ocrx_word' id='word_1_83' title='bbox 1839 2254 2180 2313; x_wconf 84' lang='lat' dir='ltr'><strong>adornanda</strong></span> <span class='ocrx_word' id='word_1_84' title='bbox 2223 2254 2369 2313; x_wconf 90' lang='lat' dir='ltr'><strong>mihi</strong></span> <span class='ocrx_word' id='word_1_85' title='bbox 2411 2256 2508 2329; x_wconf 89' lang='lat' dir='ltr'><strong>sit,</strong></span> <span class='ocrx_word' id='word_1_86' title='bbox 2555 2256 2731 2314; x_wconf 88' lang='lat' dir='ltr'><strong>etiam</strong></span> <span class='ocrx_word' id='word_1_87' title='bbox 2766 2256 2841 2313; x_wconf 85' lang='lat' dir='ltr'><strong>ad</strong></span> 
     </span>
     <span class='ocr_line' id='line_1_13' title="bbox 507 2337 2845 2416; baseline 0 -19"><span class='ocrx_word' id='word_1_88' title='bbox 507 2339 658 2398; x_wconf 89' lang='lat' dir='ltr'><strong>hanc</strong></span> <span class='ocrx_word' id='word_1_89' title='bbox 701 2339 846 2398; x_wconf 90' lang='lat' dir='ltr'><strong>mihi</strong></span> <span class='ocrx_word' id='word_1_90' title='bbox 892 2338 1393 2416; x_wconf 86' lang='lat' dir='ltr'><strong>progrediendum</strong></span> <span class='ocrx_word' id='word_1_91' title='bbox 1439 2339 1556 2397; x_wconf 86' lang='lat' dir='ltr'><strong>fuit</strong></span> <span class='ocrx_word' id='word_1_92' title='bbox 1598 2337 1994 2415; x_wconf 88' lang='lat' dir='ltr'><strong>provinciam,</strong></span> <span class='ocrx_word' id='word_1_93' title='bbox 2044 2358 2221 2414; x_wconf 87' lang='lat' dir='ltr'><strong>quam</strong></span> <span class='ocrx_word' id='word_1_94' title='bbox 2266 2339 2680 2399; x_wconf 84' lang='lat' dir='ltr'><strong>administrare</strong></span> <span class='ocrx_word' id='word_1_95' title='bbox 2724 2339 2845 2398; x_wconf 87' lang='lat' dir='ltr'><strong>iam</strong></span> 
     </span>
     <span class='ocr_line' id='line_1_14' title="bbox 507 2424 2840 2499; baseline 0 -17"><span class='ocrx_word' id='word_1_96' title='bbox 507 2425 741 2483; x_wconf 87' lang='lat' dir='ltr'><strong>animus</strong></span> <span class='ocrx_word' id='word_1_97' title='bbox 787 2429 879 2484; x_wconf 89' lang='lat' dir='ltr'><strong>est</strong></span> <span class='ocrx_word' id='word_1_98' title='bbox 922 2425 1035 2483; x_wconf 90' lang='lat' dir='ltr'><strong>hoc</strong></span> <span class='ocrx_word' id='word_1_99' title='bbox 1077 2424 1285 2498; x_wconf 89' lang='lat' dir='ltr'><strong>mod0,</strong></span> <span class='ocrx_word' id='word_1_100' title='bbox 1349 2428 1415 2483; x_wconf 91' lang='lat' dir='ltr'><strong>ut</strong></span> <span class='ocrx_word' id='word_1_101' title='bbox 1458 2443 1577 2483; x_wconf 90' lang='lat' dir='ltr'><strong>non</strong></span> <span class='ocrx_word' id='word_1_102' title='bbox 1627 2443 1727 2483; x_wconf 89' lang='lat' dir='ltr'><strong>eos</strong></span> <span class='ocrx_word' id='word_1_103' title='bbox 1771 2427 2006 2483; x_wconf 83' lang='lat' dir='ltr'><strong>tantum</strong></span> <span class='ocrx_word' id='word_1_104' title='bbox 2052 2424 2239 2499; x_wconf 87' lang='lat' dir='ltr'><strong>locos,</strong></span> <span class='ocrx_word' id='word_1_105' title='bbox 2299 2425 2361 2483; x_wconf 91' lang='lat' dir='ltr'><strong>in</strong></span> <span class='ocrx_word' id='word_1_106' title='bbox 2407 2424 2624 2499; x_wconf 90' lang='lat' dir='ltr'><strong>quibus</strong></span> <span class='ocrx_word' id='word_1_107' title='bbox 2668 2426 2840 2484; x_wconf 89' lang='lat' dir='ltr'><strong>novi</strong></span> 
     </span>
     <span class='ocr_line' id='line_1_15' title="bbox 506 2509 2840 2586; baseline 0.001 -19"><span class='ocrx_word' id='word_1_108' title='bbox 506 2510 649 2585; x_wconf 91' lang='lat' dir='ltr'><strong>quid</strong></span> <span class='ocrx_word' id='word_1_109' title='bbox 705 2528 834 2570; x_wconf 89' lang='lat' dir='ltr'><strong>meo</strong></span> <span class='ocrx_word' id='word_1_110' title='bbox 889 2510 1017 2568; x_wconf 89' lang='lat' dir='ltr'><strong>iure</strong></span> <span class='ocrx_word' id='word_1_111' title='bbox 1072 2509 1346 2569; x_wconf 90' lang='lat' dir='ltr'><strong>intulisse</strong></span> <span class='ocrx_word' id='word_1_112' title='bbox 1402 2509 1548 2568; x_wconf 88' lang='lat' dir='ltr'><strong>mihi</strong></span> <span class='ocrx_word' id='word_1_113' title='bbox 1596 2509 1831 2584; x_wconf 87' lang='lat' dir='ltr'><strong>videor,</strong></span> <span class='ocrx_word' id='word_1_114' title='bbox 1877 2526 2209 2568; x_wconf 85' lang='lat' dir='ltr'><strong>recenseam</strong></span> <span class='ocrx_word' id='word_1_115' title='bbox 2253 2512 2434 2586; x_wconf 85' lang='lat' dir='ltr'><strong>atque</strong></span> <span class='ocrx_word' id='word_1_116' title='bbox 2478 2513 2840 2585; x_wconf 84' lang='lat' dir='ltr'><strong>pertractem</strong></span> 
     </span>
     <span class='ocr_line' id='line_1_16' title="bbox 511 2594 2841 2670; baseline 0.001 -18"><span class='ocrx_word' id='word_1_117' title='bbox 511 2627 584 2636; x_wconf 93' lang='lat'>—</span> <span class='ocrx_word' id='word_1_118' title='bbox 622 2615 741 2670; x_wconf 86' lang='lat' dir='ltr'><strong>qua</strong></span> <span class='ocrx_word' id='word_1_119' title='bbox 769 2594 961 2653; x_wconf 87' lang='lat' dir='ltr'><strong>adhuc</strong></span> <span class='ocrx_word' id='word_1_120' title='bbox 1005 2614 1149 2655; x_wconf 89' lang='lat' dir='ltr'><strong>usus</strong></span> <span class='ocrx_word' id='word_1_121' title='bbox 1194 2613 1324 2653; x_wconf 91' lang='lat' dir='ltr'><strong>sum</strong></span> <span class='ocrx_word' id='word_1_122' title='bbox 1369 2596 1599 2654; x_wconf 85' lang='lat' dir='ltr'><strong>ratione</strong></span> <span class='ocrx_word' id='word_1_123' title='bbox 1637 2627 1738 2669; x_wconf 88' lang='lat'><strong>—,</strong></span> <span class='ocrx_word' id='word_1_124' title='bbox 1786 2595 1890 2654; x_wconf 89' lang='lat' dir='ltr'><strong>sed</strong></span> <span class='ocrx_word' id='word_1_125' title='bbox 1937 2598 2022 2669; x_wconf 90' lang='lat' dir='ltr'><strong>ut,</strong></span> <span class='ocrx_word' id='word_1_126' title='bbox 2069 2598 2231 2654; x_wconf 85' lang='lat' dir='ltr'><strong>tota</strong></span> <span class='ocrx_word' id='word_1_127' title='bbox 2275 2595 2595 2653; x_wconf 86' lang='lat' dir='ltr'><strong>carmina</strong></span> <span class='ocrx_word' id='word_1_128' title='bbox 2639 2614 2841 2670; x_wconf 89' lang='lat' dir='ltr'><strong>quem-</strong></span> 
     </span>
     <span class='ocr_line' id='line_1_17' title="bbox 508 2679 2843 2758; baseline 0 -21"><span class='ocrx_word' id='word_1_129' title='bbox 508 2679 827 2738; x_wconf 87' lang='lat' dir='ltr'><strong>admodum</strong></span> <span class='ocrx_word' id='word_1_130' title='bbox 857 2698 928 2737; x_wconf 86' lang='lat' dir='ltr'><strong>ex</strong></span> <span class='ocrx_word' id='word_1_131' title='bbox 972 2699 1104 2738; x_wconf 85' lang='lat' dir='ltr'><strong>mea</strong></span> <span class='ocrx_word' id='word_1_132' title='bbox 1146 2679 1384 2754; x_wconf 88' lang='lat' dir='ltr'><strong>quidem</strong></span> <span class='ocrx_word' id='word_1_133' title='bbox 1432 2680 1729 2758; x_wconf 77' lang='lat' dir='ltr'><strong>sententia</strong></span> <span class='ocrx_word' id='word_1_134' title='bbox 1774 2679 1997 2754; x_wconf 89' lang='lat' dir='ltr'><strong>optime</strong></span> <span class='ocrx_word' id='word_1_135' title='bbox 2042 2679 2279 2739; x_wconf 88' lang='lat' dir='ltr'><strong>restitui</strong></span> <span class='ocrx_word' id='word_1_136' title='bbox 2323 2680 2572 2755; x_wconf 86' lang='lat' dir='ltr'><strong>possint,</strong></span> <span class='ocrx_word' id='word_1_137' title='bbox 2619 2680 2843 2739; x_wconf 84' lang='lat' dir='ltr'><strong>notatis</strong></span> 
     </span>
     <span class='ocr_line' id='line_1_18' title="bbox 507 2763 2845 2839; baseline 0 -16"><span class='ocrx_word' id='word_1_138' title='bbox 507 2764 686 2823; x_wconf 87' lang='lat' dir='ltr'><strong>etiam</strong></span> <span class='ocrx_word' id='word_1_139' title='bbox 729 2763 1010 2837; x_wconf 86' lang='lat' dir='ltr'><strong>aliorum,</strong></span> <span class='ocrx_word' id='word_1_140' title='bbox 1058 2783 1208 2839; x_wconf 89' lang='lat' dir='ltr'><strong>quae</strong></span> <span class='ocrx_word' id='word_1_141' title='bbox 1253 2764 1396 2822; x_wconf 91' lang='lat' dir='ltr'><strong>mihi</strong></span> <span class='ocrx_word' id='word_1_142' title='bbox 1441 2764 1683 2839; x_wconf 89' lang='lat' dir='ltr'><strong>quidem</strong></span> <span class='ocrx_word' id='word_1_143' title='bbox 1726 2763 2085 2839; x_wconf 83' lang='lat' dir='ltr'><strong>probantur,</strong></span> <span class='ocrx_word' id='word_1_144' title='bbox 2146 2763 2663 2824; x_wconf 87' lang='lat' dir='ltr'><strong>emendationibus</strong></span> <span class='ocrx_word' id='word_1_145' title='bbox 2708 2764 2845 2823; x_wconf 90' lang='lat' dir='ltr'><strong>bre-</strong></span> 
     </span>
     <span class='ocr_line' id='line_1_19' title="bbox 508 2847 2840 2925; baseline 0 -18"><span class='ocrx_word' id='word_1_146' title='bbox 508 2849 664 2907; x_wconf 89' lang='lat' dir='ltr'><strong>viter</strong></span> <span class='ocrx_word' id='word_1_147' title='bbox 695 2847 972 2907; x_wconf 88' lang='lat' dir='ltr'><strong>indicem.</strong></span> <span class='ocrx_word' id='word_1_148' title='bbox 1050 2847 1396 2907; x_wconf 86' lang='lat' dir='ltr'><strong>Ceterarum</strong></span> <span class='ocrx_word' id='word_1_149' title='bbox 1425 2867 1566 2908; x_wconf 90' lang='lat' dir='ltr'><strong>vero</strong></span> <span class='ocrx_word' id='word_1_150' title='bbox 1613 2867 1890 2925; x_wconf 83' lang='lat' dir='ltr'><strong>magnam</strong></span> <span class='ocrx_word' id='word_1_151' title='bbox 1935 2850 2406 2908; x_wconf 84' lang='lat' dir='ltr'><strong>coniecturarum</strong></span> <span class='ocrx_word' id='word_1_152' title='bbox 2454 2849 2675 2907; x_wconf 90' lang='lat' dir='ltr'><strong>nubem</strong></span> <span class='ocrx_word' id='word_1_153' title='bbox 2706 2868 2840 2908; x_wconf 91' lang='lat' dir='ltr'><strong>con-</strong></span> 
     </span>
     <span class='ocr_line' id='line_1_20' title="bbox 509 2932 2842 3010; baseline 0 -20"><span class='ocrx_word' id='word_1_154' title='bbox 509 2932 666 2991; x_wconf 92' lang='lat' dir='ltr'><strong>sulto</strong></span> <span class='ocrx_word' id='word_1_155' title='bbox 722 2932 1119 3008; x_wconf 86' lang='lat' dir='ltr'><strong>praetermisi,</strong></span> <span class='ocrx_word' id='word_1_156' title='bbox 1182 2951 1329 3008; x_wconf 88' lang='lat' dir='ltr'><strong>quas</strong></span> <span class='ocrx_word' id='word_1_157' title='bbox 1383 2934 1432 2991; x_wconf 88' lang='lat' dir='ltr'><strong>si</strong></span> <span class='ocrx_word' id='word_1_158' title='bbox 1479 2951 1682 2992; x_wconf 89' lang='lat' dir='ltr'><strong>omnes</strong></span> <span class='ocrx_word' id='word_1_159' title='bbox 1728 2952 2072 2992; x_wconf 87' lang='lat' dir='ltr'><strong>enumerare</strong></span> <span class='ocrx_word' id='word_1_160' title='bbox 2128 2934 2519 3008; x_wconf 89' lang='lat' dir='ltr'><strong>studuissem,</strong></span> <span class='ocrx_word' id='word_1_161' title='bbox 2582 2935 2842 3010; x_wconf 81' lang='lat' dir='ltr'><strong>migrare</strong></span> 
     </span>
     <span class='ocr_line' id='line_1_21' title="bbox 505 3017 2838 3094; baseline 0.001 -19"><span class='ocrx_word' id='word_1_162' title='bbox 505 3018 760 3075; x_wconf 88' lang='lat' dir='ltr'><strong>multum</strong></span> <span class='ocrx_word' id='word_1_163' title='bbox 816 3020 1051 3076; x_wconf 88' lang='lat' dir='ltr'><strong>coactus</strong></span> <span class='ocrx_word' id='word_1_164' title='bbox 1109 3037 1299 3076; x_wconf 86' lang='lat' dir='ltr'><strong>essem</strong></span> <span class='ocrx_word' id='word_1_165' title='bbox 1352 3018 1528 3076; x_wconf 90' lang='lat' dir='ltr'><strong>huius</strong></span> <span class='ocrx_word' id='word_1_166' title='bbox 1584 3017 1773 3076; x_wconf 88' lang='lat' dir='ltr'><strong>libelli</strong></span> <span class='ocrx_word' id='word_1_167' title='bbox 1839 3018 2014 3093; x_wconf 78' lang='lat' dir='ltr'><strong>fineS,</strong></span> <span class='ocrx_word' id='word_1_168' title='bbox 2082 3037 2257 3094; x_wconf 91' lang='lat' dir='ltr'><strong>quem</strong></span> <span class='ocrx_word' id='word_1_169' title='bbox 2326 3019 2496 3094; x_wconf 87' lang='lat' dir='ltr'><strong>quasi</strong></span> <span class='ocrx_word' id='word_1_170' title='bbox 2561 3020 2838 3077; x_wconf 86' lang='lat' dir='ltr'><strong>comitem</strong></span> 
     </span>
     <span class='ocr_line' id='line_1_22' title="bbox 506 3101 2842 3163; baseline 0 -3"><span class='ocrx_word' id='word_1_171' title='bbox 506 3101 888 3161; x_wconf 85' lang='lat' dir='ltr'><strong>scholasticae</strong></span> <span class='ocrx_word' id='word_1_172' title='bbox 934 3101 1182 3161; x_wconf 88' lang='lat' dir='ltr'><strong>editioni</strong></span> <span class='ocrx_word' id='word_1_173' title='bbox 1227 3105 1296 3160; x_wconf 92' lang='lat' dir='ltr'><strong>ut</strong></span> <span class='ocrx_word' id='word_1_174' title='bbox 1337 3102 1509 3161; x_wconf 89' lang='lat' dir='ltr'><strong>initio</strong></span> <span class='ocrx_word' id='word_1_175' title='bbox 1559 3102 1854 3162; x_wconf 83' lang='lat' dir='ltr'><strong>destinavi</strong></span> <span class='ocrx_word' id='word_1_176' title='bbox 1885 3104 1971 3161; x_wconf 88' lang='lat' dir='ltr'><strong>ita</strong></span> <span class='ocrx_word' id='word_1_177' title='bbox 2014 3104 2351 3163; x_wconf 87' lang='lat' dir='ltr'><strong>etiamnunc</strong></span> <span class='ocrx_word' id='word_1_178' title='bbox 2392 3103 2579 3162; x_wconf 88' lang='lat' dir='ltr'><strong>habeo</strong></span> <span class='ocrx_word' id='word_1_179' title='bbox 2621 3103 2842 3162; x_wconf 86' lang='lat' dir='ltr'><strong>haben·</strong></span> 
     </span>
     <span class='ocr_line' id='line_1_23' title="bbox 506 3187 2841 3264; baseline 0.002 -21"><span class='ocrx_word' id='word_1_180' title='bbox 506 3187 767 3262; x_wconf 88' lang='lat' dir='ltr'><strong>dumque</strong></span> <span class='ocrx_word' id='word_1_181' title='bbox 810 3187 968 3246; x_wconf 91' lang='lat' dir='ltr'><strong>volo.</strong></span> <span class='ocrx_word' id='word_1_182' title='bbox 1058 3187 1252 3257; x_wconf 84' lang='lat' dir='ltr'><strong>Quare</strong></span> <span class='ocrx_word' id='word_1_183' title='bbox 1294 3187 1505 3262; x_wconf 86' lang='lat' dir='ltr'><strong>etiam,</strong></span> <span class='ocrx_word' id='word_1_184' title='bbox 1568 3206 1718 3263; x_wconf 85' lang='lat' dir='ltr'><strong>quae</strong></span> <span class='ocrx_word' id='word_1_185' title='bbox 1761 3187 1826 3246; x_wconf 90' lang='lat' dir='ltr'><strong>in</strong></span> <span class='ocrx_word' id='word_1_186' title='bbox 1870 3188 2305 3247; x_wconf 86' lang='lat' dir='ltr'><strong>commentariis</strong></span> <span class='ocrx_word' id='word_1_187' title='bbox 2350 3189 2499 3248; x_wconf 90' lang='lat' dir='ltr'><strong>meis</strong></span> <span class='ocrx_word' id='word_1_188' title='bbox 2551 3189 2841 3264; x_wconf 84' lang='lat' dir='ltr'><strong>interpre-</strong></span> 
     </span>
     <span class='ocr_line' id='line_1_24' title="bbox 508 3270 1984 3344; baseline 0.001 -15"><span class='ocrx_word' id='word_1_189' title='bbox 508 3272 687 3329; x_wconf 88' lang='lat' dir='ltr'><strong>tando</strong></span> <span class='ocrx_word' id='word_1_190' title='bbox 734 3270 1047 3344; x_wconf 86' lang='lat' dir='ltr'><strong>vindicavi,</strong></span> <span class='ocrx_word' id='word_1_191' title='bbox 1096 3271 1189 3331; x_wconf 86' lang='lat' dir='ltr'><strong>hic</strong></span> <span class='ocrx_word' id='word_1_192' title='bbox 1232 3272 1452 3330; x_wconf 90' lang='lat' dir='ltr'><strong>iterum</strong></span> <span class='ocrx_word' id='word_1_193' title='bbox 1497 3276 1752 3331; x_wconf 85' lang='lat' dir='ltr'><strong>tractare</strong></span> <span class='ocrx_word' id='word_1_194' title='bbox 1797 3273 1984 3332; x_wconf 89' lang='lat' dir='ltr'><strong>nolui.</strong></span> 
     </span>
    </p>

    <p class='ocr_par' dir='ltr' id='par_1_4' title="bbox 507 3354 2843 3516">
     <span class='ocr_line' id='line_1_25' title="bbox 677 3354 2842 3434; baseline 0.001 -21"><span class='ocrx_word' id='word_1_195' title='bbox 677 3354 925 3415; x_wconf 89' lang='lat' dir='ltr'><strong>Initium</strong></span> <span class='ocrx_word' id='word_1_196' title='bbox 969 3356 1157 3434; x_wconf 85' lang='lat' dir='ltr'><strong>igitur</strong></span> <span class='ocrx_word' id='word_1_197' title='bbox 1201 3357 1353 3415; x_wconf 87' lang='lat' dir='ltr'><strong>facio</strong></span> <span class='ocrx_word' id='word_1_198' title='bbox 1398 3357 1599 3416; x_wconf 81' lang='lat' dir='ltr'><strong>statim</strong></span> <span class='ocrx_word' id='word_1_199' title='bbox 1629 3376 1665 3414; x_wconf 91' lang='lat' dir='ltr'><strong>a</strong></span> <span class='ocrx_word' id='word_1_200' title='bbox 1692 3358 1884 3432; x_wconf 89' lang='lat' dir='ltr'><strong>primo</strong></span> <span class='ocrx_word' id='word_1_201' title='bbox 1916 3358 2173 3416; x_wconf 88' lang='lat' dir='ltr'><strong>carmine</strong></span> <span class='ocrx_word' id='word_1_202' title='bbox 2202 3377 2260 3419; x_wconf 93' lang='lat' dir='ltr'><strong>v.</strong></span> <span class='ocrx_word' id='word_1_203' title='bbox 2289 3359 2635 3432; x_wconf 83' lang='lat'><strong>123—235,</strong></span> <span class='ocrx_word' id='word_1_204' title='bbox 2681 3357 2842 3433; x_wconf 88' lang='lat' dir='ltr'><strong>quod</strong></span> 
     </span>
     <span class='ocr_line' id='line_1_26' title="bbox 507 3440 2843 3516; baseline 0.001 -16"><span class='ocrx_word' id='word_1_205' title='bbox 507 3462 617 3516; x_wconf 82' lang='lat' dir='ltr'><strong>„ex</strong></span> <span class='ocrx_word' id='word_1_206' title='bbox 662 3441 1127 3516; x_wconf 87' lang='lat' dir='ltr'><strong>corruptissimis</strong></span> <span class='ocrx_word' id='word_1_207' title='bbox 1173 3460 1300 3501; x_wconf 88' lang='lat' dir='ltr'><strong>esse</strong></span> <span class='ocrx_word' id='word_1_208' title='bbox 1344 3444 1407 3499; x_wconf 88' lang='lat' dir='ltr'><strong>et</strong></span> <span class='ocrx_word' id='word_1_209' title='bbox 1439 3440 1852 3500; x_wconf 86' lang='lat' dir='ltr'><strong>difficillimis“</strong></span> <span class='ocrx_word' id='word_1_210' title='bbox 1885 3442 2000 3501; x_wconf 88' lang='lat' dir='ltr'><strong>iam</strong></span> <span class='ocrx_word' id='word_1_211' title='bbox 2032 3442 2175 3501; x_wconf 90' lang='lat' dir='ltr'><strong>olim</strong></span> <span class='ocrx_word' id='word_1_212' title='bbox 2206 3441 2505 3502; x_wconf 86' lang='lat' dir='ltr'><strong>Seidlerus</strong></span> <span class='ocrx_word' id='word_1_213' title='bbox 2537 3443 2843 3504; x_wconf 85' lang='lat' dir='ltr'><strong>verissime</strong></span> 
     </span>
    </p>
   </div>
   <div class='ocr_carea' id='block_1_4' title="bbox 443 3525 2842 3603">
    <p class='ocr_par' dir='ltr' id='par_1_5' title="bbox 443 3525 2842 3603">
     <span class='ocr_line' id='line_1_27' title="bbox 443 3525 2842 3603; baseline 0.001 -20"><span class='ocrx_word' id='word_1_214' title='bbox 443 3591 452 3598; x_wconf 53' lang='grc'><strong>,</strong></span> <span class='ocrx_word' id='word_1_215' title='bbox 507 3525 954 3600; x_wconf 83' lang='lat' dir='ltr'><strong>pronuntiavit:</strong></span> <span class='ocrx_word' id='word_1_216' title='bbox 1003 3525 1310 3585; x_wconf 88' lang='lat' dir='ltr'><strong>dubitatur</strong></span> <span class='ocrx_word' id='word_1_217' title='bbox 1352 3527 1511 3585; x_wconf 92' lang='lat' dir='ltr'><strong>enim</strong></span> <span class='ocrx_word' id='word_1_218' title='bbox 1539 3545 1665 3584; x_wconf 92' lang='lat' dir='ltr'><strong>non</strong></span> <span class='ocrx_word' id='word_1_219' title='bbox 1695 3527 1889 3585; x_wconf 91' lang='lat' dir='ltr'><strong>solum</strong></span> <span class='ocrx_word' id='word_1_220' title='bbox 1920 3527 1991 3585; x_wconf 90' lang='lat' dir='ltr'><strong>de</strong></span> <span class='ocrx_word' id='word_1_221' title='bbox 2023 3526 2275 3603; x_wconf 86' lang='lat' dir='ltr'><strong>singulis</strong></span> <span class='ocrx_word' id='word_1_222' title='bbox 2317 3529 2443 3587; x_wconf 90' lang='lat' dir='ltr'><strong>eins</strong></span> <span class='ocrx_word' id='word_1_223' title='bbox 2486 3527 2842 3603; x_wconf 88' lang='lat' dir='ltr'><strong>quibusdam</strong></span> 
     </span>
    </p>
   </div>
   <div class='ocr_carea' id='block_1_5' title="bbox 503 3609 2842 4281">
    <p class='ocr_par' dir='ltr' id='par_1_6' title="bbox 503 3609 2842 4281">
     <span class='ocr_line' id='line_1_28' title="bbox 507 3609 2842 3687; baseline 0 -18"><span class='ocrx_word' id='word_1_224' title='bbox 507 3610 704 3669; x_wconf 89' lang='lat' dir='ltr'><strong>verbis</strong></span> <span class='ocrx_word' id='word_1_225' title='bbox 759 3610 1179 3686; x_wconf 85' lang='lat' dir='ltr'><strong>versibusque,</strong></span> <span class='ocrx_word' id='word_1_226' title='bbox 1243 3609 1346 3669; x_wconf 90' lang='lat' dir='ltr'><strong>sed</strong></span> <span class='ocrx_word' id='word_1_227' title='bbox 1402 3611 1582 3670; x_wconf 87' lang='lat' dir='ltr'><strong>etiam</strong></span> <span class='ocrx_word' id='word_1_228' title='bbox 1636 3610 1708 3669; x_wconf 90' lang='lat' dir='ltr'><strong>de</strong></span> <span class='ocrx_word' id='word_1_229' title='bbox 1763 3613 2057 3670; x_wconf 88' lang='lat' dir='ltr'><strong>maiorum</strong></span> <span class='ocrx_word' id='word_1_230' title='bbox 2112 3613 2235 3670; x_wconf 89' lang='lat' dir='ltr'><strong>eius</strong></span> <span class='ocrx_word' id='word_1_231' title='bbox 2290 3613 2551 3687; x_wconf 88' lang='lat' dir='ltr'><strong>partium</strong></span> <span class='ocrx_word' id='word_1_232' title='bbox 2606 3616 2669 3671; x_wconf 89' lang='lat' dir='ltr'><strong>et</strong></span> <span class='ocrx_word' id='word_1_233' title='bbox 2710 3614 2842 3670; x_wconf 81' lang='lat' dir='ltr'><strong>tota</strong></span> 
     </span>
     <span class='ocr_line' id='line_1_29' title="bbox 507 3693 2839 3772; baseline 0 -19"><span class='ocrx_word' id='word_1_234' title='bbox 507 3696 803 3754; x_wconf 85' lang='lat' dir='ltr'><strong>sententia</strong></span> <span class='ocrx_word' id='word_1_235' title='bbox 846 3699 908 3754; x_wconf 89' lang='lat' dir='ltr'><strong>et</strong></span> <span class='ocrx_word' id='word_1_236' title='bbox 950 3693 1209 3755; x_wconf 91' lang='lat' dir='ltr'><strong>Chorum</strong></span> <span class='ocrx_word' id='word_1_237' title='bbox 1241 3695 1399 3754; x_wconf 90' lang='lat' dir='ltr'><strong>inter</strong></span> <span class='ocrx_word' id='word_1_238' title='bbox 1426 3699 1606 3770; x_wconf 81' lang='lat' dir='ltr'><strong>atque</strong></span> <span class='ocrx_word' id='word_1_239' title='bbox 1636 3695 2009 3772; x_wconf 86' lang='lat' dir='ltr'><strong>Iphigeniam</strong></span> <span class='ocrx_word' id='word_1_240' title='bbox 2042 3695 2488 3772; x_wconf 77' lang='lat' dir='ltr'><strong>distributione3</strong></span> <span class='ocrx_word' id='word_1_241' title='bbox 2535 3701 2839 3772; x_wconf 89' lang='lat' dir='ltr'><strong>postremo</strong></span> 
     </span>
     <span class='ocr_line' id='line_1_30' title="bbox 508 3780 2838 3857; baseline 0.001 -20"><span class='ocrx_word' id='word_1_242' title='bbox 508 3783 760 3839; x_wconf 90' lang='lat' dir='ltr'><strong>metrum</strong></span> <span class='ocrx_word' id='word_1_243' title='bbox 817 3780 1639 3856; x_wconf 86' lang='lat' dir='ltr'><strong>spondaico-anapaesticum‚</strong></span> <span class='ocrx_word' id='word_1_244' title='bbox 1700 3799 2058 3856; x_wconf 89' lang='lat' dir='ltr'><strong>quamquam</strong></span> <span class='ocrx_word' id='word_1_245' title='bbox 2114 3785 2206 3840; x_wconf 88' lang='lat' dir='ltr'><strong>est</strong></span> <span class='ocrx_word' id='word_1_246' title='bbox 2246 3800 2318 3840; x_wconf 86' lang='lat' dir='ltr'><strong>ex</strong></span> <span class='ocrx_word' id='word_1_247' title='bbox 2364 3781 2838 3857; x_wconf 81' lang='lat' dir='ltr'><strong>simplicissimiS,</strong></span> 
     </span>
     <span class='ocr_line' id='line_1_31' title="bbox 505 3864 2840 3943; baseline 0.001 -22"><span class='ocrx_word' id='word_1_248' title='bbox 505 3864 683 3923; x_wconf 88' lang='lat' dir='ltr'><strong>habet</strong></span> <span class='ocrx_word' id='word_1_249' title='bbox 737 3869 936 3925; x_wconf 86' lang='lat' dir='ltr'><strong>tamen</strong></span> <span class='ocrx_word' id='word_1_250' title='bbox 994 3869 1054 3923; x_wconf 92' lang='lat' dir='ltr'><strong>et</strong></span> <span class='ocrx_word' id='word_1_251' title='bbox 1107 3867 1301 3941; x_wconf 90' lang='lat' dir='ltr'><strong>ipsum</strong></span> <span class='ocrx_word' id='word_1_252' title='bbox 1358 3866 1650 3941; x_wconf 90' lang='lat' dir='ltr'><strong>imprimis</strong></span> <span class='ocrx_word' id='word_1_253' title='bbox 1708 3885 1743 3923; x_wconf 86' lang='lat' dir='ltr'><strong>a</strong></span> <span class='ocrx_word' id='word_1_254' title='bbox 1802 3866 2069 3927; x_wconf 87' lang='lat' dir='ltr'><strong>variante</strong></span> <span class='ocrx_word' id='word_1_255' title='bbox 2126 3884 2398 3925; x_wconf 86' lang='lat' dir='ltr'><strong>versuum</strong></span> <span class='ocrx_word' id='word_1_256' title='bbox 2460 3865 2840 3943; x_wconf 87' lang='lat' dir='ltr'><strong>longitudine</strong></span> 
     </span>
     <span class='ocr_line' id='line_1_32' title="bbox 507 3949 2836 4027; baseline 0.001 -21"><span class='ocrx_word' id='word_1_257' title='bbox 507 3950 791 4025; x_wconf 86' lang='lat' dir='ltr'><strong>quasdam</strong></span> <span class='ocrx_word' id='word_1_258' title='bbox 850 3949 1262 4024; x_wconf 86' lang='lat' dir='ltr'><strong>difficultates,</strong></span> <span class='ocrx_word' id='word_1_259' title='bbox 1327 3969 1473 4026; x_wconf 84' lang='lat' dir='ltr'><strong>quas</strong></span> <span class='ocrx_word' id='word_1_260' title='bbox 1538 3950 1682 4009; x_wconf 89' lang='lat' dir='ltr'><strong>olim</strong></span> <span class='ocrx_word' id='word_1_261' title='bbox 1750 3954 2041 4009; x_wconf 85' lang='lat' dir='ltr'><strong>auxerunt</strong></span> <span class='ocrx_word' id='word_1_262' title='bbox 2095 3949 2398 4010; x_wconf 86' lang='lat' dir='ltr'><strong>Seidlerus</strong></span> <span class='ocrx_word' id='word_1_263' title='bbox 2454 3957 2632 4027; x_wconf 87' lang='lat' dir='ltr'><strong>atque</strong></span> <span class='ocrx_word' id='word_1_264' title='bbox 2688 3951 2836 4009; x_wconf 91' lang='lat' dir='ltr'><strong>Her-</strong></span> 
     </span>
     <span class='ocr_line' id='line_1_33' title="bbox 505 4034 2838 4112; baseline 0.001 -21"><span class='ocrx_word' id='word_1_265' title='bbox 505 4054 755 4094; x_wconf 87' lang='lat' dir='ltr'><strong>mannus</strong></span> <span class='ocrx_word' id='word_1_266' title='bbox 785 4035 910 4108; x_wconf 67' lang='lat' dir='ltr'><strong>‘e0,</strong></span> <span class='ocrx_word' id='word_1_267' title='bbox 971 4035 1126 4110; x_wconf 90' lang='lat' dir='ltr'><strong>quod</strong></span> <span class='ocrx_word' id='word_1_268' title='bbox 1183 4036 1444 4110; x_wconf 85' lang='lat' dir='ltr'><strong>partium</strong></span> <span class='ocrx_word' id='word_1_269' title='bbox 1503 4034 1872 4109; x_wconf 85' lang='lat' dir='ltr'><strong>quarundam</strong></span> <span class='ocrx_word' id='word_1_270' title='bbox 1926 4036 2309 4111; x_wconf 87' lang='lat' dir='ltr'><strong>responsione</strong></span> <span class='ocrx_word' id='word_1_271' title='bbox 2366 4036 2599 4112; x_wconf 88' lang='lat' dir='ltr'><strong>decepti</strong></span> <span class='ocrx_word' id='word_1_272' title='bbox 2642 4039 2838 4094; x_wconf 88' lang='lat' dir='ltr'><strong>totum</strong></span> 
     </span>
     <span class='ocr_line' id='line_1_34' title="bbox 512 4119 2836 4196; baseline 0 -19"><span class='ocrx_word' id='word_1_273' title='bbox 512 4137 746 4178; x_wconf 86' lang='lat' dir='ltr'><strong>carmen</strong></span> <span class='ocrx_word' id='word_1_274' title='bbox 790 4119 851 4178; x_wconf 91' lang='lat' dir='ltr'><strong>in</strong></span> <span class='ocrx_word' id='word_1_275' title='bbox 895 4120 1167 4195; x_wconf 87' lang='lat' dir='ltr'><strong>strophas</strong></span> <span class='ocrx_word' id='word_1_276' title='bbox 1211 4124 1393 4195; x_wconf 86' lang='lat' dir='ltr'><strong>atque</strong></span> <span class='ocrx_word' id='word_1_277' title='bbox 1438 4119 1845 4195; x_wconf 86' lang='lat' dir='ltr'><strong>antistrophas</strong></span> <span class='ocrx_word' id='word_1_278' title='bbox 1891 4139 2100 4196; x_wconf 89' lang='lat' dir='ltr'><strong>cogere</strong></span> <span class='ocrx_word' id='word_1_279' title='bbox 2148 4122 2437 4196; x_wconf 88' lang='lat' dir='ltr'><strong>sagaciter</strong></span> <span class='ocrx_word' id='word_1_280' title='bbox 2465 4120 2705 4195; x_wconf 90' lang='lat' dir='ltr'><strong>quidem</strong></span> <span class='ocrx_word' id='word_1_281' title='bbox 2734 4120 2836 4179; x_wconf 89' lang='lat' dir='ltr'><strong>sed</strong></span> 
     </span>
     <span class='ocr_line' id='line_1_35' title="bbox 503 4203 2835 4281; baseline 0.001 -20"><span class='ocrx_word' id='word_1_282' title='bbox 503 4204 727 4262; x_wconf 84' lang='lat' dir='ltr'><strong>frustra</strong></span> <span class='ocrx_word' id='word_1_283' title='bbox 789 4203 1165 4267; x_wconf 86' lang='lat' dir='ltr'><strong>studuerunt.</strong></span> <span class='ocrx_word' id='word_1_284' title='bbox 1266 4204 1384 4263; x_wconf 87' lang='lat' dir='ltr'><strong>Sed</strong></span> <span class='ocrx_word' id='word_1_285' title='bbox 1451 4204 1525 4262; x_wconf 83' lang='lat' dir='ltr'><strong>ab</strong></span> <span class='ocrx_word' id='word_1_286' title='bbox 1591 4205 1704 4264; x_wconf 89' lang='lat' dir='ltr'><strong>hoc</strong></span> <span class='ocrx_word' id='word_1_287' title='bbox 1767 4205 2004 4280; x_wconf 88' lang='lat' dir='ltr'><strong>quidem</strong></span> <span class='ocrx_word' id='word_1_288' title='bbox 2062 4209 2274 4263; x_wconf 89' lang='lat' dir='ltr'><strong>conatu</strong></span> <span class='ocrx_word' id='word_1_289' title='bbox 2332 4209 2648 4281; x_wconf 85' lang='lat' dir='ltr'><strong>postquam</strong></span> <span class='ocrx_word' id='word_1_290' title='bbox 2708 4205 2835 4280; x_wconf 91' lang='lat' dir='ltr'><strong>ipse</strong></span> 
     </span>
    </p>
   </div>
   <div class='ocr_carea' id='block_1_6' title="bbox 507 4320 907 4328">
    <p class='ocr_par' dir='ltr' id='par_1_7' title="bbox 507 4320 907 4328">
     <span class='ocr_line' id='line_1_36' title="bbox 507 4320 907 4328; baseline 0 801"><span class='ocrx_word' id='word_1_291' title='bbox 507 4320 907 4328; x_wconf 95' lang='lat' dir='ltr'><strong> </strong></span> 
     </span>
    </p>
   </div>
   <div class='ocr_carea' id='block_1_7' title="bbox 505 4365 2834 4506">
    <p class='ocr_par' dir='ltr' id='par_1_8' title="bbox 505 4365 2834 4506">
     <span class='ocr_line' id='line_1_37' title="bbox 643 4365 2834 4437; baseline 0.001 -19"><span class='ocrx_word' id='word_1_292' title='bbox 643 4369 691 4432; x_wconf 86' lang='lat'><strong>1)</strong></span> <span class='ocrx_word' id='word_1_293' title='bbox 760 4365 932 4419; x_wconf 86' lang='lat' dir='ltr'><strong>Index</strong></span> <span class='ocrx_word' id='word_1_294' title='bbox 979 4367 1137 4423; x_wconf 88' lang='lat' dir='ltr'><strong>lectt.</strong></span> <span class='ocrx_word' id='word_1_295' title='bbox 1176 4367 1231 4419; x_wconf 89' lang='lat' dir='ltr'><strong>in</strong></span> <span class='ocrx_word' id='word_1_296' title='bbox 1279 4368 1389 4421; x_wconf 90' lang='lat' dir='ltr'><strong>litt.</strong></span> <span class='ocrx_word' id='word_1_297' title='bbox 1437 4367 1591 4422; x_wconf 88' lang='lat' dir='ltr'><strong>univ.</strong></span> <span class='ocrx_word' id='word_1_298' title='bbox 1630 4368 1813 4423; x_wconf 90' lang='lat' dir='ltr'><strong>Turic.</strong></span> <span class='ocrx_word' id='word_1_299' title='bbox 1850 4368 1979 4422; x_wconf 90' lang='lat' dir='ltr'><strong>inde</strong></span> <span class='ocrx_word' id='word_1_300' title='bbox 2025 4385 2061 4421; x_wconf 90' lang='lat' dir='ltr'><strong>a</strong></span> <span class='ocrx_word' id='word_1_301' title='bbox 2095 4369 2148 4422; x_wconf 88' lang='lat' dir='ltr'><strong>d.</strong></span> <span class='ocrx_word' id='word_1_302' title='bbox 2187 4367 2334 4423; x_wconf 86' lang='lat' dir='ltr'><strong>XIV.</strong></span> <span class='ocrx_word' id='word_1_303' title='bbox 2371 4387 2444 4422; x_wconf 91' lang='lat' dir='ltr'><strong>m.</strong></span> <span class='ocrx_word' id='word_1_304' title='bbox 2485 4370 2617 4437; x_wconf 84' lang='lat' dir='ltr'><strong>Apr,</strong></span> <span class='ocrx_word' id='word_1_305' title='bbox 2659 4385 2834 4436; x_wconf 87' lang='lat' dir='ltr'><strong>usque</strong></span> 
     </span>
     <span class='ocr_line' id='line_1_38' title="bbox 505 4433 2032 4506; baseline 0.003 -20"><span class='ocrx_word' id='word_1_306' title='bbox 505 4434 574 4487; x_wconf 85' lang='lat' dir='ltr'><strong>ad</strong></span> <span class='ocrx_word' id='word_1_307' title='bbox 613 4433 664 4492; x_wconf 80' lang='lat' dir='ltr'><strong>d,</strong></span> <span class='ocrx_word' id='word_1_308' title='bbox 753 4433 871 4487; x_wconf 86' lang='lat' dir='ltr'><strong>VII.</strong></span> <span class='ocrx_word' id='word_1_309' title='bbox 907 4451 979 4487; x_wconf 92' lang='lat' dir='ltr'><strong>m.</strong></span> <span class='ocrx_word' id='word_1_310' title='bbox 1021 4439 1159 4505; x_wconf 85' lang='lat' dir='ltr'><strong>Aug.</strong></span> <span class='ocrx_word' id='word_1_311' title='bbox 1196 4433 1562 4490; x_wconf 81' lang='lat' dir='ltr'><strong>Mocchxl</strong></span> <span class='ocrx_word' id='word_1_312' title='bbox 1601 4436 2032 4506; x_wconf 80' lang='lat' dir='ltr'><strong>habendarum]</strong></span> 
     </span>
    </p>
   </div>
  </div>
 </body>
</html>
