3132 5129
1290 362 1753 425 —169—

520 518 627 577 καί
663 540 771 594 μιν
813 507 1133 593 φωνήσασ
1183 515 1327 576 ἔπεα
1368 508 1689 593 πτερόεντα
1733 517 2076 596 προσηύδα·

594 605 821 681 ,,ξεῖνε,
864 599 930 663 τὸ
975 600 1084 680 μέν
1128 618 1194 661 σε
1238 602 1478 680 πρῶτον
1521 598 1676 682 ἕγῶν
1719 598 2025 710 εἰρήσομαι
2068 599 2249 680 αὐτή·

522 688 610 759 τίς
651 688 848 748 πόθεν
892 681 976 759 εἷς
1018 681 1288 786 άνδρῶν;
1333 686 1419 759 τίς
1463 708 1554 747 τοι
1600 683 1739 749 τάδε
1784 684 1988 789 εἵματ’
2034 687 2288 757 &dmm-v:

520 767 595 833 ού
637 764 715 872 δὴ
759 776 878 850 φῆς
922 770 1020 833 ἐπὶ
1063 766 1290 832 πόντον
1330 767 1631 849 άλώμενος
1676 764 1894 833 ἐνθάδ’
1948 773 2219 842 ἱκέσθαι;
2206 777 2265 811 ·“

599 850 711 934 τὴν
756 852 811 917 δ’
856 852 1331 938 ἀπαμειβόμενος
1374 857 1645 961 προσέφη
1687 855 2015 937 πολύμητις
2054 854 2397 932 Οδυσσεύς·

435 935 867 1048 0,,άργαλέον,
910 943 1201 1022 βασίλεια,
1244 942 1568 1039 διηνεκέως
1609 936 1932 1050 ἀγορεῦσαι

518 1023 717 1108 κήδε’,
763 1026 893 1090 ἐπεί
930 1051 1030 1106 μοι
1075 1018 1264 1089 πολλα
1307 1025 1495 1089 δόσαν
1537 1027 1675 1089 θεοι
1709 1027 2133 1134 Οὐρανίωνες·

516 1117 688 1174 τοῦτο
734 1112 797 1173 δέ
841 1135 930 1174 τοι
973 1111 1221 1194 ἕρέω,”
1182 1136 1215 1174 ο
1263 1108 1334 1216 μ’
1374 1108 1642 1191 άνείρεαι
1686 1108 1796 1191 ἤδὲ
1838 1115 2146 1198 μεταλλᾷς.

597 1193 847 1279 Ὠκγυγίη
891 1222 978 1272 τις
1021 1199 1201 1275 νῆσος
1244 1191 1599 1279 ἀπόπροθεν
1642 1198 1734 1260 εἰν
1774 1194 1873 1260 αλὶ
1918 1206 2139 1277 κεῖται,

520 1282 671 1344 ἔνθα
714 1282 823 1362 μὲν
859 1284 1179 1356 ’Ἄτλαντος
1223 1281 1545 1397 θυγάτηρ,
1581 1279 1865 1344 δολόεσσα
1912 1277 2189 1361 Καλυψω

521 1368 670 1430 ναίει
717 1366 1114 1447 ἐυπλόκαμος,
1163 1368 1327 1447 δεινη
1371 1365 1545 1441 θεός·
1592 1363 1734 1430 οὐδέ
1777 1393 1864 1443 τις
1898 1363 2058 1468 αὐτῇ

517 1454 836 1560 μίσγεται
826 1455 966 1516 ουτε
1009 1455 1173 1515 θεῶν
1218 1453 1359 1515 οὔτε
1400 1454 1657 1531 θνητῶν
1698 1448 2060 1536 ἆνθρωπων.

517 1535 649 1599 ἄλλ’
697 1524 836 1618 ἐμὲ
843 1532 947 1601 τόν
990 1535 1304 1638 δύστηνον
1332 1537 1604 1616 ἐφέστιον
1647 1537 1835 1620 ἤγαγε
1878 1539 2109 1620 δαίμων

518 1619 665 1723 οἷον,
711 1624 840 1686 ἐπεί
878 1646 982 1706 μοι
1026 1625 1144 1703 νῆα
1187 1615 1351 1702 θοὴν
1395 1618 1611 1704 άργῆτι
1656 1626 1925 1726 κεραυνῷ

521 1702 669 1782 Ζευς
711 1709 889 1784 ἔλσας
932 1707 1172 1771 ἐκέασσε
1213 1708 1370 1794 μέσῳ
1416 1707 1505 1770 ε’νὶ
1551 1709 1755 1771 οἴνοπι
1799 1705 2023 1794 πόντῳ.

519 1794 670 1856 ενθα
711 1794 822 1874 μὲν
866 1792 1142 1868 ἑπτάετες
1186 1772 1367 1874 μένον
1414 1794 1689 1873 ἔμπεδον,
1734 1795 1944 1875 εἵματα
1965 1773 2051 1856 δ’
2099 1793 2215 1855 αἰεὶ

519 1877 766 1956 δάκρυσι
813 1875 1118 1960 δεύεσκον,
1164 1878 1239 1941 τά
1280 1904 1378 1959 μοι
1423 1878 1697 1977 αμβροτα
1741 1880 1896 1943 δῶκε
1943 1875 2232 1952 Καλυψω.

598 1962 732 2025 ἀλλ’
779 1963 881 2027 ὅτε
925 1961 998 2042 δὴ
1043 1965 1261 2046 ὄγδοόν
1302 1986 1404 2044 μοι
1451 1959 1849 2063 ἐπιπλόμενον
1896 1964 2021 2038 ἔτος
2065 1953 2243 2044 ἦλθε,

518 2073 620 2109 και
663 2047 792 2112 τότε
842 2050 917 2130 δή
959 2046 1026 2131 μ’
1075 2049 1380 2114 ἐκέλευσεν
1422 2045 1831 2129 ἐποτρύνουσα
1876 2049 2118 2110 νέεσθαι

518 2133 711 2211 Ζηνὸς
755 2129 865 2196 ὑπ’
911 2133 1214 2217 άγγελίης,
1260 2129 1300 2215 ἢ
1342 2135 1444 2197 καὶ
1490 2135 1631 2208 νόος
1673 2132 1945 2234 ἐτράπετ’
1990 2130 2203 2234 αὐτῆς.

518 2218 707 2299 πέμπε
754 2216 804 2280 δ’
864 2218 959 2283 ἔπι
1001 2221 1233 2323 σχεδίης
1273 2220 1669 2302 πολυδέσμου,
1713 2210 1899 2282 πολλα
1941 2210 2004 2280 δ’
2053 2219 2258 2298 ἔδωκε,

515 2310 679 2365 σῖτον
722 2303 822 2367 καὶ
866 2305 1026 2385 μέθυ
1067 2298 1207 2387 ἡδύ,
1252 2306 1354 2368 καὶ
1397 2306 1672 2386 αμβροτα
1715 2306 1928 2407 ειματα
1971 2303 2158 2384 εσσεν,

516 2412 700 2465 ουρον
746 2391 810 2454 δὲ
852 2389 1145 2471 προέηκεν
1188 2389 1477 2500 ἆπημονά
1518 2415 1578 2453 τε
1625 2386 1833 2474 λιαρόν
1877 2412 1956 2451 τε.

602 2473 747 2537 ἑπτα
790 2474 857 2539 δὲ
901 2475 1005 2539 καὶ
1049 2475 1200 2538 δέκα
1242 2476 1356 2577 μὲν
1397 2476 1580 2539 πλέον
1622 2477 1821 2558 ἤματα
1863 2472 2345 2552 ποντοπορεύων,

516 2555 1000 2664 ὀκτωκαιδεκάτῃ
1042 2559 1103 2624 δ’
1153 2558 1345 2663 ἐφάνη
1389 2564 1538 2642 ὅρεα
1584 2563 1862 2625 σκιόεντα

516 2650 688 2728 γαίης
733 2640 1049 2751 ὑμετέρης,
1093 2643 1329 2740 γήθησε
1373 2650 1443 2712 δέ
1484 2671 1583 2727 μοι
1631 2651 1807 2726 φίλον
1848 2639 1996 2726 ἦτορ

519 2728 826 2818 δυσμόρῳ·
872 2726 918 2812 ἦ
959 2727 1075 2814 γάρ
1108 2730 1378 2816 ἔμελλον
1405 2736 1488 2797 ἔτι
1531 2734 1883 2808 ξυνέσεσθαι
1927 2728 2092 2805 ὄιζυι

516 2823 703 2899 πολλῇ
717 2865 735 2897 ,
781 2814 890 2897 τήν
933 2841 1035 2896 μοι
1081 2815 1308 2899 έπωρσε
1351 2819 1712 2881 Ποσειδάων
1756 2817 2107 2897 ἐνοσίχθων,

519 2902 586 2974 ὃς
626 2924 727 2981 μοι
773 2899 1116 2982 έφορμησας
1157 2901 1411 2983 ανέμους
1455 2903 1741 2982 κατέδησε
1785 2903 2065 2981 κέλευθα,

520 3010 738 3065 ωρινεν
782 2987 849 3050 δὲ
892 2988 1208 3051 θάλασσαν
1249 2988 1624 3069 ἀθέσφατον,
1668 2987 1813 3051 ούδέ
1858 3011 1911 3050 τι
1956 2989 2118 3066 κῦμα

517 3072 614 3132 εἴα
659 3070 755 3133 ἐπὶ
801 3075 1036 3154 σχεδίης
1077 3071 1260 3138 ἆδινα
1303 3075 1663 3154 στενάχοντα
1706 3073 2019 3175 φέρεσθαι.

515 3151 625 3237 τὴν
667 3157 778 3236 μὲν
822 3158 1025 3220 ἔπειτα
1066 3157 1294 3223 θύελλα
1338 3156 1710 3225 διεσκέδασ’·
1758 3154 1948 3237 αὖταρ
1992 3149 2109 3237 έγω
2151 3181 2214 3238 γε

517 3240 840 3322 νηχόμενος
882 3245 1030 3325 μέγα
1074 3248 1285 3326 λαῖτμα
1329 3244 1668 3327 διέτμαγον,
1711 3268 1876 3324 οφρα
1917 3266 1988 3322 με
2032 3244 2172 3324 γαίῃ

515 3323 770 3413 ὑμετέρῃ
813 3325 1087 3391 ἐπέλασσε
1132 3329 1335 3410 φέρων
1375 3331 1598 3410 ἄνεμος
1640 3353 1703 3393 τε
1748 3328 1851 3390 καὶ
1896 3327 2084 3407 υδῳρ.

603 3412 761 3475 ἔνθα
805 3412 875 3475 κέ
913 3411 983 3492 μ’
1031 3412 1384 3492 ἐκβαίνοντα
1427 3417 1684 3497 βιήσατο
1729 3408 1875 3495 κῦμ’
1923 3410 2021 3474 ἐπὶ
2066 3411 2299 3492 χέρσου,

516 3495 733 3604 πέτρῃς
775 3490 922 3577 πρὸς
953 3499 1251 3605 μεγάλῃσι
1292 3500 1482 3582 βαλὸν
1524 3525 1627 3562 και
1669 3496 1910 3582 ατερπέι
1952 3497 2146 3580 χωρῳ·

517 3578 649 3643 ἀλλ’
695 3578 1178 3687 άναχασσάμενος
1224 3588 1409 3667 νῆχον
1452 3582 1658 3666 πάλιν,
1705 3579 1828 3659 εἷος
1872 3581 2142 3661 ἐπῆλθον

519 3666 578 3739 ές
620 3666 910 3747 ποταμόν,
955 3679 1029 3754 τῇ
1074 3670 1152 3749 δή
1195 3694 1297 3749 μοι
1342 3670 1569 3735 ἐείσατο
1612 3692 1801 3751 χωρος
1840 3666 2115 3747 αριστος,

524 3756 675 3826 λεῖος
717 3752 1009 3833 πετράων,
1053 3753 1155 3816 καὶ
1201 3753 1296 3818 ἐπὶ
1343 3757 1566 3831 σκέπας
1609 3751 1691 3834 ἦν
1733 3752 1997 3835 ἀνέμοιο.

520 3835 584 3897 ἔκ
626 3834 686 3899 δ’
735 3838 946 3902 ἔπεσον
984 3840 1400 3944 θυμηγερέων,
1444 3840 1542 3903 ἐπὶ
1586 3838 1652 3904 δ’
1692 3837 1991 3920 άμβροσίη
2036 3835 2148 3912 νυξ

517 3919 734 3998 ηλυθ’·
784 3923 850 4004 έγ
853 3948 899 3985 ω
944 3920 1001 3986 δ’
1049 3921 1360 3990 απάνευθε
1405 3926 1697 3999 διιπετέος
1740 3930 2027 4021 ποταμοῖο

521 4000 697 4111 έκβας
739 3948 850 4068 ivr
844 4004 1135 4088 θάμνοισι
1179 4010 1582 4115 κατέδραθον,
1625 4009 1779 4116 ἀμφὶ
1821 4009 1890 4072 δὲ
1930 4001 2127 4087 φύλλα

397 4116 402 4121 ·
518 4086 868 4172 ἠφυσάμην·
915 4093 1120 4156 υπνον
1162 4094 1229 4157 δὲ
1269 4092 1416 4171 θεὸς
1459 4094 1589 4160 κατ’
1639 4097 1929 4178 απείρονα
1970 4094 2159 4195 χεῦεν.

439 4198 478 4256 g
600 4176 753 4239 ἔνθα
796 4178 908 4259 μὲν
951 4178 1019 4242 ἕν
1059 4175 1362 4258 φύλλοισι,
1408 4185 1588 4260 φίλον
1630 4179 1964 4287 τετιημένος
2007 4165 2185 4255 ἦτορ,

518 4253 697 4323 εὗδον
739 4261 1073 4370 παννύχιος
1116 4264 1217 4327 καὶ
1262 4264 1365 4329 ἐπ’
1406 4262 1506 4346 η’ω
1549 4266 1652 4328 καὶ
1693 4264 1880 4344 μέσον
1923 4259 2111 4370 ημαρ·

519 4346 734 4409 δείλετό
777 4344 835 4410 τ’
883 4343 1119 4431 ηέλιος,
1165 4349 1268 4413 και
1311 4374 1382 4432 με
1425 4349 1650 4434 γλυκύς
1693 4372 1881 4423 υπνος
1923 4369 2169 4425 ανηκεν.

517 4426 892 4511 άμφιπόλους
937 4432 1003 4494 δ’
1050 4434 1148 4499 ἐπὶ
1194 4436 1328 4499 θινὶ
1375 4440 1505 4518 τεῆς
1550 4435 1775 4514 ἐνόησα
1820 4427 2121 4515 θυγατρος

2593 871 2695 919 240

2595 1294 2694 1342 245

2593 1721 2695 1768 250
2732 1697 2748 1714 '

2591 1806 2692 1854 259

2593 2316 2693 2363 255

2728 2657 2794 2704 23

2589 2742 2693 2789 270

2590 3167 2690 3214 276

2590 3590 2691 3639 280

2589 4016 2690 4065 285

2591 4442 2692 4489 290
