3132 5129
1401 389 1862 453 -228-

469 551 699 626 primus
744 550 994 608 monuit.
1064 547 1289 607 Verum
1334 548 1407 606 de
1453 548 1840 623 sequentibus
1885 547 2153 607 versibus
2204 547 2495 622 quaedam
2539 546 2808 606 addenda

469 639 628 696 sunt.
704 635 1020 712 Leguntur
1064 634 1106 691 ii
1149 652 1308 693 nunc
1351 633 1463 692 hoc
1507 632 1712 693 modo:

772 749 995 811 ἄνθεσι
1038 748 1365 830 ναρκίσσου
1408 746 1795 828 καλλιρρόου·
1842 739 1922 808 οἷ’
1967 744 2291 827 Ἀφροδίτη

775 834 956 915 ὥραις
998 834 1308 906 παντοίαις
1352 832 1702 912 τεθυωμένα
1747 832 1961 911 εἵματα
2004 831 2154 893 ἕστο.

473 958 593 1017 Sed
638 949 916 1031 καλλιρόυ
961 952 1103 1035 (sic)
1150 956 1278 1016 cod.
1330 957 1379 1013 Β
1419 956 1579 1031 apud
1624 954 2033 1028 Dindorfium,
2094 958 2222 1013 tum
2269 944 2327 1009 δ’
2376 974 2472 1012 οια
2515 958 2595 1024 Α,
2650 951 2807 1011 διοια

472 1043 550 1107 Β;
595 1033 676 1100 οἷ’
727 1044 818 1100 est
862 1039 1102 1100 Canteri
1148 1043 1468 1115 correctio,
1538 1059 1659 1116 qua
1700 1042 1939 1114 recepta
1984 1039 2317 1098 Meinekius
2361 1040 2424 1098 in
2467 1038 2584 1098 fine
2629 1033 2809 1095 ἔσται

472 1147 581 1203 pro
627 1122 759 1184 ἕστο
801 1127 1133 1201 proposuit.
1224 1124 1339 1184 Sed
1384 1127 1511 1184 iure
1556 1144 1688 1183 eam
1730 1125 2153 1198 repetitionem
2197 1123 2363 1182 nulla
2407 1144 2471 1184 re
2515 1126 2807 1182 sustenta-

474 1218 599 1270 tam
644 1212 849 1270 reiecit
893 1210 1243 1269 Welckerus
1285 1231 1345 1286 p.
1379 1212 1521 1268 512.
1584 1210 1837 1267 Restant
1877 1210 2025 1268 alia:
2071 1204 2386 1279 καλλιρόου
2432 1210 2503 1267 de
2547 1208 2810 1267 narcisso

473 1297 590 1355 dici
633 1314 807 1370 posse
850 1295 1058 1355 eodem
1106 1295 1309 1370 mod0,
1359 1314 1478 1370 quo
1523 1287 1710 1371 ὑγρός
1755 1293 1828 1351 de
1873 1293 2154 1367 acantho,
2202 1294 2548 1353 Welckerus
2593 1314 2653 1369 p.
2685 1294 2805 1351 511

471 1382 697 1440 nemini
753 1379 1167 1456 persuadebit3
1225 1380 1427 1455 itaque
1483 1383 1647 1439 certa
1702 1378 1943 1455 quidem
1988 1381 2080 1438 est
2123 1379 2404 1438 Meinekii
2452 1377 2809 1451 emendatio,

471 1486 648 1540 quam
706 1466 885 1524 etiam
930 1464 1182 1523 Bothius
1237 1464 1409 1539 fecit,
1471 1461 1597 1522 καὶ
1642 1460 1961 1539 λειρίου,
2019 1464 2121 1523 sed
2176 1465 2368 1541 magis
2413 1465 2595 1523 etiam
2639 1463 2812 1521 labo-

475 1553 613 1609 rant
669 1550 1006 1624 sequentia,
1066 1548 1283 1624 quibus
1339 1567 1459 1608 non
1506 1566 1817 1607 succurras
1863 1548 2316 1609 Casauboniano
2360 1541 2445 1606 δῖ’
2488 1542 2810 1624 Ἀφροδίτη

474 1638 733 1710 recepto,
824 1633 998 1708 Nam,
1045 1635 1114 1691 ut
1158 1636 1383 1692 taceam
1432 1634 1791 1692 sententiam
1840 1634 2123 1706 hiantem,
2173 1633 2332 1708 quod
2381 1634 2590 1692 ultimo
2637 1650 2812 1691 versu

473 1720 697 1795 legitur
744 1714 973 1795 ὥραις
1014 1716 1329 1787 παντοίαις
1373 1715 1723 1792 τεθυωμένα
1767 1716 1999 1794 εἵματα,
2046 1722 2106 1776 et
2148 1736 2258 1792 per
2301 1737 2364 1777 se
2407 1719 2555 1777 mire
2587 1718 2813 1776 dictum

474 1807 595 1878 est,
657 1805 782 1862 sive
838 1803 1158 1879 intellegas
1211 1803 1283 1861 de
1337 1804 1483 1861 anni
1524 1804 1925 1879 temporibus,
1987 1803 2208 1880 quippe
2252 1821 2404 1878 quae
2447 1821 2570 1862 non
2613 1802 2813 1862 omnia

476 1888 747 1947 dulcibus
806 1887 1090 1946 odoribus
1134 1888 1390 1962 spirent,
1449 1889 1575 1946 sive
1621 1906 1755 1946 cum
1800 1889 2112 1948 Welckero
2159 1889 2567 1963 interpreteris
2609 1908 2665 1963 p.
2698 1887 2808 1946 88:

474 1974 784 2042 „Kleiden
841 2005 922 2015 —
966 1991 1096 2031 vom
1138 1971 1297 2044 Duft
1338 1973 1761 2032 durchhauchte
1803 1975 1905 2033 der
1946 1974 2344 2033 stimmtlichen
2384 1973 2649 2041 Horen“‚
2694 1990 2812 2047 qua

473 2059 964 2133 interpretatione
1019 2056 1176 2116 haud
1224 2057 1346 2115 scio
1391 2076 1466 2115 an
1521 2058 1872 2132 impeditior
1926 2058 2105 2118 etiam
2162 2060 2411 2116 exsistat
2461 2076 2697 2131 sensuS,
2749 2060 2812 2114 et

472 2161 613 2201 vero
668 2144 966 2218 repugnat
1027 2142 1128 2214 iis,
1187 2160 1338 2216 quae
1382 2142 1556 2200 initio
1603 2142 1675 2201 de
1721 2143 1985 2203 vestibus
2033 2143 2300 2219 exposita
2342 2144 2515 2200 erant
2557 2142 2810 2201 odorato

474 2227 745 2286 florum
791 2228 1096 2303 pigmento
1144 2226 1364 2285 tinctis.
1426 2227 1555 2297 Quo
1601 2227 1777 2285 initio
1823 2247 1952 2286 cum
2000 2227 2292 2287 librorum
2335 2227 2608 2303 vestigiis
2652 2245 2806 2286 com·

473 2316 681 2388 parato
747 2314 917 2387 patet
980 2310 1138 2369 haud
1195 2314 1449 2386 temere,
1518 2329 1669 2385 quae
1725 2312 2184 2387 interciderunt,
2253 2331 2291 2370 a
2345 2312 2519 2371 nobis
2576 2314 2803 2370 restau-

473 2399 602 2455 rata
645 2414 791 2455 esse.

642 2476 709 2541 3.
780 2481 855 2539 In
913 2480 1279 2556 fragmentn,
1337 2481 1496 2556 quod
1552 2482 1815 2541 servavit
1870 2480 2055 2540 Clem.
2104 2481 2272 2540 Alex.
2318 2480 2618 2556 Protrept.
2665 2502 2724 2557 p.
2770 2483 2809 2539 9

473 2560 583 2647 (19
604 2560 685 2646 A)
733 2566 901 2643 Sylb.
938 2567 1015 2626 26
1061 2566 1220 2624 Pott.
1267 2563 1596 2642 (Welcker.
1641 2586 1698 2642 p.
1733 2562 1885 2647 513)
1932 2567 2309 2627 scribendum
2355 2570 2445 2625 est

774 2678 1025 2763 Κάστωρ
1068 2679 1179 2760 μὲν
1221 2676 1473 2758 θνητός,
1521 2681 1793 2744 θανᾶτου
1837 2681 1905 2744 δέ
1947 2685 2010 2745 οἱ
2046 2677 2188 2744 αἶσα
2231 2682 2537 2764 πέπρωτο

473 2824 582 2880 pro
625 2798 986 2880 πέπρωται,
1030 2803 1148 2862 nisi
1194 2806 1369 2877 putes
1412 2804 1554 2864 haec
1585 2823 1654 2863 ex
1687 2804 1955 2864 oratione
1987 2805 2242 2882 quadam
2275 2806 2628 2881 deprompta
2657 2823 2807 2879 esse,

476 2889 668 2964 qualis
713 2890 807 2947 est
849 2887 1043 2947 Ulixis
1086 2890 1118 2944 λ
1164 2887 1283 2947 301
1324 2907 1451 2963 sqq.
1515 2889 1631 2947 Sed
1678 2890 1842 2948 illam
1888 2891 2235 2965 opinionem
2279 2890 2479 2948 firmat
2521 2889 2808 2949 Gentiani

481 2972 728 3032 Herveti
771 2972 1192 3066 interpretatio
1241 2967 1326 3051 [p.
1366 2974 1441 3030 12
1458 2969 1568 3051 O]:

782 3091 1052 3150 Mortalis
1097 3089 1338 3166 Castor,
1385 3095 1754 3168 mortemque
1796 3093 1934 3151 huic
1982 3092 2104 3153 fata
2145 3096 2532 3170 pararunt.

645 3205 710 3268 4.
777 3209 849 3267 In
893 3210 1261 3286 fragmento,
1317 3210 1475 3285 quod
1519 3210 1682 3284 apud
1728 3210 1947 3269 Athen.
1979 3209 2127 3269 VIII
2157 3231 2217 3287 p.
2252 3212 2374 3272 334
2419 3230 2468 3270 c.
2502 3211 2540 3268 d
2583 3211 2809 3287 legitur

481 3291 708 3375 [Epicc.
756 3293 888 3353 Gru
935 3294 1037 3354 frr.
1085 3294 1116 3352 Ι
1157 3315 1219 3370 p.
1253 3291 1361 3373 24]
1409 3316 1464 3354 v.
1507 3298 1536 3352 1
1590 3294 1965 3354 scribendum
2010 3300 2102 3355 est

776 3405 943 3481 τούς
986 3407 1053 3470 δὲ
1096 3406 1239 3488 μέτα
1285 3409 1562 3490 τριτάτην
1599 3399 1843 3488 Ἑλένην
1887 3409 2044 3488 τέκε,
2089 3413 2301 3491 θαῦμα
2342 3412 2637 3493 βροτοῖσι,

476 3532 885 3694 νέ]8(>ητ]οἷςε
931 3531 1052 3590 vid.
1099 3531 1341 3591 Hesiod.
1389 3532 1666 3608 fragmm.
1704 3531 1822 3591 129
1870 3533 1963 3593 ed.
1996 3533 2289 3593 Marksch.
2326 3529 2438 3613 [ιε-
2471 3535 2554 3593 70
2583 3530 2807 3592 Goettl.

473 3636 504 3676 e
551 3662 563 3675 .
610 3636 645 3675 a
703 3665 716 3680 .

777 3729 916 3804 τούς
964 3730 1026 3791 δὲ
1069 3727 1209 3809 μέθ’
1259 3721 1591 3809 ὃπλοτάτην
1634 3731 1827 3794 τέκετο
1872 3732 2109 3814 ξανθὴν
2148 3732 2416 3795 Ἰόλειαν.

478 3846 633 3923 Τούς
677 3853 985 3913 Castorem
1029 3856 1092 3911 et
1134 3852 1439 3912 Pollucem
1484 3852 1663 3928 dicit3
1712 3850 1838 3912 τέκε
1883 3875 1990 3916 nec
2034 3856 2110 3915 ad
2152 3856 2374 3931 Iovem,
2420 3873 2528 3914 nec
2571 3855 2648 3913 ad
2693 3855 2809 3913 Ne·

474 3940 688 4013 mesin,
754 3938 856 3998 sed
900 3939 975 3998 ad
1022 3938 1242 3997 Ledam
1288 3938 1582 4012 pertinet3
1628 3956 1738 3997 nec
1781 3941 2091 4016 quicquam
2137 3942 2296 4000 inter
2340 3961 2398 4000 v.
2443 3939 2700 4015 primum
2744 3944 2809 3997 et
2848 4002 2867 4016 ‚

476 4023 800 4083 secundum
855 4023 1176 4084 intercidit.
1265 4021 1493 4081 Eodem
1545 4022 1609 4080 in
1669 4023 2008 4100 fragmento
2053 4045 2110 4084 v.
2160 4028 2196 4085 5
2227 4045 2312 4101 sq.
2376 4023 2807 4083 restituendam

475 4125 601 4166 esse
658 4108 946 4167 librorum
1000 4109 1356 4184 scripturam
1411 4101 1656 4184 ἐτείρετο
1710 4104 1821 4186 γὰρ
1867 4105 2090 4187 φρένας
2133 4109 2306 4169 αἰδοῖ
2361 4105 2374 4191 Ι
2437 4105 2537 4167 καὶ
2583 4104 2808 4184 νεμέσει

475 4211 584 4267 pro
629 4191 879 4251 Iuniano
926 4193 1167 4252 invento
1216 4227 1293 4236 -
1339 4187 1525 4250 αἰδοῖ·
1570 4190 1579 4268 Ι
1617 4191 1717 4250 καὶ
1762 4189 2026 4268 Νέμεσις
2081 4196 2318 4272 egregie
2377 4194 2807 4254 demonstravit

476 4276 768 4335 Welcker.
815 4297 872 4353 p.
920 4279 1061 4336 514.
1138 4278 1255 4338 Sed
1299 4277 1566 4353 neglexit
1610 4276 1712 4335 ille
1759 4283 1887 4337 tum
1933 4300 1988 4339 v.
2024 4282 2060 4338 6
2106 4281 2447 4339 restituere:
2496 4271 2646 4336 κατὰ
2690 4277 2805 4356 γῆν

475 4355 572 4434 δὲ,
629 4361 789 4435 quod
842 4380 975 4421 cum
1019 4363 1082 4421 in
1128 4362 1299 4422 libris
1342 4364 1668 4438 legeretur,
1728 4382 1945 4438 pravae
1988 4364 2150 4424 illius
2196 4366 2567 4424 coniecturae
2610 4364 2806 4442 gratia
2868 4382 2873 4387 ·

473 4447 769 4504 mutatum
814 4449 923 4504 est.
1019 4445 1156 4506 Vice
1202 4465 1374 4506 versa
1418 4467 1474 4508 V.
1509 4450 1543 4505 7
1591 4445 1798 4521 λαβεῖν
1841 4444 1893 4505 τ’
1948 4445 2222 4508 ἐλιλαίετο
2267 4448 2445 4530 θυμῷ
2501 4450 2805 4524 corrigen-
