3132 5129
1287 383 1745 445 -521—

345 544 587 617 propter
630 541 884 600 traditae
928 541 1202 601 lectionis
1247 540 1615 616 corruptelas
1659 544 1783 599 tam
1828 541 2109 601 obscurae
2153 541 2418 617 adeoque
2475 542 2685 601 absur-

347 627 456 686 dae
499 625 675 685 hodie
721 629 890 702 sunt,
938 630 1007 686 ut
1048 627 1122 686 iis
1167 645 1365 685 rerum
1410 630 1584 685 tenor
1626 629 1808 701 atque
1853 627 2094 685 claritas
2124 626 2282 685 haud
2314 645 2527 702 parum
2558 630 2682 684 tur-

344 711 537 770 betur.
612 711 780 771 Dixit
820 712 896 771 de
936 710 1028 770 his
1059 712 1180 771 fere
1213 710 1489 770 omnibus
1519 710 1770 771 Kvieala
1799 732 1858 787 p.
1892 712 2012 770 277
2029 730 2159 788 sqq.
2194 730 2357 771 more
2402 730 2507 770 suo
2539 711 2594 771 h.
2630 730 2705 770 ο..

347 796 517 856 docte
563 796 894 856 mehercule
940 799 1002 855 et
1044 796 1391 873 diligenter,
1446 796 1550 855 sed
1596 797 1711 871 ita,
1769 801 1838 855 ut
1879 815 2178 872 nusquam
2223 816 2349 856 rem
2393 815 2500 856 acu
2545 797 2682 856 teti-

345 883 502 958 gisse
548 881 840 942 videatur.
930 881 1057 941 Iam
1112 882 1330 958 igitur,
1387 882 1438 940 si
1492 881 1669 940 nobis
1714 881 1924 941 melius
1981 900 2073 940 res
2123 900 2362 941 cessura
2415 884 2525 959 sit,
2586 902 2681 941 ex-

345 968 663 1041 periamur.
762 967 1075 1026 Pertinent
1125 970 1322 1026 autem
1381 966 1493 1026 hue
1545 966 1805 1042 primum
1859 987 1917 1027 v.
1954 968 2403 1043 1345—1353,
2461 968 2565 1042 qui
2619 967 2683 1025 in

349 1050 520 1111 libris
565 1053 650 1112 sic
695 1050 1007 1129 leguntur:

584 1194 713 1244 1345
759 1180 1060 1246 κάνταῦθ’
1110 1174 1341 1264 ὁρῶμεν
1377 1175 1656 1259 Ελλᾶδος
1700 1207 1847 1258 νεως
1889 1182 2121 1262 σκάφος

755 1278 944 1367 ταρσῷ
989 1268 1227 1349 κατήρει
1268 1269 1515 1377 πίτυλον
1559 1268 1966 1348 ἐπτερωμένον

756 1348 975 1427 ναύτας
1020 1375 1079 1414 τε
1123 1352 1477 1434 πεντήκοντ’
1526 1353 1624 1416 ἐπὶ
1655 1354 1952 1452 σκαλμῶν
1996 1349 2218 1426 πλάτας

751 1438 1024 1518 ἔχοντας,
1069 1436 1134 1499 ἐκ
1177 1438 1416 1516 δεσμῶν
1457 1436 1526 1501 δὲ
1571 1463 1705 1511 τους
1751 1440 1993 1511 νεανίας

752 1521 1103 1606 ἐλευθέρους
1144 1521 1508 1605 πρύμνηθεν
1550 1524 1806 1598 ἑστῶτας
1853 1523 2019 1595 νεῶς.

589 1620 719 1668 1350
761 1615 992 1680 κοντοῖς
1036 1606 1103 1671 δὲ
1145 1610 1390 1693 πρῷραν
1433 1602 1624 1689 εἶχον,
1668 1610 1734 1671 οἰ
1772 1602 1824 1670 δ’
1876 1607 2180 1670 ἐπωτίδων

751 1693 1026 1774 αγκυραν
1070 1693 1437 1794 ἐξανῆπτον
1476 1696 1540 1757 οἱ
1576 1692 1644 1755 δὲ
1687 1694 1982 1793 κλίμακας

737 1779 1103 1857 σπεύδοντες
1147 1771 1301 1858 ἦγον
1346 1738 1442 1839 δια
1485 1790 1676 1859 χερῶν
1718 1771 2094 1861 πρυμνήσια,

753 1859 951 1925 πόντω
996 1862 1060 1926 δὲ
1104 1859 1311 1938 δόντες
1356 1856 1468 1941 τὴν
1512 1863 1693 1944 ξένην
1736 1864 2050 1926 καθίεσαν.

517 2038 883 2098 Gravissima
926 2037 1043 2096 duo
1089 2038 1240 2097 vitia
1283 2034 1435 2096 νεῶν
1483 2038 1646 2096 1349
1692 2041 1755 2097 et
1797 2029 2062 2114 ἀγκύρας
2114 2038 2272 2096 1351
2308 2038 2423 2096 iam
2457 2037 2682 2096 dudum
2725 2051 2789 2100 10

349 2125 423 2183 ab
469 2123 743 2183 omnibus
788 2125 1016 2182 remota
1058 2125 1219 2182 sunt.
1309 2122 1396 2181 Eo
1441 2123 1684 2219 gravior
1728 2122 1800 2181 de
1845 2124 2055 2182 ceteris
2108 2114 2563 2181 difficultatibus
2609 2123 2684 2181 lis

349 2210 632 2285 agitatur.
719 2210 807 2266 Ac
850 2208 1112 2283 primum
1161 2207 1401 2282 quidem
1447 2207 1574 2265 iure
1620 2205 1997 2266 offenderunt
2039 2207 2100 2265 in
2132 2226 2189 2265 v.
2228 2207 2386 2265 1346
2418 2209 2480 2265 et
2508 2225 2686 2282 prop-

352 2299 444 2351 ter
473 2293 829 2352 adiectivum
860 2284 1130 2368 κατήρει,
1177 2310 1286 2367 pro
1331 2310 1446 2366 quo
1477 2292 1729 2351 Bothius
1760 2287 1986 2367 κατήρη
2018 2291 2405 2350 Marklandus
2435 2297 2686 2365 κατῆρες

351 2379 631 2453 coniecit,
680 2380 741 2436 et
783 2381 1030 2452 propter
1061 2375 1423 2436 cumulat-em
1467 2375 1775 2435 absolutae
1818 2376 2081 2435 notionis
2127 2369 2276 2443 νεὼς
2319 2367 2548 2449 σκάφος
2589 2396 2688 2451 ap-

350 2463 717 2539 positionem.
793 2461 910 2520 Sed
951 2462 1046 2521 hie
1089 2461 1331 2537 quidem
1376 2479 1499 2521 rem
1544 2460 1889 2536 profligavit
1933 2459 2339 2534 Hermannus,
2386 2461 2490 2535 qui
2533 2480 2687 2519 unus

350 2548 569 2624 optime
615 2547 920 2623 perspexit
964 2546 1419 2621 doctissimeque
1476 2545 1909 2605 demonstravit
1962 2545 2118 2604 hunc
2161 2564 2395 2605 versum
2441 2563 2686 2622 prorsus

350 2634 729 2691 immutatum
796 2632 952 2691 infra
1013 2635 1153 2691 ante
1209 2649 1446 2693 versum
1507 2632 1670 2690 1395
1736 2629 2077 2705 ponendum
2143 2650 2271 2691 esse
2332 2631 2445 2690 hoc
2510 2630 2685 2690 modo

354 2718 764 2777 emendatum.

756 2847 951 2922 δεινὸς
995 2872 1109 2928 γαρ
1154 2840 1362 2911 ἕλθων
1403 2871 1627 2927 ανεμος
1671 2848 1957 2927 ἐξαίφνης
2003 2847 2152 2923 νεὼς

756 2942 965 3036 ταρσω
1006 2927 1245 3015 κατήρει
1285 2935 1535 2996 πίτυλον
1571 2933 1986 3034 ἐπτερωμένον

756 3013 906 3080 ω”θει
949 3015 1653 3101 παλιμπρυμνηδόν.

353 3176 469 3234 Res
498 3177 620 3232 tam
651 3173 716 3233 in
760 3174 1076 3250 propatulo
1122 3175 1240 3234 sita
1282 3178 1403 3251 est,
1452 3181 1519 3235 ut
1561 3175 1832 3252 profecto
1877 3175 2207 3252 indigneris
2236 3177 2470 3250 praeter
2499 3194 2683 3234 unum

354 3258 768 3334 Hartungum‚
815 3259 970 3334 apud
1016 3277 1191 3334 quem
1234 3259 1331 3319 hic
1379 3260 1621 3336 quidem
1668 3260 1937 3320 veritatis
1983 3260 2074 3319 vis
2105 3259 2435 3319 Hermauni
2482 3260 2686 3319 odium

352 3344 686 3419 superavit,
734 3345 961 3403 ceteros
1006 3362 1211 3403 omnes
1257 3344 1530 3421 frugibus
1574 3345 1826 3420 repertis
1867 3348 1975 3403 aut
2015 3345 2263 3421 glandes
2293 3345 2554 3404 retinere
2583 3350 2717 3403 sut·

351 3428 495 3487 adeo
555 3447 752 3502 „nova
805 3427 1115 3487 monstre.“
1172 3447 1479 3504 procreare
1544 3430 1840 3489 maluisse.
1953 3429 2158 3506 Neque
2225 3429 2382 3488 enim
2449 3430 2687 3488 mitiore

352 3514 591 3573 nomine
647 3512 1004 3588 appellanda
1059 3519 1201 3572 sunt
1247 3514 1522 3573 Schoenii
1565 3517 1747 3590 atque
1792 3513 2076 3574 Kvicalae
2120 3518 2482 3589 commenta,
2542 3533 2686 3589 quo-

356 3617 490 3655 rum
521 3597 623 3656 ille
657 3593 875 3673 ἄνεμος
921 3592 1202 3672 ἐξαίφνης
1247 3586 1393 3669 νειὸς
1433 3597 1444 3678 l
1480 3594 1633 3657 ὤθει
1676 3596 1900 3657 παλιν
1943 3596 2403 3692 πρύμνῃσιν
2429 3598 2685 3699 scripsit3
2769 3609 2774 3614 ’

355 3681 454 3824 {iic
507 3700 648 3824 νέοιο
700 3678 911 3760 ανεμος
969 3677 1254 3757 ἐξαίφνης
1311 3678 1491 3754 τέως
1541 3680 1554 3764 1
1603 3679 1792 3743 ωθει·
1861 3673 2569 3761 παλιμπρυμνήσιοι
2621 3676 2684 3739 δ’

386 3786 531 3843 καρτ
561 3769 740 3845 ρουνέ

525 3853 756 3913 Deinde
804 3852 964 3928 quod
1006 3853 1259 3913 nuntius
1302 3852 1523 3912 vidisse
1581 3871 1644 3913 se
1696 3852 1844 3912 dicit
1897 3841 2034 3923 τούς
2091 3849 2330 3922 νεανίας
2374 3884 2456 3895 -
2501 3846 2687 3930 πρύμ-

361 3941 552 4011 νηθεν
596 3933 850 4006 ἑστῶτας
895 3933 1068 4014 νεώς,
1114 3937 1223 3998 hoc
1265 3937 1415 3997 nihil
1459 3936 1623 3996 aliud
1664 3937 1997 4035 significare
2040 3939 2273 4012 potest,
2321 3955 2500 4012 quam
2528 3936 2688 4012 quod

357 4025 476 4083 iam
517 4024 886 4100 antiquiores
930 4024 1282 4100 interpretes
1326 4025 1683 4098 posuerunt:
1731 4024 1807 4082 in
1848 4024 2075 4098 puppi
2119 4021 2331 4082 navis
2376 4024 2686 4081 stantes

367 4106 539 4177 Quod
584 4127 725 4168 sane
767 4107 900 4167 fieri
943 4126 1066 4167 non
1108 4108 1374 4183 potuisse
1418 4127 1488 4167 ex
1532 4108 1889 4167 narrationis
1945 4111 2156 4167 tenore
2199 4109 2357 4167 recte
2399 4105 2691 4167 conclusit

362 4192 779 4269 Marklandus,
848 4193 1169 4252 dummodo
1230 4212 1306 4252 ne
1361 4191 1691 4252 inauditam
1750 4193 2142 4269 excogitasset
2195 4192 2346 4251 hanc
2400 4192 2689 4267 interpre-

360 4277 680 4336 tationem:
724 4298 763 4337 a
803 4278 1041 4354 puppi
1086 4279 1300 4337 navis
1344 4281 1639 4338 stantes
1683 4277 1812 4337 scil.
1858 4277 1935 4335 in
1980 4273 2233 4352 litore,
2288 4296 2465 4352 quam
2508 4278 2688 4336 inter-

362 4363 756 4436 pretationem
800 4363 1060 4423 fideliter
1102 4370 1370 4437 repetere
1414 4382 1590 4439 quam
1637 4362 1815 4422 aliam
1858 4363 2305 4437 circumspicere
2335 4361 2690 4421 solutionem

367 4448 723 4509 recentiores
769 4448 1128 4511 maluerunt.
1205 4449 1394 4524 Atqui
1437 4447 1581 4523 quid
1624 4446 2008 4509 statuendum
2053 4450 2237 4525 esset,
2282 4464 2400 4524 non
2447 4445 2689 4507 difficile
