3132 5129
1370 362 1612 424 -ssl
1722 400 1784 409 .-

413 517 570 576 mula
621 515 767 593 μετὰ
824 514 1074 595 στρατὸν
1129 512 1316 596 εὐρὺν
1354 512 1609 595 Ἀχαιῶν
1651 520 1869 579 abusus
1915 522 1984 578 ut
2025 520 2159 579 aliis
2202 520 2347 579 locis
2392 520 2476 579 ita
2523 521 2576 576 Ε
2619 522 2740 580 589

410 598 549 676 μετὰ
595 599 661 661 δὲ
705 600 958 680 στρατὸν
998 597 1179 682 ἥλασ’
1219 597 1494 680 Ἀχαιῶν.

576 689 699 747 479
732 716 815 737 ²=³
846 689 886 767 β
917 690 1061 750 420.
1093 709 1125 748 o
1155 690 1297 761 292,
1342 690 1457 748 nisi
1488 689 1648 764 quod
1678 690 1797 748 alia
1827 690 2090 750 clausula
2116 687 2460 766 γλαυκῶπις
2485 684 2740 767 Ἀθήνη.

409 772 502 831 Cf.
533 791 560 830 ε
592 775 737 833 268.
782 776 815 831 λ
848 776 905 832 7.

582 860 709 919 480
737 885 820 908 =
850 878 887 915 κ
918 860 1039 920 506
1087 851 1252 918 ἱστὸν
1309 853 1372 916 δὲ
1428 856 1653 933 στήσας
1708 851 1827 917 ἆνᾶ
1882 851 1955 917 θ’
2003 856 2159 917 ἱστία
2202 855 2382 918 λευκὰ
2426 856 2740 930 πετάσσας.

411 944 502 1008 cf.
536 945 578 1022 β
608 944 732 1002 424
764 962 852 1019 sq.
898 945 959 1018 (o
989 946 1110 1004 289
1143 944 1279 1021 sq.).
1355 943 1617 1003 Medium
1648 938 1928 1020 στήσαντ’
1962 944 2058 1004 hio
2100 949 2169 1004 ut
2213 965 2391 1022 supra
2419 946 2542 1004 433
2589 943 2740 1003 στεί-

410 1033 588 1087 λαντο
630 1030 805 1089 metri
848 1030 1046 1105 gratia
1087 1030 1392 1105 praetulit.

574 1111 914 1174 481—483
946 1142 1026 1164 ==
1056 1114 1096 1192 β
1126 1116 1492 1191 427-429,
1549 1116 1663 1176 nisi
1720 1115 2030 1191 quod‚hic
2084 1116 2276 1190 primo
2329 1134 2503 1175 versu
2562 1116 2741 1193 vulgo

410 1197 663 1275 ἔπρησεν
707 1192 767 1254 δ’
814 1195 1032 1276 ἄνεμος
1076 1200 1317 1277 legitur.
2371 1266 2378 1271 ,

576 1285 702 1344 484
739 1310 820 1332 ==
852 1305 886 1361 ρ
916 1287 997 1344 85
1045 1280 1196 1363 (178
1228 1291 1291 1344 et
1321 1285 1492 1364 alibi)
1525 1285 1606 1362 -Ι-
1637 1284 1694 1345 Α
1728 1286 1869 1345 229.
1905 1286 2022 1344 384
2073 1279 2302 1364 (alibi),
2362 1285 2463 1343 ubi
2522 1287 2740 1344 iterum

406 1372 467 1428 in
539 1370 900 1429 Graecorum
974 1370 1389 1430 exercitum
1465 1372 1621 1430 male
1693 1370 2010 1430 navibus
2084 1371 2395 1445 pervenire
2461 1369 2743 1429 dicuntur

404 1453 598 1514 Ulixis
643 1455 805 1513 socii.

576 1540 699 1596 485
731 1565 813 1587 ==
845 1558 889 1593 π
920 1540 1060 1597 325.

577 1626 701 1683 486
732 1649 814 1671 =
844 1623 1051 1699 hymn.
1085 1625 1286 1698 Apoll.
1320 1625 1499 1702 Pyth.
1531 1628 1673 1698 329,
1721 1627 1837 1685 nisi
1881 1626 2041 1702 quod
2086 1627 2166 1685 ibi
2210 1626 2394 1701 vulgo
2438 1617 2632 1702 παρὰ
2676 1619 2736 1695 δῖ

405 1705 623 1784 ἕρματα
670 1709 908 1785 legitur,
956 1727 1071 1783 quo
1116 1713 1389 1769 nostrum
1437 1704 1575 1768 ὑπό
1619 1711 1833 1771 melius
1876 1714 1970 1771 est
2013 1710 2314 1769 firmatum
2363 1710 2412 1765 Β
2457 1713 2575 1769 154
2621 1703 2744 1767 ὑπὸ

401 1787 457 1851 δ’
506 1790 698 1875 ᾕρεον
741 1788 960 1869 ἕρματα
1004 1800 1189 1869 νηῶν.

574 1880 719 1938 487.
791 1876 882 1936 Cf.
932 1878 1142 1938 T277
1202 1874 1309 1960 (Ψ
1344 1882 1402 1939 3.
1462 1881 1502 1959 β
1544 1881 1693 1956 258)
1766 1880 1824 1937 οἳ
1900 1875 2011 1956 μὲν
2074 1873 2178 1958 ἄρ’
2257 1875 2738 1960 ἐσκίδναντο,

403 1984 583 2041 supra
628 1965 752 2024 306
797 1966 860 2021 et
904 1963 1026 2021 328
1073 1958 1169 2021 ἐπὶ
1217 1963 1526 2036 κλισίας
1571 1961 1674 2023 καὶ
1721 1964 1906 2041 νῆας
1953 1969 2014 2023 et
2059 1961 2115 2028 Ξ
2150 1959 2450 2024 392’ποτὶ
2508 1963 2739 2035 κλισίας

401 2070 459 2108 τε
506 2046 648 2120 νέας
695 2069 772 2111 τε.

573 2134 864 2194 Consulto
897 2152 1074 2210 quam
1109 2135 1550 2195 accuratissime
1580 2134 1725 2194 baec
1753 2136 2131 2211 pertractavi.
2166 2135 2316 2193 .Iam
2351 2134 2504 2193 enim
2529 2137 2740 2210 cuique

402 2220 715 2296 apparebit
754 2238 865 2279 nos
908 2218 1002 2276 hic
1045 2239 1154 2280 nec
1198 2239 1439 2279 carmen
1470 2240 1578 2280 nec
1608 2222 1887 2280 carminis
1918 2221 2321 2296 fragmentum
2351 2238 2462 2279 nec
2494 2220 2738 2278 omnino

400 2305 624 2379 aliquid
686 2323 933 2380 poeseos
1000 2304 1194 2364 simile
1249 2306 1350 2364 sed
1408 2326 1634 2365 merum
1693 2306 1909 2365 habere
1981 2306 2476 2364 consarcinatoris
2549 2305 2734 2362 fetum

399 2390 621 2448 sactum
670 2408 740 2448 eo
784 2389 1053 2463 consilio,
1098 2391 1167 2447 ut
1210 2392 1467 2464 primum
1518 2410 1652 2449 cum
1696 2390 1955 2451 secundo
2004 2390 2264 2448 carmine
2308 2392 2735 2459 conecteretur,

398 2494 472 2533 ne
519 2474 717 2533 Ulixis
771 2476 887 2533 iter
948 2475 1012 2533 in
1068 2475 1174 2534 illo
1229 2476 1559 2534 308—311
1622 2476 2087 2552 Agamemnonis
2161 2475 2323 2534 iussu
2398 2477 2737 2548 susceptum

403 2559 604 2618 reditu
653 2564 893 2620 careret.
983 2558 1214 2636 Operae
1256 2562 1510 2636 pretium
1555 2564 1650 2621 est
1693 2561 2024 2632 observare,
2070 2579 2248 2637 quam
2293 2559 2558 2619 studiose
2601 2578 2735 2618 con·

403 2647 680 2704 cinnator
725 2649 960 2720 praeter
1012 2646 1175 2704 locos
1229 2647 1468 2704 aliunde
1513 2646 1764 2705 collatos
1807 2647 1987 2705 etiam
2034 2646 2106 2704 iis
2152 2664 2294 2704 usus
2339 2646 2437 2717 sit,
2480 2665 2634 2720 quae
2677 2648 2739 2703 et

395 2749 464 2788 ex
496 2732 699 2805 priore
730 2730 988 2790 carmine
1021 2733 1084 2788 et
1112 2749 1183 2788 ex
1215 2731 1265 2788 A
1284 2731 1442 2804 poll
1461 2732 1627 2789 ineo
1667 2731 1890 2806 hymno
1935 2731 1996 2789 in
2038 2750 2203 2789 suam
2234 2749 2359 2788 rem
2391 2733 2737 2789 convertere

396 2815 618 2890 potuit.
676 2815 1075 2890 Agnoscimus
1107 2817 1346 2875 omnino
1377 2835 1504 2874 eam
1538 2816 1850 2874 tessellarii
1882 2814 2095 2891 opificii
2127 2818 2337 2888 artem,
2378 2834 2555 2890 quam
2586 2817 2646 2874 et
2676 2815 2736 2873 in

396 2899 592 2980 βουλῇ
637 2896 932 2976 γερόντων
976 2902 1167 2958 inesse
1200 2901 1429 2975 primae
1460 2901 1896 2960 dissertationis
1926 2919 1981 2974 p.
2008 2901 2218 2957 7-10
2241 2895 2445 2979 [supra
2465 2920 2523 2976 p.
2543 2895 2733 2977 5—7]

397 2988 458 3042 et
501 2986 565 3042 in
609 2984 999 3043 Troianorum
1047 2986 1314 3062 catalogo
1358 2986 1604 3044 alterius
1649 2984 2088 3044 dissertationis
2130 3006 2188 3060 p.
2229 2986 2479 3044 26—33
2531 2982 2739 3061 [supra

397 3090 453 3145 p.
471 3064 719 3146 4lsqq.]
746 3069 1182 3143 demonstrav13
1216 3071 1564 3145 saepiusque
1592 3071 1709 3128 alia
1731 3070 2053 3129 centonarii
2079 3069 2254 3128 huius
2272 3069 2509 3146 generis
2539 3087 2735 3127 exem-

397 3155 499 3229 pla
537 3156 601 3212 in
636 3156 846 3213 ceteris
877 3154 1085 3213 Iliadis
1119 3155 1290 3213 libris
1331 3155 1728 3227 ostendemus,
1770 3174 1920 3231 quae
1967 3155 2165 3213 omnia
2213 3172 2334 3213 non
2382 3154 2577 3214 solum
2625 3154 2735 3214 hoc

399 3258 711 3299 commune
742 3239 980 3312 habent,
1013 3239 1170 3313 quod
1203 3238 1374 3297 data
1416 3257 1645 3314 opera
1679 3241 1823 3298 solis
1857 3259 1925 3297 ex
1953 3239 2279 3298 Homericis
2305 3241 2573 3300 versibus
2604 3259 2732 3299 ver-

398 3343 692 3398 suumque
737 3324 1131 3399 fragminibus
1175 3324 1609 3400 conglutinata,
1657 3325 1758 3383 sed
1805 3325 2005 3396 etiam,
2056 3324 2216 3398 quod
2261 3328 2461 3400 aperte
2509 3325 2732 3382 eumin

399 3408 575 3467 finem
610 3408 772 3466 facta
800 3412 862 3467 ct
889 3410 1123 3468 intrusa
1142 3413 1298 3479 sunt,
1338 3413 1405 3468 ut
1428 3428 1629 3468 rerum
1655 3410 1899 3467 lacunae
1922 3410 2396 3484 narrationisque
2417 3409 2734 3469 intervalla

398 3501 554 3551 certe
584 3493 788 3567 aliquo
811 3493 985 3551 modo
1012 3493 1179 3567 quasi
1204 3493 1505 3569 ponticulo
1531 3493 1605 3552 ad
1644 3493 1928 3568 temporis
1951 3495 2363 3552 necessitatem
2389 3513 2421 3552 e
2445 3494 2733 3552 vilissima

398 3578 647 3636 materia
704 3582 1047 3638 constructo
1101 3578 1374 3637 velentur
1429 3580 1630 3655 potius
1674 3598 1849 3653 quam
1896 3579 2276 3654 obtegantur.
2365 3579 2520 3637 Hinc
2567 3578 2729 3638 fatali

396 3663 653 3737 quadam
711 3667 872 3722 sorte
927 3662 1166 3734 accidit,
1229 3667 1297 3721 ut
1341 3665 1589 3722 unitatis
1641 3663 1980 3738 pastoribus
2036 3663 2146 3722 hae
2190 3662 2569 3738 potissimum
2613 3681 2729 3721 sar·

397 3753 566 3806 turae
621 3747 952 3806 miserrime
1012 3751 1290 3806 consutae
1346 3750 1602 3807 maximo
1658 3748 1857 3807 studio
1914 3747 2317 3808 defendendae
2367 3753 2429 3808 et
2484 3746 2730 3806 calidius

398 3832 519 3890 fere
564 3831 855 3891 fovendae
898 3834 1038 3905 sint,
1083 3852 1260 3907 quam
1304 3834 1529 3909 ingenii
1564 3852 1698 3893 vere
1741 3833 1959 3907 poetici
2002 3833 2515 3908 praestantissima
2556 3835 2732 3906 atque

401 3916 609 3976 divina
664 3936 859 3993 opera.
947 3917 1063 3976 Hic
1116 3922 1318 3977 tamen
1375 3937 1444 3976 ex
1490 3917 1768 3976 unitariis
1816 3937 1985 3989 unm,
2031 3919 2133 3992 qui
2179 3918 2512 3993 proximum
2558 3915 2732 3975 facile

398 4021 433 4058 a
484 4001 793 4061 Nitzschio
859 4003 1052 4062 locum
1108 4004 1302 4074 tenet,
1367 4001 1807 4061 Baeumleinius
1860 4003 2276 4078 incorruptum
2330 4021 2401 4059 ea
2456 4000 2733 4076 opinione

398 4086 680 4146 iudicium
726 4086 1019 4161 prodidit,
1077 4106 1212 4148 cum
1257 4089 1317 4146 in
1363 4087 1898 4146 Lachmanniarum
1943 4087 2488 4146 considerationum
2532 4105 2731 4145 recen·

397 4171 560 4231 sione
606 4173 833 4231 inserta
875 4172 1186 4231 annalibus
1231 4173 1419 4247 antiq.
1451 4172 1607 4231 Nov.
1645 4171 1774 4230 Ser.
1805 4171 1890 4228 VI
1918 4167 2143 4250 (1848)
2175 4192 2234 4247 p.
2268 4171 2390 4230 325
2422 4191 2508 4247 sq.
2541 4175 2727 4230 totam

395 4256 543 4315 hanc
585 4256 1094 4316 continuationem
1127 4257 1393 4332 Hauptio
1440 4257 1589 4315 duce
1636 4256 1915 4314 damnare
1959 4274 2137 4315 ausus
2183 4259 2291 4315 est.
2367 4256 2489 4314 Nec
2532 4259 2732 4315 tamen

399 4340 852 4418 Naegelsbachii
886 4343 1094 4416 pietati
1127 4342 1440 4418 persuasit,
1473 4341 1578 4416 qui
1609 4342 1672 4399 in
1704 4340 2159 4399 adnotationum
2192 4341 2268 4399 ad
2298 4339 2505 4399 Iliadis
2527 4339 2734 4398 1—111

398 4427 657 4486 editione
710 4427 929 4499 altera,
985 4430 1301 4503 postquam
1360 4447 1416 4501 p.
1467 4426 1799 4487 106—108
1854 4428 2061 4484 contra
2117 4430 2438 4501 utrumque
2493 4424 2731 4502 egregie

2772 3327 2829 3375 1‘1
