3132 5129
1364 353 1819 418 —264-

955 511 1012 570 A
2180 506 2231 564 B

1656 630 1746 677 153
1786 623 1940 690 ἰσχὺς
1986 622 2047 675 δ’
2090 620 2347 686 ἄπλητος
2392 620 2636 686 κρατερὴ
2675 634 2764 684 με-

2016 705 2175 772 γάλῳ
2213 704 2306 758 ἐπὶ
2344 704 2494 758 εῖδει.

1651 799 1746 847 155
1849 793 2166 847 δεινότατοι
2203 789 2454 854 παίδων,
2502 789 2764 857 σφετέρῳ

2021 877 2084 929 δ’
2115 877 2365 941 ἤχθοντο
2400 877 2563 939 τοκῆι

1781 963 1837 1017 ἐξ
1874 962 2071 1029 ἀρχῆς·
2108 960 2200 1014 καὶ
2224 962 2346 1012 τῶν
2373 959 2478 1025 μὲν
2501 959 2659 1023 ὅπως
2683 975 2767 1023 τις

2024 1049 2224 1113 πρῶτα
2258 1043 2510 1109 γένοιτο,

427 1137 657 1211 πάντας
712 1131 1168 1239 ἀποκρύπτασκε
1213 1134 1313 1196 καὶ
1357 1132 1414 1209 ἐς
1518 1213 1522 1218 ,
1790 1134 2020 1208 πάντας
2059 1128 2520 1210 ἀποκρύπτασκε
2561 1127 2662 1191 καὶ
2704 1127 2766 1206 ἐς

682 1214 835 1299 φάος
879 1214 987 1281 οὐκ
1031 1217 1308 1281 άνίεσκεν
1447 1231 1540 1279 157
2010 1211 2166 1297 φάος
2211 1212 2322 1277 οὐκ
2365 1211 2601 1277 άνίεσκε

1788 1318 1950 1385 Γαίης
1970 1319 2032 1372 ἐν
2049 1321 2359 1384 κευθμῶνι,
2379 1321 2536 1384 κακῷ
2555 1318 2587 1370 δ
2604 1316 2618 1335 ’
2637 1316 2763 1370 έπε-

2020 1402 2269 1470 τέρπετο
2303 1402 2480 1469 ἔργῳ·

434 1491 743 1575 Οὐρανός·
791 1490 834 1572 ἢ
861 1486 920 1553 δ’
957 1490 1119 1564 ἐντὸς
1152 1493 1413 1571 στεναχί-
1654 1493 1749 1545 160
1783 1489 2128 1555 στεινομένη
2168 1488 2239 1556 [δ’
2273 1486 2403 1553 ἄρα
2443 1487 2637 1556 Γαῖα]
2676 1497 2765 1540 κα-

683 1582 807 1652 ζετο
852 1581 1007 1637 Γαῖα
1050 1576 1307 1657 πελώρη.
1450 1587 1545 1636 159
1595 1602 1599 1645 4
2019 1575 2129 1640 κήν
2174 1573 2505 1640 ἐφράσσατο
2539 1573 2763 1640 τέχνην.

599 1785 670 1845 In
726 1784 1112 1860 sequentibus
1163 1786 1494 1844 161-175
1551 1804 1670 1844 non
1730 1785 1925 1844 minus
1983 1785 2246 1860 quinque
2291 1782 2571 1843 habemus
2617 1785 2766 1843 stro-

430 1872 577 1947 phas
623 1870 1033 1944 ternarias,
1079 1889 1331 1945 quarum
1377 1872 1659 1946 quattuor
1697 1871 1921 1947 primae
1968 1870 2138 1928 facile
2178 1869 2243 1928 in
2301 1868 2452 1928 duas
2496 1869 2766 1944 quina·

436 1957 578 2016 rias
621 1956 840 2014 mutari
883 1958 1164 2030 poterant
1207 1954 1420 2014 deletis
1470 1957 1588 2015 163
1621 1958 1683 2015 et
1716 1957 1855 2030 172,
1900 1955 2118 2031 quibus
2152 1953 2426 2014 versibus
2457 1953 2766 2013 commode

431 2060 635 2100 carere
679 2058 1013 2115 possumus,
1074 2037 1296 2109 Quinta
1339 2039 1585 2115 stropha
1628 2043 1689 2099 et
1729 2040 1833 2116 qui
1877 2042 2013 2115 post
2043 2059 2173 2099 eam
2204 2041 2535 2115 sequuntur
2562 2057 2766 2099 versus

429 2126 540 2185 hoc
581 2126 756 2185 modo
800 2126 1106 2200 utrique
1150 2124 1396 2184 editioni
1441 2125 1656 2186 inclusi
1698 2125 1881 2184 fuisse
1925 2125 2234 2184 videntur:

961 2310 1017 2369 A
2191 2309 2240 2366 B

515 2428 596 2500 ὡς
640 2423 822 2506 φάτο·
871 2427 1146 2508 γήθησεν
1177 2424 1243 2487 δὲ
1272 2426 1419 2509 μέγα
1597 2316 1604 2446 Ι
1862 2423 1944 2501 ὥς
1989 2425 2173 2506 φάτο·
2218 2425 2492 2506 γήθησεν
2522 2423 2590 2487 δὲ
2620 2424 2768 2508 μέγα

685 2512 861 2594 φρεσὶ
909 2516 1058 2574 Γαῖα
1103 2512 1368 2614 πελώρη·
1451 2524 1545 2573 173
2014 2508 2189 2592 φρεσὶ
2234 2514 2293 2571 Γ
2286 2535 2394 2573 αια
2437 2512 2699 2592 πελώρη·

373 2601 377 2605 ’
433 2592 552 2661 εἷσε
579 2597 643 2660 δέ
663 2622 769 2678 μιν
790 2598 1076 2680 κρύψασα
1100 2594 1269 2680 λόχῳ,
1301 2597 1419 2660 ἐνὲ·
1780 2593 1899 2661 εἷσε
1962 2596 2031 2659 δέ
2084 2619 2190 2675 μιν
2243 2597 2530 2675 κρύψασα
2595 2598 2769 2681 λόχῳ,

689 2689 842 2760 θηκε
890 2682 952 2743 δὲ
999 2681 1196 2764 χερσὶν
2014 2680 2267 2762 ἐνέθηκε
2313 2681 2378 2742 δὲ
2420 2681 2621 2762 χερσὶν

431 2768 635 2849 ἅρπην
656 2768 1132 2848 καρχαρόδοντα,
1157 2768 1335 2830 δόλον
1355 2767 1416 2829 δ’
1778 2791 1980 2852 αρπην
2013 2766 2473 2872 καρχαρόδοντα,
2504 2768 2688 2830 δόλον
2708 2762 2770 2827 δ’

690 2850 1043 2931 ὑπεθήκατο
1086 2850 1301 2914 πάντα.
1454 2864 1548 2913 175
2012 2847 2361 2931 ὑπεθήκατο
2404 2849 2619 2917 πάντα.

519 2931 672 3018 ἦλθε
699 2935 761 2998 δὲ
786 2934 930 2999 νύκτ
937 2932 1220 3040 ’ἐπάγων
1240 2936 1420 3016 μέγας
1780 2932 1932 3019 ἦλθε
1977 2935 2043 2999 δὲ
2090 2932 2260 2998 νύκτ’
2308 2936 2552 3017 ἐπάγων
2591 2936 2771 3019 μέγας

689 3017 988 3103 Ουρανός,
1011 3018 1164 3103 ἀμφὶ
1187 3021 1253 3084 δὲ
1271 3027 1327 3083 Γ
1318 3024 1424 3107 αίῃ
2017 3017 2289 3103 Οὐρανός
2303 3067 2323 3101 ,
2346 3019 2505 3101 άμφὶ
2532 3021 2596 3084 δὲ
2618 3023 2774 3107 Γαίῃ

1792 3122 2028 3200 ίμείρων
2097 3123 2409 3190 φιλότητος
2479 3123 2773 3189 ἐπέσχετο,

2026 3211 2157 3271 πᾶς
2193 3210 2258 3260 τ’
2291 3206 2596 3275 ἐτανύσθη.

1867 3293 2103 3373 αὐτὰρ
2176 3293 2209 3355 ο
2280 3294 2360 3355 ἐκ
2446 3295 2774 3376 λεχρίοιο

2016 3377 2164 3452 πάις
2211 3375 2467 3460 ωρέξατο
2511 3379 2658 3459 χειρὶ

1783 3475 1994 3549 σκαιῇ,
2052 3465 2344 3564 δεξιτερῇ
2368 3461 2433 3524 δὲ
2487 3463 2775 3545 πελώριον

2016 3548 2263 3627 ἔλλαβεν
2305 3570 2534 3630 αρπην,

1781 3634 2023 3715 μακρὴι
2036 3634 2500 3713 καρχαρόδοντα,
2525 3635 2705 3713 φίλου
2720 3631 2776 3696 δ’

2015 3714 2134 3781 άπὸ
2180 3715 2371 3798 μήδεα
2414 3720 2638 3824 πατρὸς

1786 3801 2119 3884 ἐσσυμένως
2180 3801 2404 3884 ἤμησε,
2471 3804 2653 3868 πάλιν
2708 3803 2769 3866 δ’

2022 3889 2227 3970 ἔρριψε
2273 3888 2569 3968 φέρεσθαι

1779 3975 2055 4050 ἐξοπίσω·
2105 3971 2174 4036 τὰ
2219 3971 2331 4054 μὲν
2374 3974 2452 4035 οὔ
2481 3998 2536 4035 τι
2565 3972 2774 4037 ἐτώσια

2018 4059 2240 4141 ἔκφυγε
2283 4054 2496 4140 χειρός·

1870 4144 2044 4206 ὅσσαι
2065 4145 2177 4228 γὰρ
2202 4143 2569 4227 ῥαθάμιγγες
2593 4143 2772 4207 άπέσ-

2016 4238 2210 4292 συθεν
2251 4231 2664 4309 αἷματόεσσαι,

1784 4315 1985 4390 πάσας
2030 4315 2234 4392 δέξατο
2270 4318 2453 4377 Γαῖα·
2501 4321 2768 4396 περιπλο-

2018 4399 2218 4479 μένων
2259 4395 2318 4461 δ’
2370 4399 2662 4462 ἐνιαυτῶν

432 3304 576 3367 πᾶς
623 3291 900 3355 τέταθ’·
948 3293 1021 3354 ἐκ
1070 3292 1143 3355 δὲ
1174 3294 1426 3372 λόχοιο

689 3380 829 3453 πάις
874 3375 1129 3456 ὠρέξατο
1172 3402 1317 3458 χειρι
1458 3391 1550 3439 178

438 3460 621 3547 σκαιῇ
632 3506 648 3536 ,
706 3465 1018 3568 δεξιτερῇ
1026 3462 1094 3525 δὲ
1137 3462 1426 3542 πελώριον

690 3525 948 3628 ἔλλαβεν
975 3570 1214 3627 αρπην,

504 3660 545 3696 α
563 3656 597 3713 ρ
610 3656 704 3711 πη
725 3657 754 3690 ν
776 3633 1243 3737 καρχαρόδοντα,
1262 3633 1440 3709 φίλου

691 3716 751 3779 δ’
799 3714 919 3779 άπὸ
961 3719 1154 3800 μήδεα
1199 3717 1422 3795 πατρὸς
1458 3731 1554 3780 180

339 3816 409 3866 20
445 3802 786 3883 ἐσσυμένως
841 3821 1058 3883 ημησε,
1124 3803 1307 3865 πάλιν
1361 3802 1422 3866 δ’

696 3887 902 3970 ἔρριψε
942 3888 1238 3968 φέρεσθαι

437 3974 718 4051 ἐξοπίσω·
766 3972 838 4034 τά
883 3973 994 4052 μὲν
1023 3973 1098 4057 οὔ
1127 3996 1182 4032 τι
1211 3969 1427 4035 ἐτώσια

692 4057 917 4159 ἔκφυγε
960 4057 1186 4138 χειρός·

521 4136 694 4204 όσσαι
722 4167 830 4223 γαρ
855 4140 1219 4225 ῥαθάμιγγες
1241 4140 1423 4204 άπέσ-

695 4234 890 4290 συθεν
931 4230 1349 4307 αἱματόεσσαι,

439 4314 635 4387 πάσας
679 4312 887 4390 δέξατο
929 4317 1112 4375 Γαῖα·
1158 4319 1425 4393 περιπλο·

693 4397 890 4477 μένων
935 4394 990 4456 δ’
1041 4397 1334 4460 ἐνιαυτοῖν
