3132 5129
1422 370 1718 436 —586
1813 408 1879 417 —

487 534 867 594 scholiastam
941 531 1207 609 cryptiae
1281 530 1523 607 negotia
1590 548 1725 589 cum
1796 527 2316 589 exercitationibus
2386 528 2506 588 illis
2575 530 2813 589 commi-

488 620 743 693 scuisse,
793 637 946 694 quae
989 617 1479 690 instituebantur,
1526 619 1596 672 ut
1626 614 1798 689 pueri
1829 612 2041 672 callide
2072 613 2234 672 cibos
2264 614 2453 672 furari
2501 614 2817 674 discerent.

488 703 837 763 Arbitratur
881 702 1069 777 enim,
1113 702 1224 760 hoc
1268 702 1352 760 ita
1398 700 1621 758 factum
1668 718 1824 772 esse,
1875 701 1941 756 ut
1985 699 2157 773 pueri
2204 718 2272 757 ex
2317 699 2464 758 urbe
2495 699 2558 758 in
2588 703 2818 759 montes

488 792 715 848 certum
747 789 809 846 in
852 792 1087 862 tempus
1132 805 1198 845 eo
1243 785 1490 845 consilio
1537 785 1984 858 emitterentur,
2032 786 2101 842 ut
2142 783 2373 843 interea
2402 784 2552 844 cibis
2582 785 2821 843 aliunde

486 892 610 932 non
655 873 913 948 acceptis
959 871 1329 932 clandestino
1374 889 1443 929 ex
1489 869 1640 928 aulis
1685 872 1747 928 et
1790 868 2039 928 aedibus
2084 869 2243 928 furto
2290 868 2476 928 vitam
2523 872 2820 930 sustenta-

486 962 644 1033 rent,
692 957 1040 1035 deprehensi
1085 958 1293 1033 plagas
1338 954 1659 1029 accepturi.
1749 955 1833 1012 At
1875 971 2015 1012 vero
2074 973 2144 1011 ex
2200 954 2366 1013 nullo
2410 955 2541 1014 loco
2588 974 2661 1013 ne
2706 954 2820 1014 col·

389 1050 451 1098 16
488 1044 597 1119 ligi
643 1043 882 1118 quidem
942 1044 1175 1116 potest,
1230 1041 1306 1099 ad
1365 1040 1590 1115 furtum
1641 1037 2028 1097 exercendum
2084 1038 2231 1097 urbe
2287 1057 2414 1099 esse
2459 1039 2705 1109 eiectos,
2762 1043 2823 1097 et

484 1127 788 1187 Plutarch.
822 1128 1081 1203 Lycurg.
1115 1146 1162 1185 c.
1201 1127 1275 1184 17
1310 1125 1513 1201 potius
1558 1123 1923 1183 contrarium
1970 1123 2177 1182 docet:
2225 1113 2417 1193 Οὗτος
2447 1113 2562 1181 οὖν
2591 1117 2624 1180 ὁ
2654 1121 2822 1199 εἴρην

485 1209 671 1271 εἴκοσι
715 1208 812 1287 ἔτη
857 1209 1112 1313 γεγονώς
1154 1206 1320 1287 ἄρχει
1374 1227 1433 1265 τε
1480 1216 1602 1266 τῶν
1643 1201 2136 1284 ὑποτεταγμένων
2181 1204 2247 1266 ἕν
2291 1212 2419 1280 ταῖς
2463 1202 2675 1286 μάχαις
2719 1206 2820 1265 καὶ

485 1290 618 1354 κατ’
679 1288 847 1355 οἷκον
902 1293 1227 1372 υπηρέταις
1283 1301 1488 1371 χρῆται
1542 1290 1692 1370 πρὸς
1748 1288 1810 1352 τὸ
1858 1289 2121 1350 δεῖπνον.
2204 1286 2548 1352 Ἐπιτοὶσσει
2592 1288 2659 1350 δὲ
2702 1296 2822 1363 τοῖς

483 1376 597 1458 μὲν
624 1375 829 1459 ἆδροῖς
860 1374 1002 1451 ξύλα
1034 1375 1265 1459 φέρειν,
1311 1382 1470 1449 τοῖς
1505 1373 1578 1436 δὲ
1608 1372 2081 1456 μικροτέροις
2113 1373 2360 1453 λάχανα.
2431 1376 2550 1436 Καὶ
2578 1373 2823 1456 φέρουσι

484 1462 829 1536 κλέπτοντες
887 1464 948 1523 οἱ
996 1460 1109 1542 μὲν
1163 1460 1259 1523 ἐπὶ
1314 1459 1452 1534 τοὺς
1509 1461 1740 1539 κήπους
1794 1459 2162 1538 βαδίζοντες,
2219 1461 2282 1520 οἱ
2328 1457 2394 1521 δὲ
2452 1461 2532 1532 εἰς
2587 1451 2657 1521 τα
2702 1470 2823 1522 τῶν

483 1544 732 1624 ἀνδρῶν
776 1549 1050 1607 συσσίτια
1095 1543 1540 1627 παρεισρέοντες
1588 1537 1656 1605 εὖ
1700 1546 1856 1623 μάλα
1899 1543 2254 1624 πανούργως
2300 1545 2401 1605 καὶ
2444 1544 2814 1626 πεφυλαγμέ-

485 1651 642 1705 νως*
690 1624 768 1693 ἂν
824 1628 885 1692 δ’
942 1627 1107 1715 ἁλῷ,
1174 1627 1390 1702 πολλὰς
1446 1630 1733 1710 λαμβάνει
1788 1626 2017 1707 πληγὰς
2073 1629 2141 1710 τῇ
2195 1625 2463 1710 μα’στιγι,
2530 1630 2822 1714 ῥαθύμως

486 1718 687 1778 δοκῶν
731 1715 1002 1777 κλέπτειν
1058 1716 1157 1777 καὶ
1209 1712 1486 1794 α’τέχνως.
1580 1718 1706 1788 Quo
1762 1736 1832 1775 cx
1889 1716 2017 1775 loco
2077 1720 2355 1791 apparet,
2414 1737 2632 1793 pueros
2688 1738 2822 1777 cum

488 1806 550 1862 in
596 1805 743 1863 urbe
789 1805 1213 1880 educarentur,
1261 1804 1419 1863 olera
1462 1803 1536 1861 ad
1583 1821 1786 1861 cenam
1832 1801 2167 1860 necessaria
2210 1821 2280 1861 ex
2324 1803 2515 1862 hortis
2560 1806 2621 1861 et
2664 1804 2819 1863 viro-

485 1908 618 1947 rum
663 1889 953 1949 conviviis
1009 1890 1234 1948 furatos
1290 1907 1435 1947 esse.
1527 1887 1703 1963 Apud
1760 1886 2215 1961 Xenophontem
2268 1891 2465 1946 autem
2520 1889 2581 1946 in
2628 1889 2821 1947 Anab.

484 1973 589 2049 IV,
645 1977 680 2034 6
735 1972 774 2049 ἓ
832 1975 910 2031 14
963 1974 1037 2033 ad
1102 1973 1515 2049 Chirisophum
1580 1970 2109 2031 Lacedaemonium
2170 1971 2416 2031 dicitur:
2470 1961 2652 2049 ’Τμᾶς
2708 1968 2823 2049 γὰρ

485 2054 664 2136 ἔγωγε
707 2048 915 2116 ἇκούω
958 2054 1095 2126 τοὺς
1139 2054 1663 2133 Λακεδαιμονίους
1718 2050 1847 2114 ὅσοι
1891 2050 2017 2114 ἐστὲ
2061 2062 2179 2113 τῶν
2234 2048 2454 2131 ὁμοίων
2510 2052 2701 2126 εὐθὺς
2756 2054 2822 2115 ἐκ

483 2141 721 2201 παίδων
764 2138 1037 2202 κλέπτειν
1081 2139 1424 2221 [μελετᾶν],
1470 2138 1571 2199 καὶ
1614 2131 1722 2199 οὐκ
1767 2135 2016 2217 αἰσχρὸν
2058 2131 2214 2198 εἶναι
2256 2135 2401 2200 ἀλλὰ
2433 2138 2619 2200 καλὸν
2649 2137 2821 2201 κλέπ-
2878 2162 2881 2165 ·

486 2249 607 2287 τειν
650 2224 765 2286 ὅσα
809 2226 890 2306 μὴ
939 2226 1160 2287 κωλύει
1208 2226 1403 2304 νόμος.
1491 2226 1665 2286 Unde
1707 2226 2111 2302 intellegitur,
2167 2226 2285 2284 iam
2329 2227 2392 2284 in
2436 2227 2634 2302 prima
2678 2247 2822 2302 pue·

484 2314 627 2372 ritia
657 2314 774 2373 ista
804 2315 964 2373 furta
992 2333 1121 2373 esse
1162 2313 1500 2372 exercitata.
1575 2311 1782 2386 Neque
1825 2330 1898 2369 ex
1942 2312 2151 2370 ceteris
2198 2310 2371 2386 lociS,
2418 2331 2567 2388 quos
2613 2313 2822 2372 attulit

485 2398 758 2465 Mueller.
804 2399 842 2456 l.
889 2418 940 2458 c.
999 2397 1322 2474 (Heraclid.
1379 2397 1554 2456 Pont.
1604 2395 1666 2454 II
1709 2416 1767 2471 p.
1812 2398 1849 2453 5
1892 2394 1993 2453 fin.
2038 2414 2130 2470 sq.
2186 2391 2272 2475 [v.
2318 2415 2497 2473 supra
2548 2417 2605 2472 p.
2639 2393 2818 2475 581].

488 2484 636 2541 Xen.
663 2502 787 2558 rep.
820 2484 957 2543 Lac.
986 2483 1065 2558 II,
1106 2484 1291 2542 6—8.
1322 2482 1484 2540 Plut.
1505 2481 1763 2556 Lycurg.
1795 2482 1889 2539 18.
1921 2480 2117 2539 Instit.
2141 2480 2360 2539 Lacon.
2385 2481 2502 2539 XII
2525 2481 2721 2557 p.237
2747 2482 2818 2540 E.

485 2569 792 2644 Apophth.
815 2569 1031 2628 Lacon.
1063 2569 1289 2627 XXXII
1312 2587 1371 2642 p.
1400 2569 1519 2627 234
1554 2567 1628 2626 A.
1659 2566 1731 2625 Β.
1778 2564 1929 2625 Gell.
1953 2564 2053 2640 XI,
2092 2568 2186 2640 18,
2226 2568 2320 2624 17.
2367 2566 2524 2626 Non.
2556 2567 2818 2626 Marcell.

483 2673 538 2728 p.
575 2656 656 2712 20
686 2673 734 2712 S.
768 2673 828 2712 v.
863 2652 1190 2728 clepere)
1224 2652 1348 2710 ulla
1376 2652 1605 2710 ratione
1638 2651 1827 2710 conici
1873 2654 2091 2726 potest,
2138 2650 2298 2725 quod
2344 2651 2445 2709 ille
2490 2653 2818 2727 proposuit.

485 2737 612 2794 Iam
658 2756 791 2796 cum
838 2738 950 2796 hoc
993 2741 1152 2796 recte
1196 2736 1401 2796 videar
1444 2737 1589 2794 mihi
1635 2736 2094 2809 demonstrasse,
2155 2736 2218 2793 in
2261 2735 2537 2796 Platonis
2594 2737 2817 2796 scholio

485 2820 557 2878 de
587 2822 712 2881 sola
741 2822 973 2897 cryptia
1002 2840 1330 2880 sermonem
1378 2840 1535 2896 esse,
1586 2821 1730 2896 quid
1774 2821 1911 2879 inde
1956 2820 2359 2896 intellegatur,
2407 2823 2818 2897 exponendum

491 2909 599 2964 est.
689 2907 768 2965 Et
812 2908 1070 2980 primum
1120 2905 1354 2981 quidem
1402 2905 1852 2980 confirmantur,
1902 2924 2051 2980 quae
2096 2905 2211 2963 iam
2257 2906 2502 2982 scimus,
2550 2926 2657 2981 per
2700 2925 2818 2966 cer-

493 2995 621 3049 tum
666 2991 914 3066 aliquod
957 2994 1194 3066 tempus
1241 3010 1311 3049 ex
1355 2989 1500 3049 urbe
1547 2992 1765 3049 eiectos
1811 2990 2051 3049 iuvenes
2096 2989 2362 3066 singulos
2407 2991 2469 3049 in
2516 2992 2819 3051 montibus

491 3078 551 3134 et
596 3075 786 3135 deviis
844 3076 1292 3135 circumerrasse
1365 3066 1660 3152 γυμνούς,
1728 3075 1786 3136 h.
1831 3094 1881 3133 e.
1938 3075 2114 3134 rebus
2168 3076 2420 3133 maxime
2475 3076 2818 3136 necessariis

482 3163 720 3218 tantum
752 3161 1095 3220 instructos.
1145 3161 1295 3219 Cum
1327 3162 1526 3219 autem
1559 3160 1797 3236 singuli,
1830 3178 1950 3219 non
1974 3160 2340 3235 catervatim,
2381 3161 2814 3236 emitterentur,

484 3264 602 3320 qua
647 3245 720 3303 de
763 3265 825 3304 re
868 3265 988 3305 non
1032 3247 1149 3304 iam
1196 3245 1433 3304 videtur
1478 3245 1742 3304 dubitari
1801 3263 2000 3320 posse,
2059 3248 2308 3320 apparet
2365 3264 2588 3304 errasse
2632 3247 2815 3304 Muel-

481 3329 699 3403 lerum,
760 3330 864 3404 qui
908 3331 948 3388 l.
979 3350 1027 3389 c.
1062 3350 1121 3406 p.
1154 3330 1236 3388 44
1283 3326 1391 3408 [-=-
1424 3350 1483 3405 p.
1517 3332 1597 3388 38
1628 3330 1723 3388 ed.
1765 3325 1901 3407 alt.]
1961 3334 2162 3404 putat,
2220 3329 2461 3389 iuvenes
2517 3331 2725 3389 exiisse
2782 3350 2816 3389 a

483 3413 929 3489 magistratibus
957 3415 1361 3491 singularibus
1386 3414 1611 3490 ductos,
1645 3414 1705 3472 id
1733 3413 1892 3490 quod
1923 3414 2329 3474 demonstrare
2360 3415 2562 3474 studet
2594 3415 2723 3475 loco
2747 3435 2817 3474 ex

480 3497 786 3558 Plutarchi
813 3498 1031 3558 Cleom.
1052 3518 1102 3558 c.
1121 3501 1219 3573 28,
1247 3500 1350 3558 ubi
1373 3518 1565 3558 sermo
1590 3502 1683 3558 est
1711 3499 1784 3557 de
1798 3498 2112 3559 Cleomene
2138 3500 2420 3559 adversus
2443 3500 2816 3576 Antigonum

388 3592 448 3640 17
491 3583 870 3642 Macedonem
917 3584 1209 3643 bellante:
1281 3583 1402 3642 Τοῦ
1445 3575 1556 3661 γὰρ
1596 3576 1942 3661 Ἀντιγόνου
1986 3572 2123 3654 τούς
2159 3576 2479 3660 Ἰλλυριοῦς
2524 3581 2624 3642 καὶ
2677 3580 2816 3655 τούς

477 3658 843 3744 Ἀκαρνᾶνας
889 3663 1293 3744 ἐκπεριελθεῖν
1325 3661 1529 3744 κρύφα
1558 3659 1940 3738 κελεύσαντος
1971 3665 2071 3726 καὶ
2100 3665 2524 3727 κυκλώσασθαι
2552 3666 2813 3747 θάτερον

483 3747 696 3827 κέρας,
742 3747 844 3826 ἐφ’
894 3743 972 3810 ού
1016 3748 1360 3829 τεταγμένος
1403 3743 1483 3829 ἦν
1534 3747 1858 3822 Εὐκλείδας
1899 3747 1931 3811 ὁ
1978 3752 2085 3812 τοῦ
2131 3749 2500 3828 Κλεομένους
2539 3749 2813 3829 ἀδελφός,

483 3829 607 3896 εἶτα
652 3825 761 3912 τὴν
803 3828 989 3913 ἄλλην
1032 3832 1129 3895 ἐπὶ
1169 3834 1331 3916 μάχῃ
1377 3831 1639 3914 δύναμιν
1682 3832 2087 3913 ἐκτάττοντος,
2132 3825 2255 3896 ἀπὸ
2292 3845 2518 3914 σκοπῆς
2562 3839 2815 3910 θεωρῶν

481 3917 512 3979 ὁ
564 3916 933 3997 Κλεομένης,
979 3916 1061 3992 ὥς
1107 3916 1372 3999 οὐδαμοῦ
1402 3919 1472 3980 τὰ
1499 3917 1651 3981 ὅπλα
1678 3929 1801 3981 τῶν
1825 3917 2131 3999 Ἰλλυριῶν
2159 3920 2259 3981 καὶ
2289 3921 2408 3981 τῶν
2433 3916 2816 4000 Ἀκαρνάνων

483 4005 787 4081 κατεῖδεν,
837 4002 1148 4082 ἐφοβήθη,
1188 4005 1268 4084 μὴ
1300 3999 1447 4084 πρός
1476 4029 1530 4065 τι
1563 4016 1832 4067 τοιοῦτον
1860 4002 2064 4078 αὐτοῖς
2093 4001 2125 4066 ὁ
2153 4002 2485 4084 Ἀντίγονος
2517 4004 2812 4085 κέχρηται.

488 4087 752 4161 Καλέσας
800 4087 862 4149 δὲ
922 4087 1306 4168 Δαμοτέλη
1363 4082 1486 4151 τὸν
1541 4089 1658 4151 ε’πὶ
1718 4099 1840 4170 τῆς
1884 4091 2285 4170 κρυπτείας
2344 4089 2812 4170 τεταγμένον,

484 4170 637 4251 ὁρᾶν
683 4172 913 4236 ἐκέλευε
962 4172 1062 4234 καὶ
1109 4177 1334 4255 ζητεῖν,
1390 4173 1551 4249 ὅπως
1608 4174 1724 4254 ἔχει
1771 4172 1841 4235 τὰ
1885 4173 2035 4237 κατὰ
2080 4175 2275 4237 νώτου
2324 4176 2422 4237 καὶ
2465 4174 2667 4259 κύκλῳ
2712 4180 2814 4255 τῆς

484 4258 882 4338 παρατάξεως.
961 4263 1302 4322 Sermonem
1332 4264 1429 4322 hic
1459 4281 1587 4324 esse
1632 4263 1703 4323 de
1747 4264 1945 4339 aliquo
1990 4267 2375 4340 magistratu,
2424 4265 2526 4339 qui
2570 4265 2814 4323 iuvenes

485 4344 808 4421 Spartanos
855 4348 927 4405 ad
975 4348 1264 4424 cryptiam
1309 4349 1681 4426 egredientes
1726 4350 1806 4408 sit
1849 4351 2191 4422 comitatus,
2247 4349 2413 4408 nullo
2461 4349 2634 4408 modo
2679 4349 2815 4407 inde

485 4433 671 4506 patet.
761 4431 970 4491 Potuit
1013 4433 1099 4490 ita
1144 4433 1257 4493 dici
1303 4436 1382 4506 is,
1440 4436 1542 4510 qui
1602 4452 1702 4492 eos
1745 4434 2077 4492 emittebat.
2171 4434 2283 4491 Sed
2341 4453 2474 4492 cum
2521 4434 2592 4491 de
2637 4433 2813 4506 bello,
