3132 5129
363 2841 421 2887 16

1393 387 1855 450 —132—

453 563 575 604 non
620 544 814 603 solum
861 543 1117 603 secando
1163 546 1225 603 et
1267 543 1631 605 detrahendo
1677 543 1780 603 sed
1825 543 2005 603 etiam
2034 544 2260 604 suendo
2289 546 2352 602 et
2380 542 2798 619 coniungendo

455 630 706 689 salutem
762 627 990 687 afferre.
1082 627 1390 688 Pertinere
1435 648 1577 688 vero
1632 628 1782 686 illud
1837 627 1955 686 iam
2002 626 2139 687 CVI
2192 629 2460 688 versibus
2516 631 2795 688 constans

454 716 855 791 fragmentum
887 714 960 772 ad
992 732 1255 789 carmen,
1303 715 1398 773 cui
1435 712 1647 770 ΔΙΟΣ
1670 713 1978 770 ΑΠΑΤΗ
2018 732 2235 773 nomen
2279 717 2401 788 est,
2450 731 2582 772 cum
2615 732 2799 789 supra

456 801 571 858 iam
627 801 668 857 1.
718 817 766 857 c.
823 798 1215 873 prodiderim,
1275 799 1370 858 hic
1427 800 1631 859 statim
1688 797 1952 858 breviter
2008 799 2225 858 addere
2281 797 2476 873 placet
2529 798 2795 857 eiusdem

457 885 618 943 illius
665 883 941 943 carminis
985 883 1292 941 initium
1343 882 1396 940 Θ
1432 885 1655 959 1-27,
1703 884 1954 942 41-—52
1988 884 2298 944 contineri.
2374 882 2618 942 Partem
2660 883 2791 957 qui-

456 971 587 1027 dem
634 970 758 1028 veri
816 969 931 1026 iam
988 968 1210 1027 Herm
1228 987 1461 1029 annus
1516 973 1722 1029 noster
1779 970 2080 1030 divinatus
2125 972 2252 1027 erat
2306 968 2369 1026 in
2426 967 2664 1026 dissert.
2711 966 2799 1025 de

455 1053 1203 1129 interpolationibus
1264 1053 1562 1113 Homeri
1618 1075 1675 1130 p.
1730 1057 1803 1113 12
1850 1075 1938 1130 sq.
1996 1054 2106 1125 (1²=
2162 1051 2413 1128 Opuscc.
2461 1051 2516 1107 V
2562 1071 2622 1127 p.
2670 1053 2798 1127 63),

456 1140 559 1196 ubi
607 1138 969 1214 „coniungat
1013 1138 1287 1213 aliquis“,
1334 1138 1546 1214 inquit,
1596 1139 1807 1214 „VHL
1860 1140 2084 1198 1—51.
2131 1157 2264 1198 cum
2309 1136 2475 1196 XIII.
2523 1140 2581 1194 4.
2629 1155 2796 1212 seqq.

459 1224 812 1300 Emergere‚
860 1223 1099 1298 opinor,
1149 1223 1477 1282 Homerum
1524 1244 1593 1282 ex
1638 1225 1898 1283 Homero
1942 1224 2190 1296 sentiet,
2250 1239 2520 1298 quaeque
2566 1221 2803 1281 divulsa

459 1309 827 1384 ineptissima
870 1311 1058 1382 erant,
1106 1309 1424 1367 coniuncta
1468 1308 1596 1368 fieri
1642 1309 2015 1385 aptissima.“
2081 1307 2206 1367 Nec
2238 1307 2466 1380 dubito,
2511 1307 2658 1382 quin
2697 1306 2800 1364 ille

457 1413 721 1452 summus
766 1393 1032 1468 criticus,
1080 1393 1246 1452 cuius

767 1516 1059 1587 „postque
1104 1512 1413 1588 magisque
1459 1512 1574 1571 viri
1620 1533 1777 1573 nunc
1819 1513 2012 1589 gloria
2055 1510 2299 1586 claret,“

455 1648 744 1725 quidquid
775 1648 1034 1706 clamant
1063 1650 1266 1707 nostra
1297 1651 1492 1707 aetate
1540 1649 1905 1724 „deficientis
1948 1646 2215 1724 ingenii“
2261 1647 2526 1705 nasutuli
2555 1645 2798 1721 quidam

456 1733 817 1806 homunculi,
867 1734 1028 1807 olim,
1076 1733 1217 1789 dum
1265 1733 1532 1809 vivebat,
1582 1735 1891 1794 fortissimi
1938 1732 2155 1808 equitis
2200 1731 2414 1790 abiecti
2457 1731 2801 1790 adulatores

457 1852 537 1861 --
584 1813 793 1894 σύνες,
850 1814 884 1875 ὅ
902 1837 935 1872 ν
995 1837 1080 1874 τοι
1133 1813 1306 1893 λέγως
1366 1851 1478 1893 -,
1534 1820 1679 1894 quin
1726 1819 1862 1893 ille,
1919 1820 2190 1892 inquam,
2250 1820 2440 1875 totam
2496 1834 2623 1875 rem
2667 1835 2800 1891 per-

457 1905 777 1980 spexisset,
856 1904 907 1962 si
973 1906 1112 1978 post
1178 1903 1655 1963 dissertationem
1721 1904 1883 1962 illam
1952 1904 2069 1961 iam
2137 1904 2274 1960 ante
2342 1900 2802 1960 Lachmanni

456 1989 1122 2048 considerationes
1168 1989 1385 2047 summi
1432 2008 1467 2046 a
1511 2008 1573 2048 se
1618 1990 1962 2048 aestimatas
2007 1987 2287 2062 scriptam
2332 1988 2462 2045 toto
2492 1986 2690 2045 animo
2724 1985 2802 2043 ad

456 2074 597 2133 haec
642 2073 883 2132 Homeri
930 2073 1129 2132 studia
1172 2091 1449 2132 reversus
1491 2077 1668 2132 esset.
1744 2073 2031 2146 Vidisset,
2080 2072 2312 2146 opinor,
2359 2071 2486 2130 Iovi
2532 2071 2594 2129 in
2639 2071 2805 2145 prin·

458 2159 609 2234 cipio
666 2158 803 2217 libri
858 2157 1060 2231 XIII.,
1120 2160 1188 2215 ut
1244 2159 1482 2232 „neutri
1543 2159 1829 2217 exercitui
1886 2158 2078 2217 ullum
2135 2157 2309 2215 deum
2364 2155 2800 2230 opitulaturum

457 2248 699 2320 putaret
760 2242 1000 2302 Graecis
1056 2244 1120 2301 in
1176 2260 1468 2301 summum
1526 2243 1842 2302 discrimen
1906 2241 2249 2315 coniectis“‚
2318 2258 2554 2299 causam
2617 2240 2803 2299 fuisse

458 2330 872 2406 gravissimam
918 2347 1038 2386 non
1084 2327 1292 2402 solum,
1338 2328 1498 2402 quod
1546 2328 2006 2402 „absterruisset
2053 2327 2129 2384 ab
2170 2327 2286 2385 isto
2331 2324 2575 2384 consilio
2618 2324 2803 2384 deos“

459 2415 784 2488 universos,
832 2412 934 2471 sed
983 2413 1180 2485 etiam,
1227 2412 1387 2487 quod
1433 2416 1491 2470 et
1534 2430 1779 2470 uxorem
1824 2429 2059 2486 semper
2086 2410 2492 2469 refractariam
2522 2412 2585 2468 et
2614 2408 2802 2467 filiam

457 2497 802 2574 ceteroquin
846 2496 1268 2556 amatissimam
1316 2496 1520 2554 eodem
1553 2497 2108 2556 vehementissimae
2154 2495 2498 2554 minationis
2527 2495 2802 2553 convicio

458 2585 531 2642 ab
577 2586 706 2660 ipso
754 2586 968 2642 conatu
1014 2583 1412 2658 repressisset.

628 2668 773 2742 Sed,
834 2667 1360 2742 quomodocunque
1418 2667 1490 2725 de
1544 2667 1638 2726 his
1668 2667 2011 2741 statuitur,
2066 2665 2138 2724 de
2194 2665 2474 2725 tollendis
2527 2664 2803 2723 versibus

461 2753 740 2825 28—40,
804 2770 950 2826 quos
1007 2750 1314 2809 Bekkerus
1375 2751 1912 2810 Alexandrinorum
1973 2750 2259 2809 iudicium
2315 2753 2552 2808 secutus
2605 2766 2806 2825 nuper

460 2839 611 2895 imae
640 2836 892 2911 paginae
922 2835 1255 2911 adscripsit,
1303 2836 1599 2895 neminem
1647 2837 1761 2894 iam
1793 2836 2048 2911 amplius
2079 2833 2493 2892 dubitaturum
2524 2833 2802 2892 arbitror.

458 2921 757 2979 Habemus
813 2921 1081 2995 profecto
1138 2920 1324 2978 nobili
1384 2922 1662 2996 antiquae
1716 2921 2026 2980 columnae
2083 2920 2420 2994 fragmento
2465 2918 2800 2977 interlitam

456 3006 809 3065 vilissimam
866 3005 1105 3064 calcem.
1199 3004 1290 3062 'ru
1350 3005 1489 3063 audi
1543 3006 1722 3065 modo
1767 3005 2173 3063 Aristonicum
2217 3003 2291 3061 ad
2339 3004 2452 3062 28:
2508 2999 2803 3061 ἐντεῦθεν

458 3085 567 3159 ἕως
613 3096 719 3147 τοῦ
759 3086 1132 3166 πρόφρονι
1174 3085 1549 3165 μυθέομαι
1592 3083 1955 3148 ἆθετοῦνται
1999 3087 2186 3163 στίχοι
2230 3084 2328 3163 ιγ’,
2373 3083 2465 3145 ὅτι
2506 3083 2567 3159 ἐξ
2605 3078 2804 3144 ἄλλων

458 3166 674 3237 τόπων.
698 3170 1088 3248 μετάκεινται.
1179 3170 1279 3231 καὶ
1324 3170 1389 3231 ἐν
1433 3177 1553 3243 τοῖς
1611 3163 1758 3231 κατὰ
1810 3168 1983 3251 μέρος
2040 3170 2374 3246 διαπίπτει,
2428 3166 2541 3230 οὐκ
2596 3164 2800 3249 ὀρθῶς

458 3250 751 3334 χρώμενος
809 3262 938 3327 ταῖς
996 3254 1222 3329 λέξεσιν
1265 3251 1817 3332 ὀδυσσαμένοιο
1862 3261 2083 3316 τεοῖο.
2136 3262 2308 3314 τοῦτο
2350 3253 2464 3334 γάρ
2507 3252 2631 3314 ἐστι
2672 3262 2801 3313 τοῦ

459 3350 623 3411 σοῦ,
677 3337 839 3400 θέλει
885 3337 951 3399 δὲ
997 3334 1030 3399 ὁ
1071 3340 1243 3420 λόγος
1288 3336 1672 3418 ὀργισθέντος
1719 3349 1861 3417 σοῦ,
1917 3336 2338 3419 ἆσυνάρθρως.
2429 3339 2601 3410 Quod
2647 3340 2796 3398 iudi·

461 3430 618 3487 cium
665 3429 1053 3486 rectissimum
1102 3445 1226 3486 esse
1269 3428 1603 3487 accuratior
1644 3427 1855 3486 horum
1888 3446 2165 3486 versuum
2205 3426 2593 3501 perlustratio
2624 3425 2802 3484 facile

458 3513 721 3572 docebit:

629 3598 881 3656 28—30
924 3623 1005 3644 =
1056 3596 1093 3651 I
1134 3596 1467 3656 430-432
1515 3595 1620 3671 (cf.
1670 3596 1812 3654 ibid.
1862 3593 2248 3673 693—696).

628 3684 704 3740 31
754 3708 836 3730 ==
879 3702 918 3737 ιι
963 3682 1080 3755 45,
1129 3681 1282 3738 unde
1330 3681 1509 3739 etiam
1555 3682 1910 3739 recentiores
1955 3681 2289 3741 imitatores
2335 3681 2802 3755 desumpserunt

456 3788 495 3824 α
539 3770 643 3826 81.
692 3787 739 3823 ω
784 3768 927 3825 472.

628 3852 707 3910 32
755 3876 835 3898 =
882 3852 942 3905 Σ
985 3851 1101 3909 197
1150 3847 1227 3923 -ι-
1277 3849 1333 3904 Ε
1378 3850 1521 3908 892.
1610 3849 1736 3909 Neo
1781 3849 2002 3909 similia
2046 3850 2290 3925 desunt,
2338 3852 2408 3909 ut
2454 3852 2503 3907 Β
2551 3850 2668 3908 301
2720 3833 2800 3907 εὖ

457 3931 570 4013 γὰρ
614 3931 690 4011 δὴ
737 3931 868 3992 τόδε
915 3931 1132 4009 ἴδμεν
1176 3937 1238 3991 et
1284 3953 1314 3989 τ
1358 3934 1509 4009 493,
1564 3934 1667 3993 ubi
1713 3934 2009 4010 Euryclea
2049 3933 2289 3993 firmum
2336 3935 2577 3993 domino
2621 3933 2800 3993 silen-

458 4020 608 4077 tium
655 4020 956 4094 promittit
998 4019 1125 4078 his:

765 4128 946 4193 οἶσθα
991 4132 1133 4212 μέν,
1167 4127 1311 4193 ὀἷον
1354 4131 1498 4213 ἐμὸν
1537 4134 1712 4213 μένος
1758 4133 2013 4213 ἔμπεδον
2054 4130 2190 4194 οὐδ’
2240 4131 2551 4196 ἐπιεικτόν.

626 4272 707 4329 Et
749 4272 824 4329 cf.
872 4273 1030 4331 infra
1072 4273 1146 4331 ad
1189 4274 1332 4332 463.

631 4356 731 4414 33.
820 4356 1004 4415 Initio
1050 4359 1285 4433 saepius
1340 4358 1460 4434 legi
1511 4349 1639 4414 ἀλλ’
1702 4351 1892 4432 ἔμπης
1951 4361 2156 4416 notum
2215 4361 2337 4418 est:
2398 4359 2667 4433 proxime
2723 4358 2799 4415 ad

456 4443 729 4499 nostrum
760 4439 974 4515 locum,
1022 4441 1252 4501 sibene
1284 4442 1544 4515 memini,
1594 4440 1820 4500 accedit
1849 4439 1885 4498 δ
1922 4445 2042 4501 100
2083 4435 2232 4500 ἀλλ’
2284 4437 2519 4520 ἔμπης
2563 4440 2797 4512 πάντας
