3132 5129
1377 396 1837 460 -222—

609 555 735 616 Neo
779 555 1005 614 minore
1049 573 1228 631 quam
1272 555 1478 631 hymni
1525 574 1665 614 cura
1709 556 1886 613 etiam
1930 552 2180 631 παίγνια
2225 554 2515 631 indigent.
2579 554 2780 614 Unum

441 640 680 718 insigne
726 640 1056 715 exemplum
1105 639 1384 698 sufficiat.
1462 638 1608 709 Quis
1651 657 1772 698 non
1817 639 1988 699 novit
2028 658 2265 698 versum
2311 641 2491 699 toties
2536 638 2781 714 editum,

443 744 562 801 quo
607 725 668 782 in
712 724 912 800 lepida
954 724 1061 783 ina
1103 724 1410 799 popularis
1466 724 1608 783 salis
1662 723 1866 782 fabula.
1908 723 2205 782 Homerus
2260 724 2582 799 piscatores
2625 723 2784 783 Ietas

445 810 726 869 incitasse
772 809 990 867 dicitur
1034 809 1107 867 ad
1152 809 1426 885 aenigma
1469 808 1882 884 pediculorum
1926 809 2379 884 proponendum
2425 808 2540 884 ipsi
2570 808 2781 866 fatale:

747 933 958 1021 ἇνδρες
1004 936 1114 1001 ἀπ’
1158 935 1473 1020 Ἀρκαδίης
1514 933 1847 1021 ἆλιήτορες,
1890 923 1930 1019 ἦ
1973 937 2032 1016 ῥ’
2083 938 2292 1020 ἔχομέν
2337 963 2420 1009 τις

443 1081 539 1139 Ita
560 1080 742 1157 vulgo
786 1080 1097 1153 scribitur,
1146 1099 1277 1138 cum
1323 1081 1385 1138 in
1417 1079 1655 1139 Proculi
1683 1080 1803 1138 vita
1836 1075 2138 1159 [Vissarum
2173 1079 2406 1157 scriptt.
2439 1077 2573 1137 Grr.
2598 1079 2785 1137 minu.

443 1165 538 1224 ed.
563 1164 884 1223 Westerm.
919 1184 982 1239 p.
1017 1160 1119 1243 25]
1154 1167 1215 1222 ct
1256 1166 1318 1223 in
1351 1183 1541 1241 agone
1587 1163 1627 1240 ἓ
1660 1166 1737 1223 19
1785 1159 1873 1243 [p.
1907 1165 2029 1223 326
2063 1162 2283 1223 Goettl.
2319 1164 2398 1222 23
2431 1158 2781 1242 Nietzsche.]

443 1245 773 1325 θηρήτορες
816 1268 923 1324 pro
968 1237 1270 1324 ἇλιήτορες
1315 1250 1572 1325 legatur.
1648 1246 1763 1318 Qui
1806 1266 1976 1323 vere,
2026 1266 2272 1324 quaem,
2320 1247 2580 1307 insulani
2625 1248 2784 1321 „Ar-

444 1334 613 1393 cadis.
658 1333 934 1393 oriundi“
995 1334 1111 1393 dici
1167 1332 1490 1408 poterant?
1578 1333 1912 1410 Legeratne
1968 1331 2267 1391 Homerus
2322 1333 2422 1391 ille
2468 1332 2783 1391 celeberri-

445 1438 606 1477 mum
655 1418 929 1477 Schilleri
975 1416 1254 1477 carmen?
1342 1417 1478 1476 Non
1533 1419 1711 1492 put0,
1773 1417 1875 1476 sed
1935 1417 2260 1493 appellaviss
2304 1435 2441 1476 suos
2484 1417 2785 1485 homines:

440 1500 655 1581 ἄνδρες
699 1492 931 1580 ἄγρης·
976 1496 1184 1578 ἆλίης
1228 1498 1665 1580 θηρήτορες.
1758 1501 1916 1577 „Sed
1961 1502 2164 1561 nullus
2220 1502 2516 1561 editorum
2559 1500 2788 1561 vidit!“
