3132 5129
1332 327 1754 390 ...23-

376 484 549 542 cessit
587 482 986 543 Eduardus
1032 479 1437 560 Cauerus¹)
1480 483 1639 542 haud
1683 485 1804 543 scio
1849 503 1926 542 an
1967 503 2092 544 rem
2133 485 2328 561 magis
2375 487 2556 545 etiam
2599 487 2707 546 im-

372 569 701 644 plicaverit.
792 568 913 628 Sed
958 569 1028 628 de
1072 569 1163 627 his
1206 567 1449 643 quidem
1492 568 1636 626 alibi
1679 569 1916 627 dicendi
1959 569 2124 628 locus
2169 571 2302 642 erit,
2351 571 2452 630 ubi
2498 591 2706 630 verna-

372 653 501 711 culo
544 671 822 712 sermone
870 654 960 712 uti
1000 655 1139 712 licet
1184 653 1409 728 optimo
1454 672 1740 712 venerum
1783 654 2151 728 poeticarum
2196 656 2554 731 interprete3
2611 657 2706 716 hic

372 757 509 796 vero
554 737 766 797 Iliadis
812 743 1041 814 partem
1085 741 1342 797 tractare
1385 739 1586 814 placet
1630 739 1794 813 poesi
1842 738 1964 796 fere
2009 758 2258 798 vacuam
2303 740 2402 800 scd
2453 741 2524 800 ad
2575 761 2706 816 per·

368 822 739 896 spiciendum
787 823 1289 883 diasceuastarum
1335 823 1600 882 laborem
1645 823 2035 898 aptissimam,
2083 827 2145 883 et
2187 843 2396 900 quam,
2444 829 2513 883 ut
2557 826 2704 886 alios

366 909 592 966 taceam
653 925 893 980 omnes,
948 909 1045 966 vel
1099 908 1439 967 Nitzschius
1494 926 1688 982 nuper
1739 938 1817 949 -
1877 909 2384 984 Sagenpoesie
2441 931 2501 986 p.
2566 911 2702 969 127.

374 993 487 1050 131
536 1025 619 1034 —
666 992 1191 1068 interpolationem
1238 1011 1365 1052 esse
1408 993 1840 1068 pronuntiavit,
1887 993 2304 1070 catalogum
2351 994 2480 1054 dico
2527 994 2704 1054 Grae-

368 1095 569 1136 carum
612 1080 678 1135 et
720 1077 1115 1136 Troianamm
1160 1079 1493 1152 copiarum:
1542 1077 1594 1134 B
1639 1079 1995 1136 484—779.
2041 1079 2397 1138 816-877.

536 1160 621 1221 Ut
663 1181 699 1220 a
742 1163 1041 1222 navium
1086 1163 1438 1239 catalogo
1483 1161 1768 1221 faciamus
1813 1163 2069 1234 initium,
2117 1163 2276 1238 quod
2323 1164 2440 1222 iam
2485 1183 2703 1224 nomen

366 1248 493 1304 eius
550 1248 871 1322 antiquum
931 1244 1250 1305 Βοιωτία
1304 1247 1565 1306 indicare
1623 1247 1886 1318 videtur,
1949 1247 2106 1323 quod
2165 1251 2294 1305 tum
2341 1248 2700 1323 Lauerus,

364 1331 479 1390 nisi
547 1331 761 1403 fallor,
832 1331 1057 1407 primus
1120 1333 1389 1407 repperit
1453 1350 1610 1390 eum
1655 1351 1690 1390 a
1731 1337 1951 1407 poeta
2017 1331 2334 1391 Boeotio
2402 1335 2704 1392 scholae

366 1415 793 1474 Hesiodeae
838 1418 1333 1492 compositum
1388 1435 1515 1476 esse
1577 1412 1866 1495 [Quaestt.
1913 1416 2186 1478 Homerr.
2235 1416 2460 1496 (Berol.
2515 1419 2702 1491 1843)

362 1519 424 1575 p.
470 1497 623 1578 84],
682 1501 743 1560 id
798 1520 989 1577 nuper
1044 1502 1435 1578 Augustus
1492 1501 2052 1572 Mommsenius,
2111 1501 2370 1577 collegae
2427 1503 2701 1562 coniunc-

360 1585 585 1644 tissimi
646 1586 866 1657 frater,
928 1587 991 1644 in
1036 1585 1605 1645 Schneidewini
1647 1586 2056 1662 philologo
2101 1585 2158 1642 V
2204 1582 2427 1664 (1850)
2472 1607 2530 1662 p.
2579 1589 2701 1644 522

360 1671 571 1727 —527
622 1671 1055 1730 demonstravit
1096 1671 1201 1744 ita,
1248 1675 1315 1730 ut
1358 1671 1515 1746 apud
1561 1689 1696 1744 eos,
1742 1671 1958 1746 quibus
2003 1673 2066 1730 in
2109 1672 2200 1730 his
2247 1672 2698 1746 quaestionibus

356 1753 587 1830 aliquid
636 1758 731 1814 est
774 1756 1000 1826 iudicii,
1046 1776 1171 1815 rem
1216 1755 1551 1815 confectam
1598 1773 1724 1815 esse
1755 1755 2030 1815 arbitrer.
2105 1756 2316 1831 Itaque
2348 1761 2703 1832 argumenta

356 1841 497 1898 nolo
542 1843 816 1914 repetere
860 1840 935 1898 ab
979 1841 1087 1899 illo
1131 1841 1329 1910 allata,
1376 1840 1480 1900 sed
1525 1840 1739 1898 addam
1784 1842 1983 1915 potius
2030 1841 2190 1916 quod
2237 1841 2512 1900 consulto
2547 1842 2700 1900 idem

354 1924 487 1983 aliis
534 1925 817 2000 reliquit,
875 1930 942 1983 ut
998 1945 1147 2000 quae
1193 1926 1456 2002 genuina
1498 1925 1681 1983 fuerit
1723 1926 1886 1985 illius
1933 1926 2185 2001 catalogi
2231 1927 2420 1984 forma
2463 1927 2702 1985 demon-

354 2012 560 2067 strem.
662 2009 1087 2069 Mommsenius
1133 2009 1369 2085 quidem
1418 2029 1476 2084 p.
1510 2012 1653 2083 5⁶26,
1700 2013 2013 2085 postquam
2057 2011 2530 2069 observationem
2575 2012 2703 2069 uni-

354 2095 651 2152 versalem
718 2091 1123 2169 praemisit²)‚
1196 2115 1249 2152 v.
1312 2097 1434 2152 5⁶25
1478 2114 1566 2170 sq.
1626 2095 1769 2153 535.
1829 2096 1971 2154 558.
2021 2097 2385 2166 577-580,
2450 2095 2703 2156 sortasse

354 2179 533 2237 etiam
580 2197 643 2236 v.
690 2179 1045 2241 610—614.
1095 2180 1427 2238 686—694
1472 2179 1884 2238 additamenta
1943 2199 2072 2239 esse
2114 2180 2364 2255 putavit.
2449 2179 2522 2236 In
2566 2182 2702 2254 qui·-

356 2264 467 2322 bus
512 2263 677 2322 falsa
703 2265 861 2323 veris
892 2265 1083 2322 mixta
1126 2283 1253 2322 esse
1297 2283 1416 2322 non
1462 2263 1714 2336 mireriS,
1761 2283 1892 2322 cum
1941 2266 2036 2323 vir
2077 2264 2356 2340 egregius
2403 2265 2702 2323 constanti

354 2351 773 2423 perpetuaque
832 2367 1015 2424 opera
1069 2349 1130 2408 in
1188 2349 1455 2424 singulas
1514 2348 1770 2424 catalogi
1827 2354 2024 2424 partes
2070 2349 2373 2424 inquirere
2416 2349 2698 2408 noluerit.

528 2431 603 2490 Id
662 2433 777 2491 iam
838 2434 951 2508 ipsi
1010 2434 1226 2493 facturi
1280 2433 1354 2492 ab
1408 2453 1479 2492 ea
1534 2433 1968 2507 proficiscimur
2023 2432 2466 2504 observatione,
2525 2451 2698 2508 quam

352 2517 586 2593 primus
637 2516 777 2577 fecit
824 2513 1292 2596 Gruppius³)‚
1338 2518 1652 2595 evulgavit
1697 2511 2270 2597 Soetbeerius³)‚
2319 2536 2425 2577 suo
2456 2537 2700 2579 assensu

350 2602 781 2678 comprobavit
822 2598 1390 2683 Hermannus⁴)‚
1454 2604 1525 2663 de
1573 2604 1818 2663 Hesiodi
1861 2604 2206 2679 Theogonia
2249 2604 2526 2678 primitus
2571 2606 2698 2679 qui-

348 2706 565 2747 norum
622 2706 899 2747 versuum
958 2688 1220 2763 strophis
1264 2690 1627 2764 composita,
1683 2707 1858 2763 quam
1904 2689 2156 2747 formam
2205 2691 2266 2746 et
2305 2692 2509 2747 notam
2554 2689 2698 2747 olim

349 2773 535 2831 fuisse
586 2778 655 2831 et
699 2792 809 2847 pro
853 2773 985 2849 lege
1040 2774 1237 2848 poesis
1282 2774 1700 2850 genealogicae
1745 2774 2008 2832 habitam
2053 2776 2212 2832 recte
2258 2774 2511 2833 coniecit
2551 2773 2698 2832 Her-

346 2876 633 2917 mannus.
726 2856 805 2915 Et
849 2858 1107 2917 valuisse
1161 2877 1285 2917 eam
1345 2858 1537 2934 legem
1584 2859 1648 2916 in
1695 2857 2043 2934 Theogonia
2085 2857 2229 2915 mihi
2276 2858 2517 2933 quidem
2560 2860 2700 2934 post

348 2944 547 3001 varios
600 2942 823 3002 diversi
869 2943 1157 3018 temporis
1202 2946 1469 3014 conatuS,
1519 2942 1735 3019 quibus
1782 2943 1857 3000 ad
1888 2944 2206 3019 genuinam
2237 2942 2400 3001 illius
2446 2943 2696 3001 formam

348 3026 505 3085 haud
554 3028 787 3087 frustra
832 3029 1064 3087 enisum
1108 3046 1201 3085 me
1246 3045 1373 3087 esse
1416 3031 1585 3103 puto,
1631 3028 1746 3085 iam
1792 3027 1892 3085 diu
1939 3030 2028 3087 est
2072 3047 2140 3086 ex
2181 3045 2310 3101 quo.
2332 3028 2492 3085 omni
2524 3028 2694 3085 dubi-

346 3113 579 3171 tatione
628 3132 834 3171 carere
879 3112 1143 3184 videtur,
1191 3130 1579 3188 quamquam,
1629 3117 1698 3170 ut
1741 3132 1949 3171 verum
1995 3112 2206 3183 fatear,
2251 3130 2325 3170 ne
2370 3130 2502 3170 curn
2549 3112 2693 3171 Her·
2725 3122 2758 3170 6

350 3215 569 3255 manno
619 3196 863 3273 quidem
910 3197 1141 3255 felicius
1186 3197 1393 3272 utique
1438 3197 1584 3272 ipsis
1629 3197 2042 3257 inventoribus
2089 3216 2219 3255 eam
2261 3197 2452 3271 legem
2499 3197 2694 3272 appli-

346 3285 519 3341 cante
567 3300 825 3357 prorsus
871 3282 1202 3340 consentire
1248 3300 1511 3357 possum.
1587 3282 1825 3341 Etenim
1873 3282 2190 3356 primarius
2235 3281 2361 3339 eius
2406 3300 2570 3340 error
2600 3283 2694 3341 hic

347 3366 493 3437 fuit,
566 3367 736 3443 qnod
794 3366 991 3443 legem
1046 3366 1211 3425 illam
1266 3384 1388 3424 non
1443 3370 1681 3425 tantum
1739 3367 1800 3425 in
1859 3372 2056 3441 partes
2108 3365 2486 3442 Theogoniae
2554 3386 2692 3425 vere

342 3451 791 3527 genealogicae,
836 3470 991 3527 quae
1036 3450 1193 3510 solae
1237 3456 1378 3510 sunt
1420 3451 1866 3526 antiquissimae
1911 3454 1974 3510 et
2016 3452 2328 3527 genuinae,
2373 3451 2474 3510 sed
2517 3452 2692 3510 ctiam

346 3538 405 3595 in
464 3536 847 3597 vastissimas
904 3536 1053 3595 varii
1120 3537 1354 3612 generis
1410 3536 1939 3610 interpolationes,
1999 3555 2150 3611 quae
2207 3555 2274 3594 ex
2333 3536 2498 3610 poesi
2559 3556 2692 3594 vere

447 3656 598 3663 ..-.-..—-
621 3653 763 3661 -—

484 3722 533 3780 1)
572 3716 773 3772 Ueber
810 3714 901 3769 die
937 3714 1159 3769 Urform
1198 3714 1311 3769 eini
1353 3730 1413 3769 er
1450 3716 1812 3785 Rhapaodien
1851 3716 1950 3770 der
1987 3715 2132 3771 Ilias.
2207 3715 2396 3769 Berlin
2439 3720 2588 3769 1850.

474 3788 531 3851 2)
572 3782 863 3839 >Kritiach
914 3786 1173 3837 antaeten
1220 3782 1321 3837 dar
1388 3800 1520 3836 man
1564 3802 1698 3851 nur,
1743 3802 1859 3838 was
1904 3784 2034 3837 dem
2081 3814 2145 3823 —
2191 3782 2578 3837 hesiodischen
2629 3813 2692 3821 —

338 3850 815 3923 gedankenbilde
852 3850 1167 3920 entspricht
1188 3850 1427 3905 welches
1460 3852 1578 3905 sich
1617 3852 1840 3922 ergiebt
1865 3869 1967 3905 aua
1993 3852 2093 3906 der
2117 3852 2387 3905 meistens
2413 3850 2688 3903 beobach-

338 3924 493 3975 laten
550 3918 919 3991 gleichmasa'
964 3918 1085 3972 keit
1128 3918 1244 3971 und
1290 3920 1680 3989 formatrenge.
1753 3920 1850 3973 Ich
1897 3920 2102 3988 glaube
2149 3936 2208 3973 ea
2245 3934 2361 3971 war
2397 3918 2488 3971 die
2526 3920 2690 3973 weise

338 3988 437 4043 dea
470 3986 751 4055 katalogo
788 3935 1028 4040 mit¹5er
1061 3986 1185 4040 zahl
1222 4004 1287 4039 zu
1324 3985 1626 4064 schlieesen
1663 4002 1779 4045 —.«
2642 4053 2653 4064 ·

444 4060 529 4177 113)
570 4054 924 4175 Soetbeeg
974 4052 1243 4177 llzeralugcshl,
1297 4054 1387 4108 die
1436 4054 1658 4109 Urform
1720 4054 1821 4109 der
1873 4054 2310 4109 Hesiodeisehen
2365 4053 2690 4124 'l'heogome

620 4138 677 4175 ei
748 4139 801 4179 n.
922 4138 983 4175 er
1003 4138 1059 4174 in
1232 4162 1245 4175 .
2379 4139 2386 4146 ·

336 4142 441 4178 mc
474 4142 621 4247 ἇῖῗι
682 4138 775 4257 sse
814 4188 1001 4243 Ueber
1035 4188 1125 4243 die
1142 4188 1465 4261 Theogonie
1504 4191 1604 4247 des
1627 4191 1855 4257 Hesiod,
1893 4191 2013 4244 ihre
2033 4188 2404 4244 Verderbniae
2430 4191 2545 4243 und
2568 4191 2688 4244 ihre

338 4264 581 4329 ursprfin
656 4256 785 4311 iche
820 4256 1059 4334 §estalt
1128 4257 1317 4311 Berlin
1362 4264 1505 4318 1841,

472 4330 531 4391 4)
570 4276 663 4379 fle
692 4323 937 4379 Hesiodi
960 4323 1317 4395 'theogoniae
1342 4328 1525 4381 l'orma
1548 4327 1952 4397 antiquissima.
1991 4325 2142 4395 Lipa.
2173 4332 2302 4381 1844
2343 4328 2430 4395 [-—-
2451 4326 2686 4397 Opuscc.

340 4393 469 4449 vm
508 4413 565 4465 p.
608 4392 873 4461 ‹fl-6⁶11.
