3132 5129
1253 388 1709 451 -217-

313 567 457 607 vosa
501 547 794 605 montium
840 546 1146 605 cacumina
1196 565 1420 622 perque
1478 546 1666 605 saltus
1713 545 1862 605 feras
1906 547 2174 622 agitante
2220 547 2277 604 id
2324 547 2650 605 notandum

311 636 469 706 erat,
517 631 677 707 quod
722 631 1114 691 animadverti
1158 635 1423 707 poterat:
1480 630 1625 690 haec
1670 650 1785 689 vox
1830 635 1922 689 est
1966 631 2071 689 illa
2114 631 2404 690 terribilis
2448 631 2652 690 Panici

315 717 563 777 terroris
608 736 782 776 causa
827 716 1251 775 efficacissima.
1338 715 1658 775 Oculorum
1702 715 1858 774 acies
1904 735 2264 792 quamquam
2311 716 2372 773 in
2416 717 2653 774 mortali

311 809 592 861 venatore
638 802 891 861 maxime
934 801 1266 860 necessaria
1307 801 1402 860 hic
1446 801 1684 876 quidem
1729 801 1878 859 nihil
1924 801 2179 860 adferret
2207 801 2280 859 ad
2312 800 2653 860 ferocientis

314 888 422 946 Dei
472 888 813 963 imaginem.
862 919 940 927 —
988 887 1180 961 Magis
1226 886 1406 944 etiam
1451 885 1766 961 sequentia
1807 885 2107 960 laborant,
2154 886 2216 944 in
2247 886 2465 960 quibus
2494 886 2653 961 quod

309 973 615 1048 plerisque
673 971 916 1030 Martini
971 971 1282 1029 inventum
1342 963 1468 1029 τότε
1511 970 1608 1029 vel
1664 965 1758 1029 ὅτε
1815 964 1875 1026 δ’
1925 965 1983 1040 ἐς
2029 966 2204 1041 σπέος
2261 966 2484 1046 ἤλασεν
2526 960 2655 1039 οἵας

311 1057 608 1133 placuerit
653 1057 780 1114 iure
825 1076 931 1115 suo
976 1056 1230 1114 miratur
1272 1056 1666 1115 HermannuS.
1741 1055 1867 1112 Nec
1912 1058 2109 1113 tamen
2154 1056 2346 1114 multo
2391 1058 2659 1130 praestat

312 1143 474 1218 quod
521 1142 648 1217 ipse
693 1142 893 1217 posuit
937 1136 1060 1198 τοτὲ
1106 1134 1166 1198 δ’
1217 1135 1462 1212 ἕσπερος
1509 1136 1754 1217 ἔκλαγεν
1795 1130 1939 1213 οἷος,
1984 1140 2143 1215 quod
2188 1142 2423 1199 retento
2455 1143 2656 1198 tamen

317 1222 445 1284 τότε
479 1227 793 1302 adoptavit
823 1225 1132 1301 Frankius,
1179 1225 1282 1284 ubi
1328 1244 1436 1284 nec
1480 1220 1608 1282 τοτὲ
1638 1226 1761 1284 sive
1793 1221 1918 1281 τότε
1947 1225 2120 1283 initio
2150 1226 2410 1301 positum
2442 1225 2655 1300 placet,

309 1331 420 1372 nec
473 1311 664 1369 multo
722 1311 918 1369 minus
974 1310 1151 1369 Panis
1208 1311 1447 1387 syringa
1503 1310 1770 1369 canentis
1814 1310 2243 1386 Nymphasque
2301 1309 2658 1369 oblectantis

311 1394 840 1455 solitudo‘ferri
886 1398 1104 1470 potest,
1149 1414 1302 1471 quae
1331 1396 1531 1536 {ptius
1565 1396 1836 1454 venantis
1866 1396 2109 1470 propria
2138 1394 2352 1453 fuerat.
2416 1394 2657 1453 Frankii

312 1483 749 1554 commentum,
799 1499 917 1556 quo
963 1480 1063 1539 ille
1110 1481 1270 1539 istud
1304 1500 1335 1537 ο
1397 1502 1426 1549 ς
1458 1480 1680 1554 duplici
1713 1479 1889 1538 modo
1923 1480 2099 1538 simul
2145 1479 2472 1555 intellegit,
2519 1480 2658 1538 nolo

312 1567 635 1641 exagitare.
701 1565 881 1624 Patet
921 1565 1017 1624 hic
1059 1584 1296 1640 quoque
1339 1566 1611 1624 lacunam
1657 1584 1813 1638 esse,
1861 1564 1933 1622 de
1978 1584 2094 1640 qua
2137 1567 2340 1623 tamen
2371 1563 2661 1640 explenda

314 1650 583 1710 dubitari
627 1651 872 1727 poterit.
940 1651 1067 1708 Aut
1097 1650 1400 1725 Hesperus
1445 1650 1571 1725 ipse
1615 1650 1999 1708 adventantis
2044 1652 2105 1708 et
2131 1650 2364 1725 vesperi
2396 1652 2458 1708 et
2485 1668 2657 1707 mane

311 1735 623 1795 sollemnis
680 1736 926 1794 nuntius
983 1768 1063 1776 —
1120 1735 1193 1794 cf.
1245 1735 1453 1794 X317
1481 1754 1570 1809 sq.
1617 1754 1656 1791 v
1686 1736 1787 1793 93.
1861 1733 2063 1809 Apoll.
2109 1734 2222 1791 Rh.
2269 1733 2359 1808 II,
2419 1735 2502 1793 40
2524 1753 2656 1809 sqq.

311 1820 540 1879 Catull.
591 1820 785 1894 LXII,
836 1823 864 1877 1
896 1839 981 1896 sq.
1030 1818 1204 1897 Verg.
1253 1820 1406 1879 Aen.
1451 1816 1632 1893 VIII,
1682 1819 1802 1878 589
1829 1838 1958 1895 sqq.
2024 1851 2096 1859 —-
2163 1822 2658 1878 commemoratus

311 1911 464 1980 erat,
528 1907 633 1963 aut
689 1904 1041 1981 simpliciter
1093 1905 1413 1964 secundum
1458 1924 1495 1958 α
1526 1905 1649 1961 422
1676 1923 1763 1979 sq.
1815 1899 1849 1958 δ
1881 1905 2021 1963 786.
2069 1918 2103 1958 σ
2136 1905 2258 1963 305
2285 1923 2373 1979 sq.
2421 1922 2657 1978 vesper-

311 1993 507 2050 tinum
566 1993 799 2065 tempus
854 1990 1333 2065 adpropinquare
1391 1988 1854 2065 significabatur.
1953 1988 2201 2047 Poterat
2244 1987 2315 2045 'id
2369 1989 2479 2046 hoc
2536 1988 2658 2047 fere

316 2076 498 2135 modo
545 2075 704 2133 fieri:

621 2202 687 2209 -—
756 2201 822 2209 —
891 2201 956 2209 —-
1028 2171 1142 2224 ὅτε
1179 2170 1240 2224 δ’
1274 2171 1566 2237 ἕεπεροε
1604 2172 1880 2224 εὔεκιοε
1916 2170 2083 2235 ἦλθε

622 2257 891 2310 δείελος
928 2257 1056 2323 ὀψὲ
1092 2256 1275 2309 δύων
1314 2286 1396 2308 —-.

314 2364 432 2424 Sed
475 2368 539 2423 et
583 2363 732 2423 illud
776 2363 1234 2438 praeferendum
1277 2365 1339 2421 et
1381 2364 1442 2421 in
1487 2362 1782 2420 librorum
1824 2352 1955 2419 οἷον
1996 2350 2184 2438 ἄκρης
2228 2361 2384 2419 haud
2442 2363 2658 2438 impro-

315 2450 599 2508 babiliter
658 2448 835 2509 simul
898 2445 1083 2522 Οἴτης
1133 2443 1322 2523 ἄκρης
1377 2448 1561 2505 latere
1620 2445 1966 2520 videbatur,
2024 2446 2097 2504 de
2149 2463 2265 2521 quo
2322 2449 2465 2505 nota
2520 2450 2663 2506 sunt

315 2536 542 2594 omnia:
588 2534 711 2598 vid.
757 2535 949 2610 intpp.
995 2532 1071 2591 ad
1117 2533 1334 2593 catull.
1378 2532 1571 2606 LXII,
1624 2534 1677 2593 1.
1728 2535 1783 2590 7.
1816 2528 2041 2607 Vergil.
2086 2530 2294 2606 Eclog.
2339 2529 2509 2608 VIII,
2557 2534 2659 2592 30.

316 2618 449 2679 cul.
497 2621 640 2678 201.
743 2620 1111 2694 Quamquam
1180 2619 1370 2677 fateor
1423 2618 1602 2676 etiam
1661 2617 1870 2675 multis
1928 2616 2060 2675 aliis
2117 2616 2307 2675 modis
2364 2616 2657 2675 defectum

315 2705 583 2781 suppleri
626 2723 820 2780 posse.

493 2791 591 2848 15.
638 2779 822 2866 ἄγρης
866 2788 1214 2863 Piersonus,
1259 2777 1446 2865 ἄκρης
1490 2787 1660 2863 libri,
1707 2805 1825 2862 quo
1871 2786 1947 2845 ad
1991 2786 2343 2862 explendam
2388 2786 2658 2846 lacunam
2699 2790 2731 2838 8

318 2895 462 2935 usus
509 2894 659 2933 sum.

500 2961 576 3017 17
598 2978 690 3034 sq.
736 2957 933 3035 Vulgo
978 2959 1107 3017 sine
1150 2957 1363 3015 lacuna
1407 2957 1491 3015 sic
1533 2957 1787 3032 legitur:

618 3064 820 3142 ὄρνις,
864 3062 906 3144 ἦ
951 3060 1010 3124 τ’
1058 3063 1230 3144 ἔαρος
1276 3063 1651 3136 πολυανθέος
1696 3063 1761 3125 έν
1804 3064 2108 3126 πετάλοισι

623 3156 864 3229 θρῆνον
907 3148 1338 3230 ἕπιπροχέουσα
1382 3148 1494 3229 χέει
1539 3150 1859 3229 μελίγηρυν
1903 3142 2139 3227 ἀοιδήν.

315 3274 519 3331 Primo
563 3291 741 3331 versu
797 3291 970 3331 nemo
1027 3271 1305 3347 offendit,
1363 3290 1728 3348 quamquam
1775 3272 1930 3331 veris
1983 3271 2180 3336 floridi
2236 3272 2298 3328 in
2358 3270 2515 3329 foliis
2560 3289 2657 3347 ge-

316 3378 482 3417 mens
543 3357 798 3416 luscinia
851 3376 969 3417 non
1028 3356 1226 3416 minus
1285 3356 1563 3431 displicet
1608 3377 1782 3433 quam
1843 3357 1945 3415 ille
1990 3357 2092 3430 qui
2146 3355 2301 3430 apud
2343 3354 2658 3412 Horatium

318 3443 515 3519 „veris
569 3442 861 3500 adventus
916 3441 1074 3500 foliis
1119 3441 1474 3516 inhorruit“,
1537 3461 1712 3517 quem
1766 3446 1906 3518 post
1949 3440 2287 3499 Bentleium
2331 3439 2660 3514 Hauptium

317 3528 684 3587 Meinekium
742 3528 944 3586 fovere
1003 3546 1125 3586 non
1171 3528 1409 3587 desistit
1452 3547 1622 3586 caeca
1665 3527 1935 3586 codicum
1983 3525 2349 3600 superstitiO.
2439 3524 2660 3582 Nostro

318 3614 450 3673 loco
481 3612 861 3673 scribendum
892 3612 1022 3687 quis
1052 3613 1355 3688 putaverit
1384 3608 1426 3689 ἥ
1455 3606 1524 3669 θ’
1559 3606 1807 3681 ἕλικος
1850 3603 2252 3678 πολυανθέος,
2300 3612 2368 3666 ut
2413 3609 2663 3667 luscinia

319 3698 716 3775 intellegatur
759 3692 860 3754 τὸν
904 3688 1121 3756 οίνῶπ’
1170 3691 1467 3773 ἀνέχουσα
1510 3694 1811 3770 κισσόν,
1858 3696 2024 3755 cujus

627 3803 867 3885 καθαρὰ
913 3810 1094 3883 χωρεῖ
1132 3803 1234 3865 διὰ
1282 3804 1667 3882 φυλλοκόμου

627 3892 983 3969 σμίλακος
1025 3885 1150 3968 ἠχώ
1193 3888 1339 3970 πρὸς
1387 3888 1533 3962 Διὸς
1578 3885 1776 3968 ἕδραν.

313 4006 432 4065 Sed
477 4003 602 4063 alio
629 4003 812 4076 ‘ducit
853 4002 1267 4062 celeberrimus
1311 4003 1477 4062 locus
1521 4022 1553 4059 τ
1584 4003 1707 4061 518
1733 4020 1893 4077 sqq.:

627 4104 707 4182 ὥς
750 4104 811 4170 δ’
860 4107 960 4170 ὅτε
997 4108 1360 4189 .Πανδαρέου
1403 4110 1593 4192 κούρη
1636 4108 1882 4189 χλωρηὶς
1925 4098 2129 4184 ἀηδών

628 4194 813 4256 καλὸν
855 4191 1131 4278 ἀείδῃσιν
1174 4193 1387 4275 ἔαρος
1433 4194 1607 4256 νέον
1649 4192 2115 4273 ἱσταμένοιο,

627 4278 917 4358 δενδρέων
962 4277 1042 4341 ἕν
1083 4272 1470 4342 πετάλοισι
1513 4276 1980 4356 καθεζομένη
2025 4281 2406 4355 πυκινοῖσιν,

626 4360 664 4444 ἦ
707 4387 767 4425 τε
810 4363 981 4444 θαμὰ
1026 4366 1315 4447 τρωπῶσα
1360 4362 1503 4443 χέει
1550 4361 1925 4442 πολυηχέα
1970 4356 2257 4441 φωνήν,

629 4445 800 4511 παῖδ’
847 4446 1253 4530 ὀλοφυρομένη
1299 4486 1409 4525 —,
