3132 5129
266 607 330 654 21

296 3582 361 3628 22

1309 268 1761 332 -168-

622 421 721 484 καὶ
768 418 889 484 τότ’
934 413 1254 494 Ὀδυσσεύς
1301 413 1453 500 ωρτο
1497 415 1737 482 πόλινδ’
1788 422 1950 500 ἴμεν·
1997 419 2188 503 αὐτὰρ
2229 420 2463 499 Ἀθήνη

539 499 764 585 πολλὴν
808 504 957 585 ηέρα
1001 507 1137 585 χεῦε
1180 507 1326 584 φίλα
1363 503 1692 605 φρονέουσ’
1736 499 2011 586 Ὀδυσῆι,

542 590 629 672 μή
668 616 758 667 τις
804 588 1095 669 Φαιήκων
1137 587 1510 671 μεγαθύμων
1552 589 1952 670 ἀντιβολήσας

539 675 839 776 κερτομέοι
885 670 933 737 τ’
983 674 1208 736 ἐπέεσσι
1254 674 1354 737 καὶ
1401 673 1716 756 ἐξερέοιθ’,
1760 671 1793 737 6
1837 700 1926 750 τις
1969 677 2083 754 εἴη.

540 757 861 863 θαύμαζεν
896 758 951 820 δ’
992 752 1276 835 Ὀδυσεύς
1323 760 1560 842 λιμένας
1607 760 1708 822 καὶ
1756 763 1907 840 νῆας
1952 758 2107 835 ἐίσας

541 839 744 909 αὐτῶν
788 838 861 907 θ’
907 842 1125 945 ἡρώων
1168 843 1395 952 αγορὰς
1439 846 1541 907 καὶ
1586 848 1775 927 τείχεα
1819 844 2046 925 μακρά,

543 926 793 1010 ὑψηλά,
839 927 1232 994 σκολόπεσσιν
1274 929 1568 1034 ἀρηρότα,
1615 934 1825 1010 θαῦμα
1870 931 2120 994 ἰδέσθαι.

629 1019 789 1079 ικετο
834 1014 890 1076 δ’
934 1014 1247 1078 Ἀλκινόου
1290 1013 1439 1098 πρὸς
1483 1026 1741 1091 δώματα·
1779 1014 1968 1078 πολλα
2015 1016 2079 1078 δέ
2121 1018 2187 1077 οἱ
2222 1019 2337 1095 κῆρ

549 1099 806 1183 ωρμαιν’
854 1102 1178 1200 ίσταμένω,
1221 1101 1369 1180 πρὶν
1410 1099 1665 1181 χάλκεον
1709 1093 1896 1166 ούδόν
1939 1101 2208 1164 ἱκέσθαι·

549 1213 632 1261 ως
675 1211 735 1248 τε
778 1186 895 1267 γαρ
940 1166 1140 1265 ἠελίου
1185 1188 1366 1269 αἴγλη
1409 1187 1586 1250 πέλεν
1629 1185 1701 1264 ήὲ
1744 1181 1997 1266 σελήνης

549 1274 712 1352 δῶμα
755 1269 905 1332 καθ’
953 1270 1256 1373 ὑψερεφὲς
1300 1269 1697 1353 μεγαλήτορος
1735 1268 2083 1334 Ἀλκινόοιο.

635 1355 876 1455 χάλκεοι
919 1356 1029 1434 μὲν
1071 1381 1187 1438 γαρ
1230 1363 1413 1436 τοῖχοι
1460 1355 1757 1436 ἐληλέδατ’
1805 1358 1958 1420 ἔνθα
2001 1355 2104 1418 καὶ
2150 1356 2336 1437 ἔνθα,

550 1441 608 1516 ἐς
651 1433 840 1522 μυχὸν
885 1440 944 1519 ἐξ
989 1440 1198 1523 ούδοῦ,
1242 1442 1378 1522 περὶ
1425 1440 1488 1504 δὲ
1496 1439 1787 1544 θριγκὸς
1830 1441 2107 1506 κυάνοιο·

465 1533 504 1591 b
635 1525 916 1623 χρύσειαι
948 1527 1011 1589 δὲ
1053 1529 1248 1606 θύραι
1293 1520 1554 1589 πυκινόν
1600 1529 1785 1609 δόμον
1828 1526 1996 1602 έντὸς
2020 1527 2272 1628 ἔεργον·

556 1611 814 1693 σταθμοὶ
862 1602 916 1671 δ’
963 1605 1245 1717 ἀργύρεοι
1292 1612 1355 1674 ἐν
1399 1613 1627 1699 χαλκέῳ
1672 1613 1923 1676 εστασαν
1966 1605 2151 1697 ούδω,

549 1694 846 1778 ἀργύρεον
892 1694 948 1756 δ’
996 1694 1098 1775 ἐφ’
1143 1695 1559 1807 ὑπερθύριον,
1588 1678 1820 1778 χρυσέη
1866 1698 1927 1762 δὲ
1973 1693 2227 1776 κορώνη.

466 1786 506 1845 b
617 1783 900 1891 χρύσειοι
946 1781 1003 1840 δ’
1052 1781 1336 1864 ἑκάτερθε
1381 1784 1481 1845 καὶ
1523 1780 1806 1866 ἀργύρεοι
1850 1780 2027 1857 κύνες
2071 1777 2258 1863 ησαν,

553 1892 660 1942 ους
685 1868 1022 1946 Ἥφαιστος
1065 1868 1296 1944 ἔτευξεν
1339 1868 1602 1970 ίδυίῃσιν
1645 1869 2037 1973 πραπίδεσσι,

559 1956 729 2032 δωμα
773 1952 1216 2057 φυλασσέμεναι
1257 1958 1653 2034 μεγαλήτορος
1688 1948 2043 2017 Ἀλκινόοιο.

469 2042 507 2101 b
639 2034 898 2117 χρύσειοι
943 2032 1000 2099 6'
1048 2063 1171 2146 αρα
1215 2040 1424 2118 κοῦροι
1467 2036 1770 2140 ἐυδμήτων
1814 2039 1912 2102 ἐπὶ
1957 2042 2179 2120 βωμῶν

557 2122 807 2186 ἕστασαν
849 2123 1176 2202 αἰθομένας
1221 2124 1436 2197 δαΐδας
1478 2146 1622 2204 μετα
1669 2123 1869 2206 χερσὶν
1913 2124 2170 2204 ἔχοντες,

560 2210 877 2286 φαίνοντες
920 2207 1140 2281 νύκτας
1185 2232 1334 2269 κατα
1380 2206 1622 2288 δωματα
1669 2206 2097 2308 δαιτυμόνεσσι.

645 2291 759 2354 τοῖ’
808 2290 915 2373 αρ’
963 2293 1031 2356 έν
1068 2286 1397 2356 Ἀλκινόοιο
1441 2295 1611 2356 θεων
1656 2293 1797 2357 ἔσαν
1839 2286 2029 2376 ἇγλαα
2073 2296 2260 2376 δῶρα.

474 2381 514 2440 b
645 2378 800 2440 ἔνθα
842 2372 982 2452 στᾶς
1025 2385 1236 2457 θηεῖτο
1279 2376 1573 2452 πολύτλας
1617 2379 1743 2454 δῖος
1778 2375 2112 2454 Ὀδυσσεύς.

558 2456 748 2540 αύταρ
793 2463 919 2526 ἐπεὶ
965 2459 1039 2541 δὴ
1084 2459 1281 2526 πάντα
1327 2462 1406 2548 ἕῷ
1448 2463 1724 2543 θηήσατο
1768 2466 1990 2549 θυμῷ,

560 2551 941 2632 καρπαλίμως
985 2543 1135 2631 υπὲρ
1180 2526 1382 2612 ov66v
1407 2546 1651 2630 ἐβήσετο
1696 2545 1966 2630 δωματος
2009 2550 2169 2613 εισω.

476 2740 507 2781 c
636 2712 825 2799 αὐτὰρ
870 2712 904 2779 ὃ
949 2722 1030 2799 βῆ
1073 2718 1174 2782 δια
1222 2720 1410 2828 δῶμα,
1433 2720 1729 2794 πολύτλας
1772 2723 1900 2794 δῖος
1936 2714 2283 2799 Ὀδυσσεύς,

559 2804 788 2904 πολλὴν
831 2798 960 2907 ἠέρ’
1009 2799 1262 2886 ἔχων,”“’
1224 2829 1301 2886 ην
1344 2806 1410 2866 οἵ
1445 2806 1751 2885 περίχευεν
1789 2802 2055 2886 Ἀθήνη,

561 2880 703 2968 οφρ’
754 2887 904 2951 ικετ’
944 2882 1210 2969 Ἀρήτην
1250 2912 1311 2951 τε
1356 2890 1457 2951 καὶ
1497 2888 1807 2953 Ἀλκίνοον
1850 2893 2122 2994 βασιλῆα.

560 2998 716 3051 αμφι
764 2970 817 3035 δ’
866 2974 971 3054 ἄρ’
1013 2970 1262 3054 Ἀρήτης
1309 2970 1455 3053 βάλε
1496 2973 1749 3078 γούνασι
1791 2982 1990 3058 χεῖρας
2028 2970 2374 3073 Ὀδυσσεύς,

564 3056 665 3118 καὶ
709 3060 838 3122 τότε
885 3055 961 3137 δή
1005 3058 1058 3142 ῤ’
1107 3058 1313 3122 αύτοΐο
1356 3058 1535 3122 πάλιν
1580 3056 1724 3142 χύτο
1769 3060 2067 3139 θέσφατος
2109 3054 2244 3141 ἆήρ.

477 3146 516 3203 d
646 3145 707 3204 οἳ
741 3142 808 3208 ,’δ
853 3144 1016 3209 ανεω
1045 3143 1337 3246 ἐγένοντο
1382 3145 1572 3224 δόμον
1615 3145 1770 3209 κάτα
1813 3150 1984 3224 φῶτα
2028 3143 2289 3224 ἰδόντες,

564 3222 878 3306 θαύμαζον
922 3211 992 3291 δ
1034 3222 1351 3332 ὁρόωντες·
1394 3227 1433 3294 ο“
1479 3226 1535 3289 δ’
1583 3230 1953 3294 ἕλλιτοὶνευεν
1987 3226 2331 3304 Ὀδυσσεύς·

621 3308 949 3411 ,,Ἀρήτη,
995 3311 1258 3394 θύγατερ
1295 3308 1644 3422 Ῥηξήνορος
1686 3312 2027 3416 ἀντιθέοιο,

566 3392 674 3459 σόν
718 3422 778 3460 τε
821 3397 998 3461 πόσιν
1042 3397 1118 3460 σα’
1160 3422 1223 3460 τε
1264 3397 1531 3480 γούναθ’
1575 3398 1769 3464 ἱκάνω
1814 3393 2000 3464 πολλὰ
2016 3393 2332 3500 μογήσας·

565 3506 673 3555 ους
717 3508 880 3559 τινας
924 3475 1093 3561 ὑμεῖς
1139 3483 1262 3545 ἴστε
1305 3480 1539 3563 μάλιστ’
1588 3481 1863 3566 ὀχέοντας
1904 3477 2074 3560 όιζυν

565 3562 934 3677 ἅνθρωπων,
980 3569 1170 3630 τοῖσίν
1215 3590 1319 3629 κεν
1364 3567 1427 3628 ἔν
1467 3567 1716 3669 ἄλγεσιν
1757 3571 2120 3650 ἰσωσαίμην·

566 3652 666 3713 καὶ
713 3651 775 3715 δ’
820 3656 906 3718 ἔτι
949 3676 1054 3716 κεν
1098 3650 1202 3715 καὶ
1248 3656 1474 3731 μαλλον
1513 3648 1629 3755 ἐγὼ
1673 3680 1829 3718 κακα
1870 3656 2288 3736 μυθησαίμην,

562 3738 713 3801 όσσα
752 3762 818 3820 γε
865 3738 938 3818 δὴ
983 3732 1295 3840 ξύμπαντα
1339 3744 1505 3802 θεῶν
1549 3734 1737 3818 ἰότητι
1779 3739 2028 3850 μόγησα.

649 3819 820 3903 ὑμεῖς
863 3822 923 3887 δ’
974 3818 1335 3921 ὀτρύνεσθαι
1379 3818 1491 3905 οἶμ’
1535 3821 1647 3902 ήοῖ
1680 3826 2144 3926 φαινομένηφιν,

567 3936 650 3983 ως
695 3904 751 3968 κ’
802 3908 901 3989 ἐμὲ
944 3905 1050 3972 τὸν
1092 3902 1388 3987 δύστηνον
1432 3908 1574 3988 ἐμῆς
1620 3909 1926 3990 ἐπιβήσετε
1968 3905 2231 3989 πάτρης,

566 3996 673 4056 καί
673 4017 818 4101 περ
862 3993 1050 4057 πολλὰ
1091 3990 1402 4057 παθόντα·
1448 3991 1653 4057 ἰδόντα
1696 4020 1766 4074 με
1812 3994 1912 4058 καὶ
1959 3997 2120 4058 λίποι
2162 3987 2379 4057 αίων.“

2652 431 2719 479 14

2648 773 2716 820 43

2494 1024 2719 1092 80÷82

2651 1284 2721 1333 85

2655 1709 2729 1757 90

2631 2051 2734 2098 100

2634 2306 2733 2354 132

2635 2562 2736 2610 135

2636 2733 2737 2781 139

2636 2818 2739 2866 140

2641 3243 2740 3291 145

2635 3498 2737 3546 211

2637 3838 2739 3885 222

484 4103 515 4141 c
646 4105 727 4153 ως
773 4077 991 4159 ἔφαθ’·
1038 4082 1100 4141 οἳ
1144 4076 1200 4140 δ’
1246 4105 1366 4157 αρα
1408 4075 1624 4154 πάντες
1668 4076 1829 4161 ἀκὴν
1871 4080 2138 4160 ἐγένοντο
2169 4082 2401 4164 σιωπῇ·
2454 4087 2741 4152 2264454

568 4173 757 4227 τοῖσιν
804 4161 859 4226 δ’
904 4162 1120 4245 Ἀρήτη
1168 4165 1526 4241 λευκώλενος
1568 4166 1781 4248 ἤρχετο
1822 4168 2072 4242 μύθων·

570 4251 722 4348 ἔγνω
760 4275 874 4352 γαρ
919 4249 1116 4332 φᾶρός
1159 4275 1219 4314 τε
1263 4247 1482 4332 χιτῶνά
1522 4276 1585 4315 τε
1609 4246 1820 4357 εἵματ’
1864 4252 2074 4315 ἰδοῦσα

572 4331 754 4415 καλά,
797 4335 869 4397 τά
912 4333 973 4419 ῤ’
1019 4333 1171 4419 αὐτὴ
1218 4339 1380 4414 τεῦξε
1425 4334 1542 4397 συν
1586 4332 1978 4416 ἀμφιπόλοισι
2021 4336 2283 4415 γυναιξί

509 4754 700 4885 ’κ

2638 4176 2740 4224 233

2639 4345 2741 4393 235
