3132 5129
1253 377 1708 442 ...505-

311 539 373 595 et
415 537 732 612 propterea
774 536 954 595 etiam
997 535 1230 612 miram,
1278 536 1440 612 quod
1484 536 1734 595 verbum
1764 535 1838 595 ad
1867 537 2280 613 complendam
2314 538 2650 597 orationem

305 615 459 680 ὅθεν
506 616 760 697 νόμοισι,
805 624 994 679 τοῖσιν
1035 616 1243 698 ἥδεται
1286 614 1409 680 θεοῖ
1453 622 1854 682 necessarium
1899 618 2062 681 θύω
2093 641 2215 682 non
2246 624 2649 682 commutatur

305 726 439 767 cum
485 708 603 765 alio
649 738 732 748 -
774 724 923 782 quae
968 706 1092 765 fere
1135 709 1228 767 est
1272 706 1690 782 aposiopeseos
1733 707 1859 767 sive
1901 708 2318 767 anacoluthiae
2350 708 2508 766 ratio
2541 739 2642 783 —,

307 791 410 852 sed
454 791 609 851 idem
653 792 955 867 sequentis
999 790 1252 852 membri
1295 791 1468 852 initio
1512 810 1620 868 per
1664 793 2018 867 particulam
2046 785 2159 870 γάρ
2191 792 2472 852 infertur.
2536 792 2649 852 Est

306 877 418 936 hoc
462 896 531 936 eo
575 877 976 953 suspiciosius,
1020 877 1198 953 quod,
1245 896 1380 937 cum
1422 895 1533 936 nec
1576 877 1689 936 hoc
1709 877 1893 937 verbo
1937 896 2032 937 res
2062 881 2169 937 aut
2199 895 2336 937 vere
2368 877 2648 954 designe-

305 965 408 1021 tur
450 964 554 1021 aut
595 961 690 1038 pie
734 961 1075 1039 mitigetur,
1122 962 1196 1020 ad
1243 961 1395 1021 illud
1440 961 1860 1037 corrigendum
1905 962 2114 1022 statim
2157 955 2495 1032 ἀσυνδέτους
2541 962 2645 1020 ad-

308 1047 521 1107 iciatur
563 1038 925 1123 κατάρχομαι
966 1042 1107 1123 μέν,
1154 1038 1381 1124 σφάγια
1425 1040 1484 1105 δ’
1533 1043 1808 1105 ἄλλοισιν
1848 1043 2026 1124 μέλει.
2087 1047 2297 1124 Itaque
2329 1046 2642 1108 novissimi

311 1183 499 1243 critici
545 1182 764 1243 codicis
793 1181 854 1241 B
887 1183 1242 1259 scripturam
1284 1150 1384 1240 03'
1431 1177 1568 1261 (sed
1612 1203 1652 1239 υ
1696 1186 1927 1243 mutato
1959 1184 2021 1243 in
2052 1203 2102 1242 ει
2133 1204 2168 1241 a
2197 1203 2290 1260 pr.
2321 1177 2431 1263 m.)
2461 1185 2648 1243 secuti

310 1300 392 1310 —
436 1286 546 1328 nec
600 1287 746 1326 num
801 1259 938 1324 θύω
991 1268 1053 1326 in
1099 1266 1151 1327 0
1188 1267 1406 1328 diserte
1463 1268 1729 1344 legatur,
1789 1271 1951 1328 certo
1996 1268 2244 1328 scimus!
2300 1300 2371 1311 —
2422 1268 2647 1343 duplici

310 1353 487 1412 modo
531 1370 741 1412 sanare
787 1352 982 1423 locum
1027 1352 1416 1412 studuerunt:
1483 1351 1881 1413 Kirchhoffius
1925 1352 2163 1429 quidem
2207 1351 2434 1412 θείου
2477 1371 2646 1428 repo-

311 1439 461 1513 suit,
518 1457 636 1514 quo
691 1440 851 1496 recte
896 1438 1140 1513 exploso
1185 1437 1461 1497 certatim
1503 1437 1753 1496 Kvicala
1795 1437 2067 1513 Klotzius
2112 1438 2648 1498 Rauchensteinius

310 1519 540 1580 θύειν
596 1521 1190 1599 commendaverunt,
1247 1522 1578 1597 infinitivo,
1636 1524 1688 1582 si
1745 1522 1889 1599 quid
1933 1524 2159 1599 senti0,
2217 1543 2352 1584 cum
2398 1522 2649 1582 molesta

314 1607 609 1685 gravitate
653 1607 1001 1683 praemisso.

483 1692 601 1751 Sed
645 1691 739 1763 hic
783 1695 939 1751 certe
969 1692 1320 1752 emendandi
1350 1692 1684 1769 periculum
1710 1694 2002 1753 fecerunt.
2060 1693 2131 1752 In
2159 1693 2646 1753 antecedentibus

313 1796 453 1836 vero
509 1795 683 1836 nemo
736 1776 1028 1836 eiusmodi
1084 1777 1227 1854 quid
1283 1795 1459 1837 ausus
1514 1780 1607 1837 est
1660 1782 1898 1853 praeter
1943 1778 2306 1856 Seidlerum,
2361 1779 2464 1854 qui
2510 1796 2646 1845 cum
2675 1784 2707 1832 9

317 1862 559 1922 Beiskio
603 1864 664 1921 et
705 1861 1054 1922 Marklando
1098 1861 1296 1922 dedit:
1859 1862 1869 1869 '

718 1971 839 2037 ὅθ’
884 1976 912 2038 ἕ
926 2002 963 2038 ν
1006 1976 1271 2056 νόμοισι,
1315 1985 1506 2040 τοῖσιν
1547 1976 1759 2058 ἥδεται
1802 1971 1922 2041 θεοὶ

703 2060 1008 2142 Ἀρτεμις,
1054 2059 1307 2143 ἑορτή,
1351 2059 1603 2143 τοῦνομ’
1649 2057 1725 2144 ἧς
1769 2063 1958 2127 καλὸν
1997 2061 2214 2145 μόνον·

318 2184 478 2261 quod
523 2183 649 2244 iure
694 2185 874 2244 ceteri
918 2185 1405 2261 repudiaverunt.
1469 2185 1563 2244 Ex
1606 2186 1697 2245 his
1742 2186 2023 2245 laudandi
2068 2189 2209 2245 sunt
2250 2184 2651 2245 Kirchhoffius

316 2274 378 2329 et
420 2270 723 2329 Nauckius
780 2272 940 2329 certe
995 2273 1332 2345 propterea,
1378 2270 1538 2346 quod
1593 2270 1866 2330 laborare
1910 2291 1970 2331 v.
2017 2271 2097 2329 35
2125 2290 2211 2346 sq.
2272 2273 2648 2329 monuerunt.

314 2354 425 2414 Ille
479 2357 684 2414 autem
740 2354 902 2431 quod
957 2354 1155 2429 addit,
1216 2373 1462 2429 „versus
1506 2355 1624 2413 nisi
1667 2357 1838 2431 gravi
1884 2355 2221 2432 corruptela
2262 2356 2506 2415 affectus
2551 2356 2648 2430 sit,

313 2443 454 2499 ante
500 2457 635 2497 eum
679 2438 971 2500 nonnulla
1015 2440 1301 2499 excidisse
1344 2440 1677 2500 necessario
1709 2440 2097 2499 statuendum
2128 2439 2315 2514 esse“,
2361 2438 2649 2498 habemus

318 2525 562 2602 quidem
607 2525 672 2584 in
716 2523 1007 2600 Euripide
1052 2543 1186 2585 cum
1231 2524 1374 2584 alibi
1420 2527 1551 2585 tum
1597 2526 1661 2584 in
1705 2524 1813 2585 hac
1856 2524 1987 2601 ipsa
2016 2524 2219 2584 fabula
2246 2525 2651 2601 apertissimas

312 2611 576 2685 lacunaS,
623 2629 733 2670 nec
776 2630 811 2669 a
854 2610 990 2669 crisi
1037 2609 1110 2668 iis
1155 2609 1502 2687 detegendis
1548 2610 1783 2670 intenta
1826 2629 1922 2670 me
1946 2610 2205 2670 alienum
2237 2629 2363 2670 esse
2392 2613 2647 2685 constat,

312 2696 408 2754 hic
461 2714 605 2756 vero
663 2695 981 2771 quominus
1034 2695 1264 2770 aliquid
1320 2695 1607 2754 excidisse
1663 2698 1990 2771 statuatur,
2048 2695 2327 2772 prohibet
2377 2694 2473 2753 lex
2515 2693 2651 2756 huic

314 2782 534 2840 rationi
586 2782 708 2840 iam
759 2780 905 2839 alibi
966 2799 1001 2838 a
1044 2798 1139 2838 me
1185 2782 1586 2856 praescripta,
1645 2800 1765 2856 qua
1806 2799 2101 2858 nusquam
2145 2780 2217 2840 de
2261 2781 2482 2840 omissa
2525 2782 2651 2840 sive

314 2884 456 2926 voce
510 2867 634 2926 sive
688 2866 982 2925 sententia
1038 2864 1421 2940 cogitandum
1476 2885 1604 2925 esse
1649 2867 1886 2942 monui,
1944 2867 2060 2926 nisi
2106 2865 2206 2926 ubi
2253 2869 2413 2927 certe
2456 2866 2650 2941 qualis

315 2971 383 3008 ea
427 2950 609 3008 fuerit
651 2950 1050 3024 probabiliter
1093 2949 1342 3009 indicari
1388 2953 1755 3026 omninoque
1800 2951 2202 3010 membrorum
2248 2952 2402 3009 male
2447 2950 2649 3009 cohae-

314 3035 575 3094 rentium
618 3034 786 3092 hians
831 3035 1222 3094 commissura
1266 3035 1499 3095 ostendi
1542 3037 1753 3112 possit.
1825 3034 2058 3095 Vellem
2102 3035 2400 3095 docuisset
2439 3034 2647 3093 Kirch-

314 3120 548 3195 hoffius,
599 3118 799 3195 qualia
842 3119 1106 3179 excidere
1149 3121 1458 3195 potuerint
1483 3123 1625 3180 ante
1655 3139 1891 3180 versum
1923 3121 2022 3196 35,
2069 3123 2139 3179 ut
2167 3121 2218 3180 is
2251 3120 2443 3196 qualis
2473 3118 2650 3178 hodie

313 3205 537 3282 legitur
579 3206 739 3262 recte
785 3222 846 3262 se
888 3204 1137 3263 habeat!

485 3289 630 3348 Mihi
689 3288 928 3364 quidem
986 3307 1230 3364 prorsus
1286 3289 1585 3348 contraria
1640 3291 1733 3349 est
1791 3290 2120 3366 sententia,
2177 3293 2246 3348 ut
2287 3288 2485 3348 locum
2529 3306 2649 3347 non

316 3374 554 3434 defectu
600 3373 701 3432 sed
745 3372 1207 3449 interpolatione
1251 3374 1523 3433 laborare
1565 3377 1793 3449 putem.
1867 3375 2056 3446 Quem
2099 3374 2149 3435 si
2181 3373 2493 3450 Euripides
2538 3373 2648 3432 hoc

313 3458 490 3519 modo
536 3459 806 3534 scripsit:

713 3553 868 3618 ὅθεν
913 3553 1176 3636 νόμοισι,
1222 3561 1415 3617 τοῖσιν
1459 3554 1669 3637 ἥδεται
1710 3554 1864 3632 θεά,

721 3677 805 3689 -
848 3640 917 3703 τὰ
965 3632 1022 3703 δ’
1066 3641 1221 3704 ἄλλοι
1262 3653 1408 3743 σιγῶ
1452 3640 1562 3721 τὴν
1604 3637 1755 3703 θεὸν
1799 3640 2180 3723 φοβουμένη,
2225 3677 2305 3688 ·—-

719 3725 790 3801 ἃς
831 3723 910 3788 ἄν
955 3726 1217 3812 κατέλθῃ
1261 3727 1437 3807 τηνδε
1480 3737 1598 3806 γῆν
1622 3724 1851 3806 ’Ἕλλην
1892 3722 2087 3807 ἀνήρ,

722 3812 1086 3893 κατάρχομαι
1156 3811 1295 3893 μέν,
1338 3806 1562 3892 σφάγια
1610 3807 1667 3870 δ’
1711 3811 1991 3872 ἄλλοισιν
2031 3810 2188 3890 μέλει

719 3893 931 3978 ἄρρητ’
981 3896 1216 3959 ἔσωθεν
1259 3890 1437 3958 τῶνδ’
1483 3892 1835 3977 ἀνακτόρων
1876 3902 2051 3975 θεᾶς,

315 4037 424 4080 nec
467 4020 783 4095 quicquam
827 4020 902 4078 ad
947 4021 1274 4079 sententiae
1315 4017 1726 4095 integritatem
1766 4017 2139 4078 desideratur
2177 4020 2239 4076 et
2265 4021 2482 4093 tamen,
2530 4036 2649 4094 quo

321 4104 495 4162 modo
552 4104 957 4180 interpolandi
999 4104 1328 4164 'consilium
1371 4106 1570 4162 ortum
1617 4103 1724 4179 sit,
1783 4104 2034 4179 perspici
2078 4104 2319 4179 poterit.
2409 4103 2649 4162 Etenim

321 4188 637 4264 Iphigenia
681 4189 1022 4265 barbarum,
1068 4209 1244 4265 quem
1287 4189 1685 4264 abominatur,
1732 4188 1912 4247 ritum
1960 4192 2488 4248 commemoraturs
2516 4206 2649 4248 cum

320 4277 548 4349 tamen,
603 4276 919 4349 quominus
976 4278 1181 4353 aperte
1237 4273 1439 4333 odium
1484 4292 1657 4333 suum
1700 4273 2077 4350 profiteatur,
2133 4273 2274 4332 deae
2319 4274 2652 4334 reverentia

322 4357 670 4435 retineatur,
717 4361 863 4420 satis
905 4360 1086 4420 habet
1127 4378 1263 4419 eum
1305 4360 1491 4418 ritum
1534 4361 1604 4417 ut
1650 4359 1792 4418 deae
1836 4360 2141 4434 acceptum
2186 4358 2444 4419 indicare
2491 4362 2647 4418 cete—

322 4443 424 4521 ris,
470 4462 618 4522 quae
664 4443 736 4508 de
780 4464 850 4506 eo
895 4445 1143 4506 dicenda
1171 4447 1391 4523 essent,
1438 4444 1644 4505 addita
1672 4463 1847 4504 causa
1876 4443 2095 4504 diserte
2123 4445 2427 4522 repressiS,
2472 4445 2648 4523 plane
