3132 5129
1237 422 1698 484 -571—

297 578 665 636 stituendum
721 598 848 638 esse
900 598 1008 655 pro
1067 569 1335 656 ὀνείρους
1393 597 1462 637 ex
1518 598 1578 638 v.
1627 579 1791 637 1273
1850 575 2124 649 ἐνοπάς
2171 613 2253 622 -
2298 580 2359 639 in
2415 601 2533 656 qua
2576 600 2636 641 re

299 661 694 738 obsequentes
739 664 948 723 habuit
978 664 1384 723 Hermannum
1430 667 1609 739 atque
1639 663 2022 741 Hartungum
2061 698 2154 741 -,
2202 665 2518 725 dummodo
2563 686 2637 725 ne

298 749 362 806 in
417 747 534 805 alia
588 750 786 807 omnia
839 748 1042 808 abiens
1098 749 1276 824 illud,
1336 748 1492 824 quod
1551 749 1725 808 huius
1781 752 1885 807 aut
1937 751 2153 810 malam
2215 752 2635 811 correctionem

301 833 512 892 habuit
569 836 674 892 aut
729 835 1130 908 importunam
1187 835 1769 909 interpretationem,
1830 853 1964 894 cum
2017 854 2121 894 suo
2167 833 2414 912 νυχίους
2457 857 2638 913 supra.

299 936 541 995 prorsus
586 917 922 994 delevisset,
969 919 1300 978 substituto
1343 919 1469 978 eius
1514 918 1576 977 in
1618 920 1813 979 locum
1859 918 2119 996 χθονίαν
2160 915 2408 994 ἀφελεῖν
2449 924 2637 992 θεοῖς

299 998 739 1080 μαντοσύνα
759 1025 825 1079 ν,
870 1023 977 1080 pro
1019 1022 1140 1080 quo
1183 1003 1472 1063 vocabulo
1517 1004 1645 1062 vice
1689 1023 1861 1065 versa
1904 1006 2177 1065 v.1278
2222 998 2341 1062 ἀπὸ
2384 999 2452 1063 δὲ
2495 1015 2634 1083 μῆ-

302 1107 422 1144 νιν
476 1085 661 1159 θεᾶς
720 1089 941 1148 intulit.
1045 1089 1168 1147 Nec
1232 1088 1431 1147 minus
1490 1089 1739 1148 licenter
1791 1089 1853 1147 in
1908 1109 1967 1148 v.
2018 1090 2178 1147 1272
2216 1110 2300 1166 sq.
2362 1094 2423 1149 et
2480 1091 2636 1150 Her-

302 1192 553 1232 mannus
610 1176 671 1232 et
714 1173 1066 1249 Hartungus
1124 1166 1380 1249 grassati
1427 1177 1594 1248 sunt,
1653 1191 1903 1270 quorum
1949 1174 2050 1232 ille
2094 1172 2349 1251 χθονίαν
2393 1169 2638 1249 αφελεῐν

300 1256 529 1335 μῆνιν
586 1250 884 1333 νύχιον,
950 1257 1046 1316 11Ξο
1108 1254 1435 1334 χθονίας
1499 1251 1745 1331 ἆφελεῖν
1810 1255 2089 1335 μήνιμα
2145 1262 2334 1330 θεας
2378 1261 2634 1336 scripsit.

301 1343 600 1401 Violentis
661 1342 756 1401 his
821 1343 1111 1402 machinis
1178 1344 1404 1418 quanto
1469 1342 1844 1417 probabilius
1910 1347 2001 1403 est
2055 1345 2359 1403 ambarum
2427 1364 2638 1404 vocum

305 1418 573 1503 ὀνείρους
620 1430 678 1486 et
722 1422 942 1497 ἐνοπάς
987 1427 1156 1487 sedes
1201 1446 1391 1503 prono
1424 1427 1805 1486 librariorum
1842 1447 2038 1488 errore
2069 1432 2332 1491 mutatas
2361 1450 2506 1506 esse,
2553 1431 2640 1490 ita

305 1515 374 1571 ut
416 1533 469 1571 v.
507 1513 670 1571 1272
699 1531 788 1589 sq.
833 1512 1154 1588 Euripides
1200 1512 1507 1588 scripserit

609 1612 868 1690 χθονίαν
910 1602 1153 1689 ἇφελεῐν
1195 1621 1379 1692 μῆνιν
1427 1612 1666 1691 νυχίους
1710 1609 1764 1672 τ’
1814 1607 2181 1693 ὀνείρους,

308 1734 402 1792 cui
448 1734 786 1809 strophicus
831 1733 1103 1809 apprime
1147 1733 1488 1810 respondet,
1536 1737 1586 1793 si
1630 1736 1847 1795 ultimo
1886 1735 2016 1795 loco
2047 1737 2325 1812 putamus
2356 1736 2639 1797 excidisse

307 1819 662 1879 vocabulum
706 1818 1017 1878 bacchium
1061 1819 1488 1895 complectens,
1521 1820 1712 1891 ‚sicuti

611 1915 779 1998 τέρας
791 1962 810 1995 ,
860 1916 1097 1996 ἄμφεπε
1141 1923 1420 1995 μαντεῖον
1464 1917 1717 1998 χθόνιον
1761 1919 1907 2001 <φυ
1919 1923 1951 1979 λ
1962 1913 2002 1979 ά
2012 1935 2047 1978 σ
2059 1936 2095 1979 σ
2108 1943 2155 1980 ω
2170 1918 2279 2001 ν).

309 2041 479 2111 Quod
522 2058 664 2098 vero
708 2042 847 2098 ante
890 2037 1076 2115 μῆνιν
1119 2040 1182 2098 in
1227 2040 1398 2099 libris
1441 2040 1667 2117 legitur
1711 2041 2062 2100 vocabulum
2105 2044 2336 2117 θεοῖς,
2381 2043 2443 2101 id
2474 2046 2639 2116 patet

306 2125 648 2200 imperitam
692 2144 819 2185 esse
863 2124 1417 2200 interpretationem
1461 2125 1691 2184 librarii
1723 2144 1842 2184 non
1870 2126 2275 2218 intellegentis
2305 2130 2448 2202 χθο
2470 2125 2539 2184 vl
2547 2148 2584 2183 α
2608 2149 2640 2185 ν

304 2216 488 2286 μῆνιν
530 2209 681 2268 nihil
724 2209 887 2270 aliud
932 2207 1265 2286 significare
1310 2228 1484 2284 posse
1527 2211 1642 2268 nisi
1674 2200 1920 2278 Χθονὸς
1949 2217 2150 2286 μῆνιν.
2228 2211 2438 2269 Restat
2466 2231 2637 2287 asyn-

307 2295 491 2353 deton
535 2294 599 2352 in
642 2295 836 2354 verbis
883 2290 1108 2351 ἔσεισεν
1151 2297 1212 2352 et
1255 2295 1489 2352 παῦσεν
1530 2295 1700 2353 nulla
1744 2296 1955 2370 copula
1984 2296 2202 2354 iunctis
2235 2297 2636 2371 conspicuum,

306 2378 466 2456 quod
510 2380 629 2478 iam
660 2380 1036 2456 Musgravius
1082 2379 1293 2437 tollere
1338 2381 1586 2439 conatus
1632 2380 1723 2437 est
1766 2378 2182 2438 substituendo
2228 2373 2322 2436 ἐπὶ
2372 2375 2440 2435 ὁ
2421 2400 2447 2437 ε
2492 2378 2639 2438 σεί-

308 2478 438 2534 σας
492 2458 716 2540 κόμαν,
773 2465 927 2522 haud
972 2463 1365 2566 probabiliter
1417 2465 1716 2539 profect0‚
1773 2482 1881 2523 nec
1924 2463 2156 2522 felicius
2204 2464 2503 2523 Seidlerus
2547 2467 2641 2524 in-

311 2549 561 2610 serenda
615 2549 913 2625 particula
968 2542 1019 2608 τ’
1078 2552 1217 2627 post
1275 2546 1535 2625 νυχίους.
1611 2548 1898 2609 Defendit
1941 2547 2183 2625 quidem
2228 2548 2636 2609 Hermannus:

312 2636 597 2710 „copulae
639 2635 973 2694 adiectione
1018 2655 1137 2695 non
1184 2634 1371 2710 οΡιιε,ι
1378 2634 1652 2710 ‘inquit‚
1702 2634 1882 2710 „quia
1925 2634 2016 2693 his
2061 2633 2261 2694 verbis
2306 2634 2640 2694 declaratur

310 2719 467 2795 quod
510 2719 685 2779 modo
730 2720 957 2780 dictum
1000 2726 1117 2797 est,
1165 2718 1263 2778 ἔπι
1308 2711 1365 2777 δ’
1414 2715 1638 2778 ἔσεισεν
1681 2716 1938 2794 κόμανῦί.
2015 2717 2133 2778 Sed
2176 2737 2286 2778 nec
2328 2718 2637 2778 amborum

309 2805 709 2863 membrorum
752 2806 1045 2865 rationem
1090 2825 1195 2866 nec
1227 2806 1516 2864 orationis
1547 2806 1807 2864 colorem
1835 2803 2128 2880 asyndeto
2160 2805 2218 2863 11.
2245 2805 2285 2863 l.
2318 2823 2640 2882 congruere

309 2890 605 2948 neminem
660 2889 903 2966 latebit,
961 2891 1063 2966 qui
1123 2892 1336 2950 obviae
1378 2891 1537 2966 apud
1582 2891 1839 2967 tragicos
1882 2889 2060 2948 huius
2105 2889 2329 2965 figurae
2374 2892 2641 2966 exempla

312 2976 762 3050 comparaverit.
855 2975 1011 3047 Quid
1071 2975 1385 3035 dicendum
1441 2975 1652 3051 fuerit,
1712 2973 1896 3050 probe
1953 2975 2251 3033 intellexit
2304 2975 2640 3034 Badhamus

311 3060 594 3119 παῦσαι
637 3060 933 3118 coniciens
976 3065 1181 3136 aptum
1228 3080 1298 3119 ex
1341 3059 1767 3136 pollicendi
1812 3059 2060 3118 notione
2104 3060 2168 3117 in
2198 3053 2291 3116 ἐπὶ
2323 3054 2378 3115 ‹5'
2416 3056 2644 3118 ἔσεισεν

310 3142 505 3222 κόμαν
549 3146 789 3220 latente,
843 3165 1021 3220 quam
1068 3146 1383 3205 formulam
1428 3145 1504 3204 ad
1548 3144 1996 3204 celeberrimum
2041 3143 2421 3202 Homericum

614 3284 654 3338 η
703 3259 802 3320 καὶ
846 3258 1168 3366 κυανέῃσιν
1215 3257 1324 3320 ἐπ’
1373 3255 1595 3340 ὀφρύσι
1640 3262 1813 3321 νεῦσε
1858 3258 2162 3338 Κρονίων·

612 3340 931 3422 αμβρόσιαι
975 3342 1036 3405 δ’
1051 3369 1207 3438 αρα
1251 3350 1497 3424 χαῖται
1541 3344 1954 3423 ἐπερρώσαντο
1996 3341 2255 3417 ἄνακτος

616 3423 828 3504 κρατὸς
872 3426 982 3489 απ’
1033 3420 1394 3492 αθανατοιο·
1440 3428 1629 3511 μέγαν
1671 3426 1734 3490 δ’
1784 3426 2063 3503 ἐλέλιξε
2081 3453 2115 3490 ν
2143 3428 2447 3507 Ὄλυμπον

312 3554 375 3610 in
432 3550 779 3608 memoriam
837 3552 1234 3610 revocandum
1286 3573 1320 3611 a
1373 3554 1548 3628 poeta
1605 3552 1856 3610 electam
1898 3569 2026 3609 esse
2073 3570 2245 3609 nemo
2291 3568 2411 3609 non
2456 3549 2641 3610 videt.

314 3636 432 3696 Sed
478 3635 930 3710 praeferendum
977 3637 1094 3695 fuit
1136 3633 1470 3712 παύσειν,
1515 3635 1675 3713 quod
1719 3654 1839 3694 non
1885 3635 2081 3694 solum
2124 3635 2368 3710 propius
2412 3634 2583 3693 abest
2609 3655 2643 3691 a

308 3721 596 3780 librorum
642 3721 938 3795 scriptura
981 3721 1084 3779 sed
1130 3723 1307 3780 etiam
1354 3722 1752 3797 frequentiore
1797 3719 1988 3777 futuri
2031 3738 2145 3779 usu
2174 3719 2639 3779 commendatur.

480 3803 554 3864 V.
594 3805 756 3863 1278
801 3806 961 3880 quod
1006 3806 1069 3864 in
1114 3807 1284 3865 libris
1331 3807 1555 3882 legitur
1597 3798 1949 3862 λαθοσύναν
1994 3805 2135 3862 ferri
2166 3822 2288 3862 non
2318 3822 2491 3878 posse
2521 3804 2643 3861 edi·

311 3896 471 3951 tores
514 3889 939 3949 intellexerunt
982 3910 1204 3967 omnes,
1251 3891 1612 3968 plurimique
1657 3908 1861 3949 eorum
1892 3889 2072 3948 etiam
2101 3891 2451 3962 receperunt
2481 3888 2639 3963 quod

311 3978 482 4035 unice
537 3992 745 4034 verum
790 3975 909 4033 iam
954 3977 1266 4036 invenerat
1309 3975 1688 4052 Musgravius
1732 3995 1825 4050 μα
1847 3989 2188 4048 ντοσυναν,
2246 3972 2317 4031 de
2359 3991 2476 4048 quo
2521 3991 2643 4032 non

313 4061 610 4119 debebant
653 4059 927 4119 dubitare
972 4062 1308 4124 litterarum
1354 4060 1580 4119 scilicet
1628 4059 1892 4135 apicibus
1920 4049 2145 4117 intent!
2167 4057 2491 4132 NauckiuS,
2539 4058 2640 4132 qui

313 4140 375 4201 δ’
435 4131 896 4220 ἀλαθοσύναν,
956 4148 1017 4205 et
1071 4145 1349 4220 Kvicala‚
1407 4146 1509 4221 qui
1564 4139 1992 4219 λατροσύναν
2047 4144 2327 4216 coniecit,
2386 4141 2643 4200 alterum

314 4229 501 4287 altero
545 4232 734 4306 peius.
802 4230 918 4289 Hic
963 4231 1222 4307 omnine,
1269 4249 1442 4306 quem
1487 4234 1787 4306 postremo
1831 4230 1961 4288 loco
2005 4227 2329 4302 nominavi,
2378 4227 2641 4285 omnium

313 4312 716 4373 infelicissime
747 4317 1016 4374 nostrum
1048 4317 1245 4375 locum
1274 4334 1335 4389 p.
1366 4316 1700 4373 275—277
1730 4313 2075 4374 tractavisse
2099 4313 2356 4386 videtur,
2390 4314 2458 4368 ut
2487 4330 2642 4370 com-

313 4397 565 4473 parandi
610 4401 806 4475 gratia
835 4421 889 4459 v.
929 4400 1256 4459 1246—49
1287 4427 1369 4448 =
1406 4400 1757 4474 1270—73,
1809 4397 2140 4456 1252—54
2171 4424 2255 4446 =
2292 4397 2639 4472 1276—79,

313 4482 519 4558 quales
562 4484 638 4543 ab
683 4485 788 4544 illo
834 4486 1142 4545 constituti
1188 4489 1357 4562 sunt,
1403 4484 1783 4561 adscripsisse
1827 4482 2113 4542 sufficiat:

2679 1354 2739 1401 10
