<?xml version="1.0" encoding="UTF-8"?>
<!DOCTYPE html PUBLIC "-//W3C//DTD XHTML 1.0 Transitional//EN"
    "http://www.w3.org/TR/xhtml1/DTD/xhtml1-transitional.dtd">
<html xmlns="http://www.w3.org/1999/xhtml" xml:lang="en" lang="en">
 <head>
  <title>
</title>
<meta http-equiv="Content-Type" content="text/html;charset=utf-8" />
  <meta name='ocr-system' content='tesseract 3.04.00' />
  <meta name='ocr-capabilities' content='ocr_page ocr_carea ocr_par ocr_line ocrx_word'/>
</head>
<body>
  <div class='ocr_page' id='page_1' title='image "./opusculaphilolo00koecgoog_0578.png"; bbox 0 0 3132 5129; ppageno 0'>
   <div class='ocr_carea' id='block_1_1' title="bbox 1345 382 1800 446">
    <p class='ocr_par' dir='ltr' id='par_1_1' title="bbox 1345 382 1800 446">
     <span class='ocr_line' id='line_1_1' title="bbox 1345 382 1800 446; baseline -0.002 0"><span class='ocrx_word' id='word_1_1' title='bbox 1345 382 1800 446; x_wconf 77' lang='lat'>—566-</span> 
     </span>
    </p>
   </div>
   <div class='ocr_carea' id='block_1_2' title="bbox 419 530 1582 664">
    <p class='ocr_par' dir='ltr' id='par_1_2' title="bbox 419 530 1582 664">
     <span class='ocr_line' id='line_1_2' title="bbox 419 530 1582 664; baseline -0.002 -67"><span class='ocrx_word' id='word_1_2' title='bbox 419 547 545 597; x_wconf 79' lang='lat'>1240</span> <span class='ocrx_word' id='word_1_3' title='bbox 582 534 751 617; x_wconf 89' lang='grc' dir='ltr'><strong><em>φέρει</em></strong></span> <span class='ocrx_word' id='word_1_4' title='bbox 794 558 891 594; x_wconf 87' lang='grc' dir='ltr'>νιν</span> <span class='ocrx_word' id='word_1_5' title='bbox 934 530 1056 597; x_wconf 76' lang='grc' dir='ltr'>άπὸ</span> <span class='ocrx_word' id='word_1_6' title='bbox 1086 533 1360 615; x_wconf 77' lang='grc' dir='ltr'><em>δειράδος</em></span> <span class='ocrx_word' id='word_1_7' title='bbox 1393 534 1522 597; x_wconf 79' lang='grc' dir='ltr'><strong><em>ἕνα·</em></strong></span> <span class='ocrx_word' id='word_1_8' title='bbox 1575 537 1582 664; x_wconf 59' lang='lat'>1</span> 
     </span>
    </p>
   </div>
   <div class='ocr_carea' id='block_1_3' title="bbox 820 615 2502 725">
    <p class='ocr_par' dir='ltr' id='par_1_3' title="bbox 820 615 2502 725">
     <span class='ocr_line' id='line_1_3' title="bbox 820 615 2502 725; baseline -0.001 -45"><span class='ocrx_word' id='word_1_9' title='bbox 820 620 948 694; x_wconf 84' lang='grc' dir='ltr'><strong><em>λιας</em></strong></span> <span class='ocrx_word' id='word_1_10' title='bbox 994 620 1281 699; x_wconf 82' lang='grc' dir='ltr'><strong><em>(εἰναλίας</em></strong></span> <span class='ocrx_word' id='word_1_11' title='bbox 1290 621 1438 725; x_wconf 57' lang='grc' dir='ltr'>ΗΟ),</span> <span class='ocrx_word' id='word_1_12' title='bbox 1799 617 1912 679; x_wconf 91' lang='grc' dir='ltr'><strong><em>οσα</em></strong></span> <span class='ocrx_word' id='word_1_13' title='bbox 1956 615 2010 678; x_wconf 85' lang='grc' dir='ltr'><strong><em>τ’</em></strong></span> <span class='ocrx_word' id='word_1_14' title='bbox 2059 616 2254 696; x_wconf 73' lang='grc' dir='ltr'><strong><em>ἔμελλε</em></strong></span> <span class='ocrx_word' id='word_1_15' title='bbox 2299 624 2502 696; x_wconf 80' lang='grc' dir='ltr'><strong><em>τυχεῖν</em></strong></span> 
     </span>
    </p>
   </div>
   <div class='ocr_carea' id='block_1_4' title="bbox 351 669 2748 1229">
    <p class='ocr_par' dir='ltr' id='par_1_4' title="bbox 580 669 2748 952">
     <span class='ocr_line' id='line_1_4' title="bbox 580 669 2745 834; baseline -0.002 -67"><span class='ocrx_word' id='word_1_16' title='bbox 580 711 775 785; x_wconf 83' lang='grc' dir='ltr'><strong><em>λοχεῖα</em></strong></span> <span class='ocrx_word' id='word_1_17' title='bbox 822 703 1022 767; x_wconf 76' lang='grc' dir='ltr'><strong><em>κλεινὰ</em></strong></span> <span class='ocrx_word' id='word_1_18' title='bbox 1068 700 1330 784; x_wconf 53' lang='grc' dir='ltr'><strong><em>λιποῦσζ</em></strong></span> <span class='ocrx_word' id='word_1_19' title='bbox 1374 702 1439 765; x_wconf 81' lang='grc' dir='ltr'>ἆ·</span> <span class='ocrx_word' id='word_1_20' title='bbox 1575 669 1582 834; x_wconf 64' lang='grc' dir='ltr'>Ι</span> <span class='ocrx_word' id='word_1_21' title='bbox 1637 715 1765 764; x_wconf 79' lang='grc'>1265</span> <span class='ocrx_word' id='word_1_22' title='bbox 1800 702 1999 765; x_wconf 88' lang='grc' dir='ltr'><strong><em>υπνου</em></strong></span> <span class='ocrx_word' id='word_1_23' title='bbox 2055 700 2204 762; x_wconf 79' lang='grc' dir='ltr'><strong><em>κατὰ</em></strong></span> <span class='ocrx_word' id='word_1_24' title='bbox 2259 702 2560 783; x_wconf 77' lang='grc' dir='ltr'><strong><em>δνοφερᾶς</em></strong></span> <span class='ocrx_word' id='word_1_25' title='bbox 2603 703 2745 783; x_wconf 79' lang='grc' dir='ltr'><strong><em>γᾶς,</em></strong></span> 
     </span>
     <span class='ocr_line' id='line_1_5' title="bbox 583 780 2748 972; baseline -0.002 -121"><span class='ocrx_word' id='word_1_26' title='bbox 583 790 852 852; x_wconf 87' lang='grc' dir='ltr'><strong><em>στάκτων</em></strong></span> <span class='ocrx_word' id='word_1_27' title='bbox 893 789 1087 870; x_wconf 86' lang='grc' dir='ltr'><strong><em>μάτηρ</em></strong></span> <span class='ocrx_word' id='word_1_28' title='bbox 1130 785 1402 869; x_wconf 73' lang='grc' dir='ltr'><strong><em>ὑδάτων,</em></strong></span> <span class='ocrx_word' id='word_1_29' title='bbox 1799 780 1981 861; x_wconf 78' lang='grc' dir='ltr'><strong><em>εὖνᾶς</em></strong></span> <span class='ocrx_word' id='word_1_30' title='bbox 2011 786 2295 972; x_wconf 58' lang='grc' dir='ltr'>ἕφρέζοέ.)</span> <span class='ocrx_word' id='word_1_31' title='bbox 2341 794 2484 869; x_wconf 85' lang='grc' dir='ltr'><strong><em>γαΐα</em></strong></span> <span class='ocrx_word' id='word_1_32' title='bbox 2515 784 2580 849; x_wconf 83' lang='grc' dir='ltr'>δὲ</span> <span class='ocrx_word' id='word_1_33' title='bbox 2611 784 2748 867; x_wconf 81' lang='grc' dir='ltr'><strong><em>(τὴν</em></strong></span> 
     </span>
    </p>

    <p class='ocr_par' dir='ltr' id='par_1_5' title="bbox 351 876 2720 1206">
     <span class='ocr_line' id='line_1_6' title="bbox 351 876 2690 1105; baseline -0.002 -84"><span class='ocrx_word' id='word_1_34' title='bbox 351 973 383 1021; x_wconf 84' lang='grc'><strong>4</strong></span> <span class='ocrx_word' id='word_1_35' title='bbox 554 982 690 1105; x_wconf 47' lang='grc' dir='ltr'>(ἵν</span> <span class='ocrx_word' id='word_1_36' title='bbox 733 956 1146 1039; x_wconf 76' lang='grc' dir='ltr'><strong><em>βακχεύουσαν</em></strong></span> <span class='ocrx_word' id='word_1_37' title='bbox 1194 957 1472 1057; x_wconf 75' lang='grc' dir='ltr'><strong><em>Διονύσῳ</em></strong></span> <span class='ocrx_word' id='word_1_38' title='bbox 1799 876 2392 1103; x_wconf 48' lang='grc' dir='ltr'><strong><em>μςιέντεῖοῗᾶαρὲείλετο</em></strong></span> <span class='ocrx_word' id='word_1_39' title='bbox 2419 952 2690 1103; x_wconf 46' lang='grc' dir='ltr'>ἑτὶιριοὶν,</span> 
     </span>
     <span class='ocr_line' id='line_1_7' title="bbox 649 1039 2744 1229; baseline -0.001 -123"><span class='ocrx_word' id='word_1_40' title='bbox 649 1045 935 1129; x_wconf 90' lang='grc' dir='ltr'><strong><em>αρνάσιον</em></strong></span> <span class='ocrx_word' id='word_1_41' title='bbox 975 1039 1287 1123; x_wconf 88' lang='grc' dir='ltr'><strong><em>κορυφάν,</em></strong></span> <span class='ocrx_word' id='word_1_42' title='bbox 1842 1044 2348 1229; x_wconf 49' lang='grc' dir='ltr'><strong><em>σῖβονταῇἕσζςὲ</em></strong></span> <span class='ocrx_word' id='word_1_43' title='bbox 2471 1039 2744 1123; x_wconf 83' lang='grc' dir='ltr'><strong><em>υγατρός.</em></strong></span> 
     </span>
    </p>
   </div>
   <div class='ocr_carea' id='block_1_5' title="bbox 1640 1202 2749 1465">
    <p class='ocr_par' dir='ltr' id='par_1_6' title="bbox 1640 1202 2749 1465">
     <span class='ocr_line' id='line_1_8' title="bbox 1799 1202 2749 1292; baseline -0.002 -19"><span class='ocrx_word' id='word_1_44' title='bbox 1799 1205 1859 1273; x_wconf 87' lang='grc' dir='ltr'>δ’</span> <span class='ocrx_word' id='word_1_45' title='bbox 1877 1209 1963 1285; x_wconf 77' lang='grc' dir='ltr'>ἑς”</span> <span class='ocrx_word' id='word_1_46' title='bbox 1959 1214 2244 1291; x_wconf 87' lang='grc' dir='ltr'><strong><em>Ολυμπον</em></strong></span> <span class='ocrx_word' id='word_1_47' title='bbox 2266 1202 2548 1292; x_wconf 77' lang='grc' dir='ltr'><strong><em>ὃρμαθεὶς</em></strong></span> <span class='ocrx_word' id='word_1_48' title='bbox 2567 1212 2749 1291; x_wconf 72' lang='grc' dir='ltr'><strong><em>ἅναξ,</em></strong></span> 
     </span>
     <span class='ocr_line' id='line_1_9' title="bbox 1640 1294 2748 1398; baseline 0.003 -42"><span class='ocrx_word' id='word_1_49' title='bbox 1640 1309 1768 1357; x_wconf 80' lang='grc'>1270</span> <span class='ocrx_word' id='word_1_50' title='bbox 1800 1296 1942 1381; x_wconf 88' lang='grc' dir='ltr'><strong><em>χέρα</em></strong></span> <span class='ocrx_word' id='word_1_51' title='bbox 2010 1294 2247 1398; x_wconf 82' lang='grc' dir='ltr'><strong><em>ψεδνὸν</em></strong></span> <span class='ocrx_word' id='word_1_52' title='bbox 2309 1296 2602 1397; x_wconf 83' lang='grc' dir='ltr'><strong><em>(ψαιδνὸν</em></strong></span> <span class='ocrx_word' id='word_1_53' title='bbox 2659 1298 2748 1380; x_wconf 86' lang='lat' dir='ltr'>C&#39;)</span> 
     </span>
     <span class='ocr_line' id='line_1_10' title="bbox 2039 1374 2748 1465; baseline -0.004 -22"><span class='ocrx_word' id='word_1_54' title='bbox 2039 1375 2184 1455; x_wconf 78' lang='grc' dir='ltr'><strong><em>ἔλεξ’</em></strong></span> <span class='ocrx_word' id='word_1_55' title='bbox 2211 1374 2382 1461; x_wconf 81' lang='grc' dir='ltr'><strong><em>(ελιξ’</em></strong></span> <span class='ocrx_word' id='word_1_56' title='bbox 2411 1382 2496 1465; x_wconf 86' lang='lat' dir='ltr'>G&#39;)</span> <span class='ocrx_word' id='word_1_57' title='bbox 2518 1382 2582 1445; x_wconf 77' lang='grc' dir='ltr'>ἐκ</span> <span class='ocrx_word' id='word_1_58' title='bbox 2599 1381 2748 1456; x_wconf 81' lang='grc' dir='ltr'><strong><em>Διὸς</em></strong></span> 
     </span>
    </p>
   </div>
   <div class='ocr_carea' id='block_1_6' title="bbox 418 1207 1581 1384">
    <p class='ocr_par' dir='ltr' id='par_1_7' title="bbox 418 1207 1581 1384">
     <span class='ocr_line' id='line_1_11' title="bbox 418 1207 1581 1295; baseline -0.001 -20"><span class='ocrx_word' id='word_1_59' title='bbox 418 1226 548 1276; x_wconf 79' lang='lat'>1245</span> <span class='ocrx_word' id='word_1_60' title='bbox 568 1214 677 1277; x_wconf 85' lang='grc' dir='ltr'><strong><em>οθι</em></strong></span> <span class='ocrx_word' id='word_1_61' title='bbox 690 1214 1109 1287; x_wconf 79' lang='grc' dir='ltr'><strong><em>ποικιλόνωτος</em></strong></span> <span class='ocrx_word' id='word_1_62' title='bbox 1121 1207 1377 1287; x_wconf 80' lang='grc' dir='ltr'><strong><em>οἰνωπός</em></strong></span> <span class='ocrx_word' id='word_1_63' title='bbox 1391 1214 1581 1295; x_wconf 77' lang='grc' dir='ltr'>δρά-Ι</span> 
     </span>
     <span class='ocr_line' id='line_1_12' title="bbox 572 1299 1401 1384; baseline -0.001 -23"><span class='ocrx_word' id='word_1_64' title='bbox 572 1324 701 1362; x_wconf 85' lang='grc' dir='ltr'>κων</span> <span class='ocrx_word' id='word_1_65' title='bbox 714 1346 733 1381; x_wconf 87' lang='grc'><strong><em>,</em></strong></span> <span class='ocrx_word' id='word_1_66' title='bbox 779 1310 986 1384; x_wconf 77' lang='grc' dir='ltr'><strong><em>σκιερᾷ</em></strong></span> <span class='ocrx_word' id='word_1_67' title='bbox 1029 1299 1401 1379; x_wconf 75' lang='grc' dir='ltr'><strong><em>κατάχαλκος</em></strong></span> 
     </span>
    </p>
   </div>
   <div class='ocr_carea' id='block_1_7' title="bbox 1577 1242 1584 1447">
    <p class='ocr_par' dir='ltr' id='par_1_8' title="bbox 1577 1242 1584 1447">
     <span class='ocr_line' id='line_1_13' title="bbox 1577 1242 1584 1447; baseline 0 3682"><span class='ocrx_word' id='word_1_68' title='bbox 1577 1242 1584 1447; x_wconf 95' lang='lat' dir='ltr'> </span> 
     </span>
    </p>
   </div>
   <div class='ocr_carea' id='block_1_8' title="bbox 424 1467 2757 3076">
    <p class='ocr_par' dir='ltr' id='par_1_9' title="bbox 424 1467 2757 3076">
     <span class='ocr_line' id='line_1_14' title="bbox 2040 1467 2323 1549; baseline 0 -22"><span class='ocrx_word' id='word_1_69' title='bbox 2040 1467 2323 1549; x_wconf 78' lang='grc' dir='ltr'><strong><em>θρόνων,</em></strong></span> 
     </span>
     <span class='ocr_line' id='line_1_15' title="bbox 586 1549 1527 1637; baseline -0.003 -20"><span class='ocrx_word' id='word_1_70' title='bbox 586 1551 863 1637; x_wconf 81' lang='grc' dir='ltr'><strong><em>εὐφύλλῳ</em></strong></span> <span class='ocrx_word' id='word_1_71' title='bbox 936 1549 1285 1633; x_wconf 75' lang='grc' dir='ltr'><strong><em>(εὐφύλλων</em></strong></span> <span class='ocrx_word' id='word_1_72' title='bbox 1356 1553 1527 1637; x_wconf 85' lang='lat' dir='ltr'>Ald.)</span> 
     </span>
     <span class='ocr_line' id='line_1_16' title="bbox 822 1617 2321 1722; baseline -0.001 -24"><span class='ocrx_word' id='word_1_73' title='bbox 822 1617 1060 1722; x_wconf 85' lang='grc' dir='ltr'><strong><em>δάφνα,</em></strong></span> <span class='ocrx_word' id='word_1_74' title='bbox 1104 1648 1216 1718; x_wconf 74' lang='grc' dir='ltr'>γᾶς</span> <span class='ocrx_word' id='word_1_75' title='bbox 1811 1636 2077 1698; x_wconf 80' lang='grc' dir='ltr'><strong><em>Πυθίων</em></strong></span> <span class='ocrx_word' id='word_1_76' title='bbox 2119 1632 2321 1715; x_wconf 83' lang='grc' dir='ltr'><strong><em>δόμων</em></strong></span> 
     </span>
     <span class='ocr_line' id='line_1_17' title="bbox 585 1716 2353 1805; baseline -0.003 -20"><span class='ocrx_word' id='word_1_77' title='bbox 585 1722 877 1805; x_wconf 88' lang='grc' dir='ltr'><strong><em>πελωριυν</em></strong></span> <span class='ocrx_word' id='word_1_78' title='bbox 919 1721 1089 1802; x_wconf 81' lang='grc' dir='ltr'><strong><em>τέρας</em></strong></span> <span class='ocrx_word' id='word_1_79' title='bbox 1131 1748 1238 1803; x_wconf 86' lang='grc' dir='ltr'><strong><em>αμ-</em></strong></span> <span class='ocrx_word' id='word_1_80' title='bbox 1808 1722 2067 1801; x_wconf 82' lang='grc' dir='ltr'><strong><em>χθονίαν</em></strong></span> <span class='ocrx_word' id='word_1_81' title='bbox 2109 1716 2353 1798; x_wconf 79' lang='grc' dir='ltr'><strong><em>ἀφελεῖν</em></strong></span> 
     </span>
     <span class='ocr_line' id='line_1_18' title="bbox 590 1797 2750 1888; baseline -0.001 -19"><span class='ocrx_word' id='word_1_82' title='bbox 590 1808 795 1888; x_wconf 84' lang='grc' dir='ltr'><strong><em>φέπει,</em></strong></span> <span class='ocrx_word' id='word_1_83' title='bbox 839 1814 1119 1887; x_wconf 85' lang='grc' dir='ltr'><strong><em>μαντεῖον</em></strong></span> <span class='ocrx_word' id='word_1_84' title='bbox 1162 1802 1437 1885; x_wconf 81' lang='grc' dir='ltr'><strong><em>χθόνιον.</em></strong></span> <span class='ocrx_word' id='word_1_85' title='bbox 1807 1812 1959 1881; x_wconf 87' lang='grc' dir='ltr'><strong><em>θεας</em></strong></span> <span class='ocrx_word' id='word_1_86' title='bbox 1991 1807 2210 1885; x_wconf 82' lang='grc' dir='ltr'><strong><em>μῆνιν,</em></strong></span> <span class='ocrx_word' id='word_1_87' title='bbox 2261 1806 2498 1885; x_wconf 70' lang='grc' dir='ltr'><strong><em>νυχίους</em></strong></span> <span class='ocrx_word' id='word_1_88' title='bbox 2529 1832 2560 1867; x_wconf 92' lang='grc' dir='ltr'><strong><em>τ</em></strong></span> <span class='ocrx_word' id='word_1_89' title='bbox 2571 1797 2750 1868; x_wconf 80' lang='grc' dir='ltr'><strong><em>’ἐνο-</em></strong></span> 
     </span>
     <span class='ocr_line' id='line_1_19' title="bbox 2041 1889 2160 1965; baseline 0 0"><span class='ocrx_word' id='word_1_90' title='bbox 2041 1889 2160 1965; x_wconf 78' lang='grc' dir='ltr'><strong><em>πᾶς</em></strong></span> 
     </span>
     <span class='ocr_line' id='line_1_20' title="bbox 424 1934 2753 2058; baseline -0.002 -19"><span class='ocrx_word' id='word_1_91' title='bbox 424 1990 554 2039; x_wconf 80' lang='lat'>1250</span> <span class='ocrx_word' id='word_1_92' title='bbox 593 1978 676 2040; x_wconf 77' lang='grc' dir='ltr'>ἔτι</span> <span class='ocrx_word' id='word_1_93' title='bbox 708 2000 847 2058; x_wconf 87' lang='grc' dir='ltr'><strong><em>μιν,</em></strong></span> <span class='ocrx_word' id='word_1_94' title='bbox 880 1976 965 2038; x_wconf 80' lang='grc' dir='ltr'>ἔτι</span> <span class='ocrx_word' id='word_1_95' title='bbox 984 1975 1227 2057; x_wconf 80' lang='grc' dir='ltr'><strong><em>βρέφος,</em></strong></span> <span class='ocrx_word' id='word_1_96' title='bbox 1251 1976 1335 2038; x_wconf 78' lang='grc' dir='ltr'>ἔτι</span> <span class='ocrx_word' id='word_1_97' title='bbox 1358 1978 1535 2055; x_wconf 83' lang='grc' dir='ltr'><strong><em>φίλας</em></strong></span> <span class='ocrx_word' id='word_1_98' title='bbox 1807 1974 2014 2057; x_wconf 79' lang='grc' dir='ltr'><strong><em>γέλασε</em></strong></span> <span class='ocrx_word' id='word_1_99' title='bbox 2034 1972 2097 2036; x_wconf 88' lang='grc' dir='ltr'>δ’</span> <span class='ocrx_word' id='word_1_100' title='bbox 2130 1934 2226 2036; x_wconf 53' lang='lat' dir='ltr'>ott</span> <span class='ocrx_word' id='word_1_101' title='bbox 2244 1973 2409 2050; x_wconf 83' lang='grc' dir='ltr'><strong><em>τέκος</em></strong></span> <span class='ocrx_word' id='word_1_102' title='bbox 2431 1974 2599 2054; x_wconf 78' lang='grc' dir='ltr'><strong><em>ιἰἷφαρ</em></strong></span> <span class='ocrx_word' id='word_1_103' title='bbox 2623 1975 2753 2057; x_wconf 77' lang='grc' dir='ltr'><strong><em>ἔβα,</em></strong></span> 
     </span>
     <span class='ocr_line' id='line_1_21' title="bbox 593 2057 2757 2144; baseline -0.002 -19"><span class='ocrx_word' id='word_1_104' title='bbox 593 2062 687 2125; x_wconf 72' lang='grc' dir='ltr'>ἐπὶ</span> <span class='ocrx_word' id='word_1_105' title='bbox 730 2061 975 2144; x_wconf 84' lang='grc' dir='ltr'><strong><em>ματέρος</em></strong></span> <span class='ocrx_word' id='word_1_106' title='bbox 1020 2060 1337 2144; x_wconf 73' lang='grc' dir='ltr'><strong><em>ἀγκάλαισι</em></strong></span> <span class='ocrx_word' id='word_1_107' title='bbox 1368 2062 1535 2143; x_wconf 87' lang='grc' dir='ltr'><strong><em>θρω’-</em></strong></span> <span class='ocrx_word' id='word_1_108' title='bbox 1645 2071 1773 2120; x_wconf 80' lang='lat'>1275</span> <span class='ocrx_word' id='word_1_109' title='bbox 1804 2057 2150 2141; x_wconf 76' lang='grc' dir='ltr'><strong><em>πολύχρυσα</em></strong></span> <span class='ocrx_word' id='word_1_110' title='bbox 2171 2058 2757 2142; x_wconf 84' lang='grc' dir='ltr'><strong><em>θέλωνλατρεύματα</em></strong></span> 
     </span>
     <span class='ocr_line' id='line_1_22' title="bbox 831 2152 2228 2207; baseline 0 0"><span class='ocrx_word' id='word_1_111' title='bbox 831 2166 901 2207; x_wconf 85' lang='grc' dir='ltr'>σκ</span> <span class='ocrx_word' id='word_1_112' title='bbox 2046 2163 2081 2205; x_wconf 91' lang='grc' dir='ltr'><strong><em>σ</em></strong></span> <span class='ocrx_word' id='word_1_113' title='bbox 2118 2152 2228 2207; x_wconf 87' lang='grc' dir='ltr'><strong><em>εἴν.</em></strong></span> 
     </span>
     <span class='ocr_line' id='line_1_23' title="bbox 592 2169 2543 2313; baseline -0.002 -20"><span class='ocrx_word' id='word_1_114' title='bbox 592 2233 799 2307; x_wconf 78' lang='grc' dir='ltr'><strong><em>ἔκανες</em></strong></span> <span class='ocrx_word' id='word_1_115' title='bbox 833 2226 885 2295; x_wconf 75' lang='grc' dir='ltr'><strong><em>ὦ</em></strong></span> <span class='ocrx_word' id='word_1_116' title='bbox 905 2172 1136 2313; x_wconf 47' lang='lat' dir='ltr'>(geist,</span> <span class='ocrx_word' id='word_1_117' title='bbox 1159 2232 1451 2312; x_wconf 87' lang='grc' dir='ltr'><strong><em>μαντείων</em></strong></span> <span class='ocrx_word' id='word_1_118' title='bbox 1477 2230 1532 2291; x_wconf 90' lang='grc' dir='ltr'>δ’</span> <span class='ocrx_word' id='word_1_119' title='bbox 1811 2228 1934 2291; x_wconf 75' lang='grc' dir='ltr'><strong><em>ἐπεὶ</em></strong></span> <span class='ocrx_word' id='word_1_120' title='bbox 1979 2232 2044 2291; x_wconf 88' lang='grc' dir='ltr'>δ’</span> <span class='ocrx_word' id='word_1_121' title='bbox 2081 2169 2277 2292; x_wconf 43' lang='grc' dir='ltr'><strong><em>ἔσεισε</em></strong></span> <span class='ocrx_word' id='word_1_122' title='bbox 2319 2231 2543 2310; x_wconf 84' lang='grc' dir='ltr'><strong><em>κόμαν,</em></strong></span> 
     </span>
     <span class='ocr_line' id='line_1_24' title="bbox 835 2312 2627 2399; baseline 0 -20"><span class='ocrx_word' id='word_1_123' title='bbox 835 2316 967 2380; x_wconf 76' lang='grc' dir='ltr'><strong><em>ἐπέ·</em></strong></span> <span class='ocrx_word' id='word_1_124' title='bbox 1809 2324 2008 2377; x_wconf 74' lang='grc' dir='ltr'><strong><em>παῦσε</em></strong></span> <span class='ocrx_word' id='word_1_125' title='bbox 2052 2316 2296 2395; x_wconf 88' lang='grc' dir='ltr'><strong><em>νυχίους</em></strong></span> <span class='ocrx_word' id='word_1_126' title='bbox 2339 2312 2627 2399; x_wconf 88' lang='grc' dir='ltr'><strong><em>ὀνείρους.</em></strong></span> 
     </span>
     <span class='ocr_line' id='line_1_25' title="bbox 591 2400 1541 2484; baseline -0.001 -20"><span class='ocrx_word' id='word_1_127' title='bbox 591 2406 704 2484; x_wconf 89' lang='grc' dir='ltr'>βας</span> <span class='ocrx_word' id='word_1_128' title='bbox 759 2401 1025 2482; x_wconf 80' lang='grc' dir='ltr'><strong><em>ζαθέων,</em></strong></span> <span class='ocrx_word' id='word_1_129' title='bbox 1083 2402 1319 2482; x_wconf 87' lang='grc' dir='ltr'><strong><em>τρίποδί</em></strong></span> <span class='ocrx_word' id='word_1_130' title='bbox 1369 2400 1423 2463; x_wconf 84' lang='grc' dir='ltr'><strong><em>τ’</em></strong></span> <span class='ocrx_word' id='word_1_131' title='bbox 1474 2400 1541 2464; x_wconf 79' lang='grc' dir='ltr'><strong><em>ἕν</em></strong></span> 
     </span>
     <span class='ocr_line' id='line_1_26' title="bbox 828 2476 2435 2591; baseline -0.004 -43"><span class='ocrx_word' id='word_1_132' title='bbox 828 2486 1069 2591; x_wconf 84' lang='grc' dir='ltr'><strong><em>χρυσέω</em></strong></span> <span class='ocrx_word' id='word_1_133' title='bbox 1809 2476 1930 2545; x_wconf 80' lang='grc' dir='ltr'>ἆπό</span> <span class='ocrx_word' id='word_1_134' title='bbox 1978 2482 2042 2545; x_wconf 76' lang='grc' dir='ltr'>δὲ</span> <span class='ocrx_word' id='word_1_135' title='bbox 2084 2484 2435 2546; x_wconf 81' lang='grc' dir='ltr'><strong><em>λαθοσύναν</em></strong></span> 
     </span>
     <span class='ocr_line' id='line_1_27' title="bbox 594 2560 2664 2673; baseline -0.001 -40"><span class='ocrx_word' id='word_1_136' title='bbox 594 2569 874 2653; x_wconf 83' lang='grc' dir='ltr'><strong><em>θάσσεις,</em></strong></span> <span class='ocrx_word' id='word_1_137' title='bbox 924 2573 990 2634; x_wconf 77' lang='grc' dir='ltr'><strong><em>ἐν</em></strong></span> <span class='ocrx_word' id='word_1_138' title='bbox 1032 2567 1297 2673; x_wconf 82' lang='grc' dir='ltr'><strong><em>άψευδεῖ</em></strong></span> <span class='ocrx_word' id='word_1_139' title='bbox 1330 2570 1540 2656; x_wconf 87' lang='grc' dir='ltr'><strong><em>θρόνω</em></strong></span> <span class='ocrx_word' id='word_1_140' title='bbox 1811 2560 2131 2631; x_wconf 85' lang='grc' dir='ltr'><strong><em>νυκτωπὸν</em></strong></span> <span class='ocrx_word' id='word_1_141' title='bbox 2175 2568 2351 2644; x_wconf 76' lang='grc' dir='ltr'><strong><em>ἐξεῖλε</em></strong></span> <span class='ocrx_word' id='word_1_142' title='bbox 2396 2573 2664 2652; x_wconf 64' lang='grc' dir='ltr'><strong><em>βροτῶν,</em></strong></span> 
     </span>
     <span class='ocr_line' id='line_1_28' title="bbox 428 2653 2754 2740; baseline 0 -24"><span class='ocrx_word' id='word_1_143' title='bbox 428 2669 558 2717; x_wconf 77' lang='lat'>1255</span> <span class='ocrx_word' id='word_1_144' title='bbox 595 2659 873 2735; x_wconf 83' lang='grc' dir='ltr'><strong><em>μαντείας</em></strong></span> <span class='ocrx_word' id='word_1_145' title='bbox 902 2661 1132 2738; x_wconf 85' lang='grc' dir='ltr'><strong><em>βροτοῖς</em></strong></span> <span class='ocrx_word' id='word_1_146' title='bbox 1157 2681 1232 2718; x_wconf 77' lang='lat' dir='ltr'>m</span> <span class='ocrx_word' id='word_1_147' title='bbox 1235 2659 1538 2736; x_wconf 85' lang='grc' dir='ltr'><strong><em>αφαίνων,</em></strong></span> <span class='ocrx_word' id='word_1_148' title='bbox 1646 2667 1776 2715; x_wconf 73' lang='lat'>1280</span> <span class='ocrx_word' id='word_1_149' title='bbox 1810 2655 1910 2716; x_wconf 79' lang='grc' dir='ltr'><strong><em>καὶ</em></strong></span> <span class='ocrx_word' id='word_1_150' title='bbox 1939 2678 2110 2733; x_wconf 84' lang='grc' dir='ltr'><strong><em>τιμας</em></strong></span> <span class='ocrx_word' id='word_1_151' title='bbox 2140 2653 2320 2716; x_wconf 86' lang='grc' dir='ltr'><strong><em>πάλιν</em></strong></span> <span class='ocrx_word' id='word_1_152' title='bbox 2349 2658 2504 2735; x_wconf 84' lang='grc' dir='ltr'><strong><em>θῆκε</em></strong></span> <span class='ocrx_word' id='word_1_153' title='bbox 2539 2657 2754 2740; x_wconf 84' lang='grc' dir='ltr'><strong><em>Λοξία,</em></strong></span> 
     </span>
     <span class='ocr_line' id='line_1_29' title="bbox 593 2737 2560 2839; baseline -0.001 -37"><span class='ocrx_word' id='word_1_154' title='bbox 593 2737 919 2820; x_wconf 82' lang='grc' dir='ltr'><strong><em>θεσφάτων</em></strong></span> <span class='ocrx_word' id='word_1_155' title='bbox 963 2741 1121 2820; x_wconf 79' lang='grc' dir='ltr'><strong><em>ἐμων</em></strong></span> <span class='ocrx_word' id='word_1_156' title='bbox 1164 2738 1439 2820; x_wconf 81' lang='grc' dir='ltr'><strong><em>ἆδυτων,</em></strong></span> <span class='ocrx_word' id='word_1_157' title='bbox 1811 2741 2136 2839; x_wconf 89' lang='grc' dir='ltr'><strong><em>πολυάνορι</em></strong></span> <span class='ocrx_word' id='word_1_158' title='bbox 2181 2737 2240 2800; x_wconf 87' lang='grc' dir='ltr'>δ’</span> <span class='ocrx_word' id='word_1_159' title='bbox 2289 2739 2356 2802; x_wconf 82' lang='grc' dir='ltr'>έν</span> <span class='ocrx_word' id='word_1_160' title='bbox 2399 2741 2560 2815; x_wconf 79' lang='grc' dir='ltr'><strong><em>ξενό-</em></strong></span> 
     </span>
     <span class='ocr_line' id='line_1_30' title="bbox 593 2821 2702 2923; baseline 0 -36"><span class='ocrx_word' id='word_1_161' title='bbox 593 2824 747 2904; x_wconf 81' lang='grc' dir='ltr'><strong><em>ὖπὲρ</em></strong></span> <span class='ocrx_word' id='word_1_162' title='bbox 796 2827 1132 2901; x_wconf 84' lang='grc' dir='ltr'><strong><em>Κασταλίας</em></strong></span> <span class='ocrx_word' id='word_1_163' title='bbox 1178 2825 1449 2923; x_wconf 75' lang='grc' dir='ltr'><strong><em>ῥεέθρων</em></strong></span> <span class='ocrx_word' id='word_1_164' title='bbox 1588 2856 1593 2869; x_wconf 91' lang='grc'><em>·</em></span> <span class='ocrx_word' id='word_1_165' title='bbox 1812 2847 1932 2886; x_wconf 88' lang='grc' dir='ltr'><strong><em>εντι</em></strong></span> <span class='ocrx_word' id='word_1_166' title='bbox 1977 2821 2184 2908; x_wconf 77' lang='grc' dir='ltr'><strong><em>θρόνῳ</em></strong></span> <span class='ocrx_word' id='word_1_167' title='bbox 2228 2827 2429 2906; x_wconf 80' lang='grc' dir='ltr'><strong><em>θάρση</em></strong></span> <span class='ocrx_word' id='word_1_168' title='bbox 2471 2830 2702 2908; x_wconf 85' lang='grc' dir='ltr'><strong><em>βροτοῖς</em></strong></span> 
     </span>
     <span class='ocr_line' id='line_1_31' title="bbox 594 2907 2441 2994; baseline -0.001 -20"><span class='ocrx_word' id='word_1_169' title='bbox 594 2912 835 2994; x_wconf 79' lang='grc' dir='ltr'><strong><em>γείτων,</em></strong></span> <span class='ocrx_word' id='word_1_170' title='bbox 879 2910 1056 2991; x_wconf 85' lang='grc' dir='ltr'><strong><em>μέσον</em></strong></span> <span class='ocrx_word' id='word_1_171' title='bbox 1100 2922 1210 2992; x_wconf 84' lang='grc' dir='ltr'>γᾶς</span> <span class='ocrx_word' id='word_1_172' title='bbox 1255 2935 1408 2991; x_wconf 86' lang='grc' dir='ltr'><strong><em>εχων</em></strong></span> <span class='ocrx_word' id='word_1_173' title='bbox 1435 2910 1538 2991; x_wconf 83' lang='grc' dir='ltr'><strong><em>με’-</em></strong></span> <span class='ocrx_word' id='word_1_174' title='bbox 1811 2911 2142 2988; x_wconf 84' lang='grc' dir='ltr'><strong><em>θεσφάτων</em></strong></span> <span class='ocrx_word' id='word_1_175' title='bbox 2183 2907 2441 2984; x_wconf 81' lang='grc' dir='ltr'><strong><em>άοιδαῑς.</em></strong></span> 
     </span>
     <span class='ocr_line' id='line_1_32' title="bbox 500 2997 1079 3076; baseline 0.004 -20"><span class='ocrx_word' id='word_1_176' title='bbox 500 2997 510 3004; x_wconf 79' lang='grc'><strong><em>’</em></strong></span> <span class='ocrx_word' id='word_1_177' title='bbox 831 3000 1079 3076; x_wconf 83' lang='grc' dir='ltr'><strong><em>λαθρον.</em></strong></span> 
     </span>
    </p>
   </div>
   <div class='ocr_carea' id='block_1_9' title="bbox 370 3167 2767 4516">
    <p class='ocr_par' dir='ltr' id='par_1_10' title="bbox 425 3167 2767 4348">
     <span class='ocr_line' id='line_1_33' title="bbox 596 3167 2752 3245; baseline 0.001 -19"><span class='ocrx_word' id='word_1_178' title='bbox 596 3169 690 3226; x_wconf 84' lang='lat' dir='ltr'>En</span> <span class='ocrx_word' id='word_1_179' title='bbox 733 3169 1266 3228; x_wconf 87' lang='lat' dir='ltr'>luculentissimum</span> <span class='ocrx_word' id='word_1_180' title='bbox 1310 3168 1491 3228; x_wconf 87' lang='lat' dir='ltr'>habes</span> <span class='ocrx_word' id='word_1_181' title='bbox 1536 3168 1872 3243; x_wconf 87' lang='lat' dir='ltr'>exemplum</span> <span class='ocrx_word' id='word_1_182' title='bbox 1920 3169 2045 3229; x_wconf 84' lang='lat' dir='ltr'>eius</span> <span class='ocrx_word' id='word_1_183' title='bbox 2077 3167 2250 3243; x_wconf 72' lang='lat' dir='ltr'>tabia,</span> <span class='ocrx_word' id='word_1_184' title='bbox 2299 3188 2448 3244; x_wconf 89' lang='lat' dir='ltr'>quae</span> <span class='ocrx_word' id='word_1_185' title='bbox 2476 3189 2582 3245; x_wconf 87' lang='lat' dir='ltr'>per</span> <span class='ocrx_word' id='word_1_186' title='bbox 2609 3170 2752 3229; x_wconf 85' lang='lat' dir='ltr'>scri-</span> 
     </span>
     <span class='ocr_line' id='line_1_34' title="bbox 428 3252 2759 3331; baseline 0.001 -19"><span class='ocrx_word' id='word_1_187' title='bbox 428 3255 641 3313; x_wconf 85' lang='lat' dir='ltr'>barum</span> <span class='ocrx_word' id='word_1_188' title='bbox 685 3255 1083 3329; x_wconf 71' lang='lat' dir='ltr'>ignorantiam</span> <span class='ocrx_word' id='word_1_189' title='bbox 1127 3257 1303 3329; x_wconf 87' lang='lat' dir='ltr'>atque</span> <span class='ocrx_word' id='word_1_190' title='bbox 1347 3253 1793 3331; x_wconf 71' lang='lat' dir='ltr'>neglegentiam</span> <span class='ocrx_word' id='word_1_191' title='bbox 1823 3252 1978 3311; x_wconf 88' lang='lat' dir='ltr'>haud</span> <span class='ocrx_word' id='word_1_192' title='bbox 2008 3271 2196 3330; x_wconf 89' lang='lat' dir='ltr'>pauca</span> <span class='ocrx_word' id='word_1_193' title='bbox 2225 3255 2593 3329; x_wconf 70' lang='lat' dir='ltr'>tragicorum</span> <span class='ocrx_word' id='word_1_194' title='bbox 2627 3274 2759 3314; x_wconf 85' lang='lat' dir='ltr'>can-</span> 
     </span>
     <span class='ocr_line' id='line_1_35' title="bbox 425 3337 2750 3414; baseline 0 -16"><span class='ocrx_word' id='word_1_195' title='bbox 425 3341 544 3398; x_wconf 91' lang='lat' dir='ltr'>tica</span> <span class='ocrx_word' id='word_1_196' title='bbox 599 3339 822 3398; x_wconf 83' lang='lat' dir='ltr'>invasit</span> <span class='ocrx_word' id='word_1_197' title='bbox 874 3341 934 3398; x_wconf 89' lang='lat' dir='ltr'>et</span> <span class='ocrx_word' id='word_1_198' title='bbox 988 3338 1349 3398; x_wconf 77' lang='lat' dir='ltr'>devastavit!</span> <span class='ocrx_word' id='word_1_199' title='bbox 1440 3339 1511 3397; x_wconf 90' lang='lat' dir='ltr'>In</span> <span class='ocrx_word' id='word_1_200' title='bbox 1569 3357 1687 3414; x_wconf 89' lang='lat' dir='ltr'>qua</span> <span class='ocrx_word' id='word_1_201' title='bbox 1743 3338 2008 3397; x_wconf 84' lang='lat' dir='ltr'>sananda</span> <span class='ocrx_word' id='word_1_202' title='bbox 2053 3355 2185 3396; x_wconf 90' lang='lat' dir='ltr'>cum</span> <span class='ocrx_word' id='word_1_203' title='bbox 2230 3338 2589 3397; x_wconf 85' lang='lat' dir='ltr'>laudabilem</span> <span class='ocrx_word' id='word_1_204' title='bbox 2632 3337 2750 3399; x_wconf 63' lang='lat' dir='ltr'>iain</span> 
     </span>
     <span class='ocr_line' id='line_1_36' title="bbox 434 3422 2767 3500; baseline -0 -17"><span class='ocrx_word' id='word_1_205' title='bbox 434 3427 663 3500; x_wconf 85' lang='lat' dir='ltr'>priores</span> <span class='ocrx_word' id='word_1_206' title='bbox 727 3423 864 3482; x_wconf 87' lang='lat' dir='ltr'>inde</span> <span class='ocrx_word' id='word_1_207' title='bbox 932 3443 967 3480; x_wconf 87' lang='lat' dir='ltr'>a</span> <span class='ocrx_word' id='word_1_208' title='bbox 1022 3422 1287 3482; x_wconf 84' lang='lat' dir='ltr'>Seidlero</span> <span class='ocrx_word' id='word_1_209' title='bbox 1345 3424 1605 3483; x_wconf 80' lang='lat' dir='ltr'>editores</span> <span class='ocrx_word' id='word_1_210' title='bbox 1661 3422 1972 3497; x_wconf 72' lang='lat' dir='ltr'>posuerint</span> <span class='ocrx_word' id='word_1_211' title='bbox 2025 3441 2294 3498; x_wconf 83' lang='lat' dir='ltr'>operam,</span> <span class='ocrx_word' id='word_1_212' title='bbox 2363 3442 2566 3482; x_wconf 84' lang='lat' dir='ltr'>eorum</span> <span class='ocrx_word' id='word_1_213' title='bbox 2621 3443 2767 3500; x_wconf 85' lang='lat' dir='ltr'>quas</span> 
     </span>
     <span class='ocr_line' id='line_1_37' title="bbox 428 3506 2764 3585; baseline -0.001 -17"><span class='ocrx_word' id='word_1_214' title='bbox 428 3509 723 3585; x_wconf 82' lang='lat' dir='ltr'>adoptare</span> <span class='ocrx_word' id='word_1_215' title='bbox 766 3527 887 3567; x_wconf 89' lang='lat' dir='ltr'>non</span> <span class='ocrx_word' id='word_1_216' title='bbox 932 3506 1205 3566; x_wconf 84' lang='lat' dir='ltr'>dubitavi</span> <span class='ocrx_word' id='word_1_217' title='bbox 1249 3509 1508 3567; x_wconf 89' lang='lat' dir='ltr'>medelas</span> <span class='ocrx_word' id='word_1_218' title='bbox 1552 3507 1815 3568; x_wconf 83' lang='lat' dir='ltr'>breviter</span> <span class='ocrx_word' id='word_1_219' title='bbox 1854 3526 2230 3566; x_wconf 83' lang='lat' dir='ltr'>enumerasse</span> <span class='ocrx_word' id='word_1_220' title='bbox 2272 3508 2416 3568; x_wconf 86' lang='lat' dir='ltr'>satis</span> <span class='ocrx_word' id='word_1_221' title='bbox 2447 3511 2554 3584; x_wconf 85' lang='lat' dir='ltr'>est,</span> <span class='ocrx_word' id='word_1_222' title='bbox 2599 3527 2764 3568; x_wconf 83' lang='lat' dir='ltr'>accu-</span> 
     </span>
     <span class='ocr_line' id='line_1_38' title="bbox 427 3591 2754 3669; baseline 0 -17"><span class='ocrx_word' id='word_1_223' title='bbox 427 3595 615 3652; x_wconf 85' lang='lat' dir='ltr'>ratius</span> <span class='ocrx_word' id='word_1_224' title='bbox 659 3593 751 3665; x_wconf 83' lang='lat' dir='ltr'>iis,</span> <span class='ocrx_word' id='word_1_225' title='bbox 799 3611 946 3667; x_wconf 88' lang='lat' dir='ltr'>quas</span> <span class='ocrx_word' id='word_1_226' title='bbox 990 3591 1064 3652; x_wconf 87' lang='lat' dir='ltr'>ab</span> <span class='ocrx_word' id='word_1_227' title='bbox 1109 3593 1231 3652; x_wconf 88' lang='lat' dir='ltr'>illis</span> <span class='ocrx_word' id='word_1_228' title='bbox 1260 3593 1499 3653; x_wconf 89' lang='lat' dir='ltr'>relictas</span> <span class='ocrx_word' id='word_1_229' title='bbox 1528 3595 1658 3669; x_wconf 85' lang='lat' dir='ltr'>ipse</span> <span class='ocrx_word' id='word_1_230' title='bbox 1687 3591 1950 3668; x_wconf 83' lang='lat' dir='ltr'>adhibui,</span> <span class='ocrx_word' id='word_1_231' title='bbox 1999 3593 2305 3651; x_wconf 60' lang='lat' dir='ltr'>enarratis».</span> <span class='ocrx_word' id='word_1_232' title='bbox 2378 3592 2470 3652; x_wconf 89' lang='lat' dir='ltr'>Ac</span> <span class='ocrx_word' id='word_1_233' title='bbox 2498 3595 2754 3669; x_wconf 86' lang='lat' dir='ltr'>primum</span> 
     </span>
     <span class='ocr_line' id='line_1_39' title="bbox 434 3670 2761 3755; baseline 0 -19"><span class='ocrx_word' id='word_1_234' title='bbox 434 3679 671 3754; x_wconf 84' lang='lat' dir='ltr'>quidem</span> <span class='ocrx_word' id='word_1_235' title='bbox 718 3696 773 3736; x_wconf 87' lang='lat' dir='ltr'>v.</span> <span class='ocrx_word' id='word_1_236' title='bbox 812 3677 973 3736; x_wconf 86' lang='lat'>1235</span> <span class='ocrx_word' id='word_1_237' title='bbox 1012 3671 1384 3752; x_wconf 88' lang='grc' dir='ltr'><strong><em>Δηλιάσιν</em></strong></span> <span class='ocrx_word' id='word_1_238' title='bbox 1426 3696 1537 3754; x_wconf 87' lang='lat' dir='ltr'>pro</span> <span class='ocrx_word' id='word_1_239' title='bbox 1585 3675 1793 3753; x_wconf 84' lang='grc' dir='ltr'><strong><em>δηλίας</em></strong></span> <span class='ocrx_word' id='word_1_240' title='bbox 1839 3670 1905 3734; x_wconf 74' lang='grc' dir='ltr'><strong><em>ἓν</em></strong></span> <span class='ocrx_word' id='word_1_241' title='bbox 1937 3677 2237 3738; x_wconf 85' lang='lat' dir='ltr'>Seidlerus</span> <span class='ocrx_word' id='word_1_242' title='bbox 2283 3679 2540 3754; x_wconf 85' lang='lat' dir='ltr'>scripsit,</span> <span class='ocrx_word' id='word_1_243' title='bbox 2585 3678 2761 3755; x_wconf 90' lang='lat' dir='ltr'>quod,</span> 
     </span>
     <span class='ocr_line' id='line_1_40' title="bbox 434 3761 2764 3841; baseline -0.001 -21"><span class='ocrx_word' id='word_1_244' title='bbox 434 3763 535 3838; x_wconf 88' lang='lat' dir='ltr'>qui</span> <span class='ocrx_word' id='word_1_245' title='bbox 598 3763 782 3822; x_wconf 88' lang='lat' dir='ltr'>secuti</span> <span class='ocrx_word' id='word_1_246' title='bbox 826 3765 969 3821; x_wconf 87' lang='lat' dir='ltr'>sunt</span> <span class='ocrx_word' id='word_1_247' title='bbox 1012 3762 1303 3836; x_wconf 82' lang='lat' dir='ltr'>editores,</span> <span class='ocrx_word' id='word_1_248' title='bbox 1362 3762 1488 3821; x_wconf 84' lang='lat' dir='ltr'>iure</span> <span class='ocrx_word' id='word_1_249' title='bbox 1531 3766 1882 3838; x_wconf 88' lang='lat' dir='ltr'>receperunt</span> <span class='ocrx_word' id='word_1_250' title='bbox 1925 3779 2153 3825; x_wconf 86' lang='lat' dir='ltr'>omnes.</span> <span class='ocrx_word' id='word_1_251' title='bbox 2243 3761 2392 3820; x_wconf 86' lang='lat' dir='ltr'>Tum</span> <span class='ocrx_word' id='word_1_252' title='bbox 2437 3763 2511 3822; x_wconf 87' lang='lat' dir='ltr'>ad</span> <span class='ocrx_word' id='word_1_253' title='bbox 2557 3779 2764 3841; x_wconf 84' lang='grc' dir='ltr'><strong><em>χρυσο-</em></strong></span> 
     </span>
     <span class='ocr_line' id='line_1_41' title="bbox 431 3843 2764 3923; baseline 0 -19"><span class='ocrx_word' id='word_1_254' title='bbox 431 3843 623 3923; x_wconf 83' lang='grc' dir='ltr'><strong><em>κόμαν</em></strong></span> <span class='ocrx_word' id='word_1_255' title='bbox 678 3847 926 3906; x_wconf 85' lang='lat' dir='ltr'>verbum</span> <span class='ocrx_word' id='word_1_256' title='bbox 986 3808 1345 3922; x_wconf 74' lang='lat' dir='ltr'>pariendi</span> <span class='ocrx_word' id='word_1_257' title='bbox 1401 3849 1732 3907; x_wconf 85' lang='lat' dir='ltr'>necessario</span> <span class='ocrx_word' id='word_1_258' title='bbox 1788 3846 2112 3906; x_wconf 86' lang='lat' dir='ltr'>desiderari</span> <span class='ocrx_word' id='word_1_259' title='bbox 2154 3848 2481 3907; x_wconf 82' lang='lat' dir='ltr'>rectissime</span> <span class='ocrx_word' id='word_1_260' title='bbox 2531 3849 2764 3908; x_wconf 86' lang='lat' dir='ltr'>monuit</span> 
     </span>
     <span class='ocr_line' id='line_1_42' title="bbox 432 3929 2762 4009; baseline 0.001 -18"><span class='ocrx_word' id='word_1_261' title='bbox 432 3932 775 4008; x_wconf 85' lang='lat' dir='ltr'>Schoenius,</span> <span class='ocrx_word' id='word_1_262' title='bbox 824 3932 978 4009; x_wconf 88' lang='lat' dir='ltr'>quod</span> <span class='ocrx_word' id='word_1_263' title='bbox 1026 3951 1154 3992; x_wconf 85' lang='lat' dir='ltr'>cum</span> <span class='ocrx_word' id='word_1_264' title='bbox 1201 3933 1581 4008; x_wconf 84' lang='lat' dir='ltr'>participium</span> <span class='ocrx_word' id='word_1_265' title='bbox 1628 3929 1984 3990; x_wconf 83' lang='grc' dir='ltr'><strong><em>τίκτουσα</em></strong></span> <span class='ocrx_word' id='word_1_266' title='bbox 2030 3932 2214 3994; x_wconf 85' lang='lat' dir='ltr'>fuisse</span> <span class='ocrx_word' id='word_1_267' title='bbox 2241 3937 2483 4007; x_wconf 89' lang='lat' dir='ltr'>recepto</span> <span class='ocrx_word' id='word_1_268' title='bbox 2513 3953 2570 3993; x_wconf 84' lang='lat' dir='ltr'>v.</span> <span class='ocrx_word' id='word_1_269' title='bbox 2601 3934 2762 3993; x_wconf 82' lang='lat'>1240</span> 
     </span>
     <span class='ocr_line' id='line_1_43' title="bbox 433 4007 2763 4095; baseline 0 -19"><span class='ocrx_word' id='word_1_270' title='bbox 433 4017 797 4076; x_wconf 87' lang='lat' dir='ltr'>Seidleriano</span> <span class='ocrx_word' id='word_1_271' title='bbox 854 4012 1089 4095; x_wconf 84' lang='grc' dir='ltr'><strong><em>φέρεν</em></strong></span> <span class='ocrx_word' id='word_1_272' title='bbox 1132 4007 1282 4076; x_wconf 85' lang='grc' dir='ltr'><strong><em>ἶνιν</em></strong></span> <span class='ocrx_word' id='word_1_273' title='bbox 1327 4018 1607 4094; x_wconf 88' lang='lat' dir='ltr'>coniecit,</span> <span class='ocrx_word' id='word_1_274' title='bbox 1665 4018 1910 4093; x_wconf 89' lang='lat' dir='ltr'>propius</span> <span class='ocrx_word' id='word_1_275' title='bbox 1953 4018 2098 4076; x_wconf 89' lang='lat' dir='ltr'>mihi</span> <span class='ocrx_word' id='word_1_276' title='bbox 2143 4037 2322 4094; x_wconf 87' lang='lat' dir='ltr'>quam</span> <span class='ocrx_word' id='word_1_277' title='bbox 2367 4017 2763 4078; x_wconf 86' lang='lat' dir='ltr'>Kirchboffius</span> 
     </span>
     <span class='ocr_line' id='line_1_44' title="bbox 432 4100 2760 4200; baseline 0.001 -41.019"><span class='ocrx_word' id='word_1_278' title='bbox 432 4103 720 4177; x_wconf 84' lang='lat' dir='ltr'>„verbum</span> <span class='ocrx_word' id='word_1_279' title='bbox 776 4100 1013 4160; x_wconf 86' lang='lat' dir='ltr'>finitum</span> <span class='ocrx_word' id='word_1_280' title='bbox 1070 4103 1283 4162; x_wconf 83' lang='lat' dir='ltr'>lacuna</span> <span class='ocrx_word' id='word_1_281' title='bbox 1342 4102 1662 4163; x_wconf 87' lang='lat' dir='ltr'>haustum“</span> <span class='ocrx_word' id='word_1_282' title='bbox 1708 4121 1835 4161; x_wconf 88' lang='lat' dir='ltr'>esse</span> <span class='ocrx_word' id='word_1_283' title='bbox 1878 4105 2047 4162; x_wconf 86' lang='lat' dir='ltr'>ratus</span> <span class='ocrx_word' id='word_1_284' title='bbox 2092 4103 2165 4162; x_wconf 89' lang='lat' dir='ltr'>ab</span> <span class='ocrx_word' id='word_1_285' title='bbox 2209 4103 2519 4200; x_wconf 77' lang='lat' dir='ltr'>Euripidis</span> <span class='ocrx_word' id='word_1_286' title='bbox 2565 4107 2760 4162; x_wconf 79' lang='lat' dir='ltr'>mente</span> 
     </span>
     <span class='ocr_line' id='line_1_45' title="bbox 430 4187 2763 4264; baseline 0 -20"><span class='ocrx_word' id='word_1_287' title='bbox 430 4187 691 4246; x_wconf 84' lang='lat' dir='ltr'>abfuisse</span> <span class='ocrx_word' id='word_1_288' title='bbox 745 4187 1000 4249; x_wconf 82' lang='lat' dir='ltr'>videtur.</span> <span class='ocrx_word' id='word_1_289' title='bbox 1087 4187 1146 4248; x_wconf 86' lang='lat' dir='ltr'>Is</span> <span class='ocrx_word' id='word_1_290' title='bbox 1204 4189 1363 4247; x_wconf 91' lang='lat' dir='ltr'>enim</span> <span class='ocrx_word' id='word_1_291' title='bbox 1421 4188 1703 4263; x_wconf 87' lang='lat' dir='ltr'>quoniam</span> <span class='ocrx_word' id='word_1_292' title='bbox 1763 4187 1875 4246; x_wconf 91' lang='lat' dir='ltr'>hoc</span> <span class='ocrx_word' id='word_1_293' title='bbox 1931 4187 2172 4264; x_wconf 88' lang='lat' dir='ltr'>quidem</span> <span class='ocrx_word' id='word_1_294' title='bbox 2218 4188 2476 4248; x_wconf 89' lang='lat' dir='ltr'>carmine</span> <span class='ocrx_word' id='word_1_295' title='bbox 2521 4188 2763 4247; x_wconf 86' lang='lat' dir='ltr'>chorum</span> 
     </span>
     <span class='ocr_line' id='line_1_46' title="bbox 432 4271 2761 4348; baseline 0.001 -20"><span class='ocrx_word' id='word_1_296' title='bbox 432 4271 823 4330; x_wconf 83' lang='lat' dir='ltr'>celebrantem</span> <span class='ocrx_word' id='word_1_297' title='bbox 875 4273 1017 4331; x_wconf 83' lang='lat' dir='ltr'>fecit</span> <span class='ocrx_word' id='word_1_298' title='bbox 1056 4291 1176 4332; x_wconf 88' lang='lat' dir='ltr'>non</span> <span class='ocrx_word' id='word_1_299' title='bbox 1222 4275 1343 4330; x_wconf 88' lang='lat' dir='ltr'>tam</span> <span class='ocrx_word' id='word_1_300' title='bbox 1379 4273 1677 4348; x_wconf 87' lang='lat' dir='ltr'>Apollinis</span> <span class='ocrx_word' id='word_1_301' title='bbox 1708 4273 2069 4332; x_wconf 89' lang='lat' dir='ltr'>incunabula</span> <span class='ocrx_word' id='word_1_302' title='bbox 2100 4272 2488 4332; x_wconf 87' lang='lat' dir='ltr'>antecedente</span> <span class='ocrx_word' id='word_1_303' title='bbox 2519 4274 2761 4332; x_wconf 88' lang='lat' dir='ltr'>stasimo</span> 
     </span>
    </p>

    <p class='ocr_par' dir='ltr' id='par_1_11' title="bbox 370 4357 2764 4516">
     <span class='ocr_line' id='line_1_47' title="bbox 370 4357 2764 4452; baseline -0.002 -32"><span class='ocrx_word' id='word_1_304' title='bbox 370 4373 401 4420; x_wconf 79' lang='lat'><strong>5</strong></span> <span class='ocrx_word' id='word_1_305' title='bbox 432 4358 697 4430; x_wconf 85' lang='lat' dir='ltr'>cantata,</span> <span class='ocrx_word' id='word_1_306' title='bbox 758 4375 936 4431; x_wconf 89' lang='lat' dir='ltr'>quam</span> <span class='ocrx_word' id='word_1_307' title='bbox 990 4357 1253 4416; x_wconf 83' lang='lat' dir='ltr'>eiusdem</span> <span class='ocrx_word' id='word_1_308' title='bbox 1310 4357 1557 4417; x_wconf 83' lang='lat' dir='ltr'>infantis</span> <span class='ocrx_word' id='word_1_309' title='bbox 1615 4377 1820 4418; x_wconf 85' lang='lat' dir='ltr'>recens</span> <span class='ocrx_word' id='word_1_310' title='bbox 1878 4359 2006 4417; x_wconf 88' lang='lat' dir='ltr'>nati</span> <span class='ocrx_word' id='word_1_311' title='bbox 2051 4358 2312 4417; x_wconf 85' lang='lat' dir='ltr'>facinora</span> <span class='ocrx_word' id='word_1_312' title='bbox 2353 4357 2601 4452; x_wconf 84' lang='lat' dir='ltr'>Delphis</span> <span class='ocrx_word' id='word_1_313' title='bbox 2644 4375 2764 4416; x_wconf 88' lang='lat' dir='ltr'>non</span> 
     </span>
     <span class='ocr_line' id='line_1_48' title="bbox 432 4432 2763 4516; baseline -0.001 -16"><span class='ocrx_word' id='word_1_314' title='bbox 432 4439 567 4500; x_wconf 88' lang='lat' dir='ltr'>Deli</span> <span class='ocrx_word' id='word_1_315' title='bbox 622 4443 964 4516; x_wconf 87' lang='lat' dir='ltr'>perpetrata</span> <span class='ocrx_word' id='word_1_316' title='bbox 1008 4475 1088 4482; x_wconf 97' lang='lat'><strong>—</strong></span> <span class='ocrx_word' id='word_1_317' title='bbox 1134 4460 1309 4515; x_wconf 86' lang='lat' dir='ltr'>quam</span> <span class='ocrx_word' id='word_1_318' title='bbox 1365 4442 1558 4516; x_wconf 82' lang='lat' dir='ltr'>ipsam</span> <span class='ocrx_word' id='word_1_319' title='bbox 1621 4443 1696 4502; x_wconf 92' lang='lat' dir='ltr'>ob</span> <span class='ocrx_word' id='word_1_320' title='bbox 1752 4461 1988 4502; x_wconf 87' lang='lat' dir='ltr'>causam</span> <span class='ocrx_word' id='word_1_321' title='bbox 2033 4443 2242 4503; x_wconf 86' lang='lat' dir='ltr'>statim</span> <span class='ocrx_word' id='word_1_322' title='bbox 2287 4443 2461 4502; x_wconf 89' lang='lat' dir='ltr'>initio</span> <span class='ocrx_word' id='word_1_323' title='bbox 2505 4432 2763 4510; x_wconf 78' lang='grc' dir='ltr'><strong><em>εὔπαις</em></strong></span> 
     </span>
    </p>
   </div>
  </div>
 </body>
</html>
