3132 5129
1321 396 1782 461 —183—

638 553 845 631 λήσειν
890 550 1290 632 ἐννοσίγαιον,
1335 550 1368 613 ὅ
1412 573 1500 611 τοι
1545 547 1718 613 κότον
1762 551 1973 613 ἔνθετο
2016 554 2229 636 θυμῷ,

638 636 936 716 χωόμενος
980 634 1070 697 ὅτι
1114 637 1180 697 οἰ
1215 635 1354 697 υἱὸν
1397 637 1576 714 φίλον
1621 633 1975 712 ἐξαλάωσας.

383 760 499 819 Sed
554 762 705 819 banc
760 778 924 835 spem
986 759 1058 817 ab
1102 759 1233 833 ipso
1292 759 1608 817 excitatam
1667 761 1906 818 tantum
1971 778 2091 819 non
2152 762 2340 818 totam
2386 759 2576 818 eludit
2630 780 2718 834 00,

383 845 543 921 quod
587 845 846 920 primurn
903 844 1142 919 quidem
1198 862 1320 902 non
1363 843 1633 919 Neptuni
1689 844 1793 903 sed
1841 843 1998 903 Solis
2043 845 2133 902 ira
2176 845 2456 903 evitanda
2514 845 2720 904 diffici-

383 930 501 990 lem
546 929 804 989 reditum
853 929 1179 1004 perfectum
1225 928 1300 986 iri
1359 928 1693 1003 praedicat,
1752 929 1964 987 deinde
2008 932 2208 987 autem
2254 930 2354 988 ille
2399 930 2543 988 deus
2602 950 2721 1005 qua

384 1015 613 1075 ratione
656 1033 776 1073 non
837 1014 1045 1073 statim
1099 1034 1136 1073 a
1178 1013 1445 1072 redituro
1503 1012 1608 1071 sed
1653 1014 1792 1071 olim
1838 1033 1873 1072 a
1928 1032 2193 1089 regresso
2247 1015 2568 1090 placandus
2623 1016 2718 1089 sit,

384 1099 647 1176 exponit.
721 1097 888 1159 Circe
929 1117 1099 1174 vero,
1148 1118 1330 1175 quam
1376 1101 1577 1156 tamen
1607 1098 1812 1158 eadem
1857 1117 1960 1175 spe
2004 1102 2359 1158 commotam
2390 1100 2551 1158 Ulixi
2583 1119 2719 1158 con-

385 1184 615 1244 sulendi
663 1183 923 1242 Tiresiae
967 1187 1268 1242 auctorem
1323 1183 1504 1242 fuisse
1562 1183 1850 1257 vidimus,
1908 1184 2164 1259 primum
2222 1183 2494 1259 quidem,
2553 1189 2720 1243 ante-

385 1289 568 1346 quam
613 1289 647 1327 a
690 1267 904 1327 reduce
949 1268 1124 1327 Ulixe
1166 1269 1484 1343 quicquam
1544 1268 1840 1327 sciscitata
1883 1272 2006 1343 est,
2054 1270 2221 1343 quasi
2266 1272 2513 1344 propter
2541 1270 2721 1328 aliam

382 1354 713 1430 quamlibet
778 1372 1013 1412 causam
1072 1353 1147 1410 ad
1205 1351 1426 1412 Orcum
1496 1353 1597 1410 ille
1662 1353 2094 1429 penetraverit,
2164 1355 2280 1411 iam
2341 1373 2447 1413 sua
2506 1357 2718 1430 sponte

386 1439 694 1514 promittit
722 1460 776 1513 .μ
824 1439 902 1495 25
935 1457 1102 1513 sqq.,
1148 1457 1300 1513 quae
1347 1439 1587 1512 exsequi
1635 1438 1905 1497 Thebani
1947 1439 2101 1498 vatis
2147 1439 2390 1498 fuisset:

636 1587 721 1600 —-
771 1591 846 1598 -—
895 1589 968 1598 —
1018 1549 1206 1633 αὐτὰρ
1251 1551 1364 1655 ἐγὼ
1423 1554 1638 1628 δείξω
1683 1549 1860 1615 ὁδὸν
1901 1546 2009 1632 ἠδὲ
2055 1551 2330 1615 ἕκαστα

638 1636 1018 1744 σημανέἏω,
1066 1638 1168 1744 ἵνα
1211 1661 1391 1741 μηῖτι
1425 1640 1810 1741 ’κακορραφίῃ
1854 1634 2129 1740 ἆλεχεινῇ

632 1721 677 1803 ἢ
717 1722 859 1797 αλὸς
902 1748 940 1803 η
997 1721 1093 1783 έπι
1137 1732 1248 1804 γῆς
1290 1728 1574 1804 αλγησετε
1617 1733 1783 1802 πῆμα
1827 1729 2165 1802 παθοντες,

377 1850 587 1923 postea
631 1864 802 1920 vero,
848 1864 1028 1921 quam
1083 1849 1144 1905 et
1185 1840 1505 1922 ἐξερέεινεν
1548 1840 1768 1902 ἕκαστα
1811 1850 1874 1905 et
1914 1845 2017 1903 ille
2061 1847 2115 1904 ei
2159 1841 2356 1903 πάντα
2399 1834 2548 1903 κατὰ
2589 1850 2719 1923 μοῖ-

381 1953 495 2006 ραν
539 1926 802 2002 κατέλεξε
848 1963 929 1973 -
972 1951 1013 2005 μ
1059 1932 1138 1988 34
1170 1949 1259 2005 sq.
1307 1961 1422 2004 —-,
1469 1949 1577 1990 nec
1631 1935 1759 1990 tum
1814 1931 2127 2006 quicquam
2199 1932 2415 1991 mirata
2470 1931 2719 1991 veracis-

381 2017 520 2077 simi
569 2017 724 2075 vatis
771 2015 1271 2089 taciturnitatem,
1330 2014 1464 2089 sed,
1522 2016 1692 2090 quasi
1751 2017 1863 2074 iste
1908 2016 2134 2090 optime
2190 2033 2360 2074 suam
2416 2035 2538 2075 rem
2582 2036 2717 2092 ges-

383 2102 595 2175 sisset,
645 2103 714 2159 ut
758 2102 874 2158 iam
919 2100 1162 2175 proprio
1208 2118 1452 2158 munere
1498 2100 1780 2160 iunctura
1823 2102 2119 2176 promissa
2162 2100 2269 2159 illa
2313 2101 2567 2160 exsolvit
2601 2133 2670 2144 —

639 2242 824 2294 ταῦτα
865 2230 978 2311 μὲν
1020 2229 1179 2293 οὕτω
1222 2230 1418 2292 πάντα
1464 2233 1879 2313 πεπείρανται·
1927 2230 2004 2294 σὺ
2050 2229 2117 2293 δ’
2164 2231 2461 2306 ἄκουσον,

630 2316 715 2391 ὥς
760 2340 846 2378 τοι
891 2316 1044 2398 έγών
1087 2315 1256 2398 ἐρέω·
1302 2312 1513 2395 μνήσει
1558 2315 1626 2378 δέ
1671 2335 1735 2379 σε
1782 2316 1882 2378 καὶ
1927 2317 2072 2390 θεὸς
2117 2314 2300 2391 αὐτός
2347 2355 2461 2398 -,

383 2457 702 2533 omniaque
778 2456 1069 2532 explicat,
1146 2476 1298 2532 quae
1372 2457 1443 2515 ad
1519 2456 1945 2532 perficiendum
2018 2457 2274 2515 reditum
2341 2458 2489 2517 scire
2556 2457 2717 2516 Ulixi

379 2562 529 2620 opus
573 2545 720 2602 erat.

557 2627 845 2687 Consulto
900 2627 973 2685 ab
1043 2628 1173 2702 ipsa
1227 2627 1327 2685 Ne
1343 2627 1533 2702 cyia,
1592 2647 1770 2703 quam
1837 2628 1900 2685 in
1956 2629 2253 2703 postrema
2307 2628 2720 2688 dissertatione

377 2715 710 2773 accuratius
763 2715 1128 2772 tractaturus
1183 2732 1344 2787 sum,
1402 2711 1830 2772 consideranda
1873 2732 2117 2788 prorsus
2164 2713 2457 2788 abstinui,
2517 2733 2721 2788 quam-

373 2816 557 2874 quam
606 2798 784 2855 etiam
848 2816 920 2867 ex
983 2796 1269 2871 peculiari
1322 2798 1450 2856 eius
1495 2800 1850 2873 argumento
1907 2800 2085 2873 atque
2141 2798 2429 2873 singulari
2488 2799 2719 2857 ratione

377 2882 598 2942 indicia
663 2882 786 2957 peti
854 2884 1136 2956 poterant
1211 2882 1284 2939 ad
1351 2886 1621 2941 nostram
1689 2884 2043 2941 sententiam
2103 2882 2550 2958 stabiliendam,
2598 2903 2722 2958 qua

380 2967 550 3026 illam
607 2967 988 3042 rhapsodiam
1059 2966 1215 3024 haud
1273 2967 1594 3025 absurdam
1659 2967 1928 3041 profecto
1989 2988 2024 3025 a
2079 2968 2408 3027 recentiore
2463 2968 2718 3043 quodam

375 3055 554 3127 poeta
606 3070 675 3110 eo
721 3051 969 3110 consilio
1014 3054 1357 3126 conceptam
1399 3052 1737 3126 factamque
1767 3052 2023 3124 arbitor,
2073 3055 2140 3111 ut
2183 3072 2312 3112 eam
2357 3055 2549 3113 nostri
2595 3070 2718 3110 car-

383 3137 563 3195 minis
622 3137 877 3212 apologo
934 3136 1357 3211 interponeret.
1442 3135 1559 3204 Qui
1624 3139 1803 3211 poeta
1869 3141 2070 3195 utrum
2129 3140 2360 3195 tantum
2415 3138 2717 3212 antiquius

375 3240 614 3280 carmen
672 3240 845 3280 suum
899 3221 961 3279 in
1019 3239 1192 3280 usum
1248 3222 1613 3280 converterit
1674 3240 1751 3280 an
1810 3238 1916 3279 sua
1970 3223 2140 3280 Musa
2194 3241 2436 3297 prorsus
2496 3241 2715 3281 novum

373 3306 738 3381 condiderit,
787 3323 1115 3381 „quaerere
1158 3305 1364 3365 distuli
1409 3323 1516 3364 nec
1561 3306 1712 3365 scire
1760 3307 1847 3365 sas
1891 3310 1985 3364 est
2027 3306 2299 3381 omnia“;
2348 3307 2717 3380 probabilius

377 3394 579 3450 tamen
624 3391 737 3450 hoc
781 3410 960 3465 quam
1002 3389 1151 3448 illud
1196 3390 1340 3449 mibi
1387 3390 1648 3449 videtur.

547 3475 821 3551 Denique
865 3495 938 3533 ex
991 3477 1200 3534 nostro
1245 3475 1588 3551 Apologo
1652 3476 1778 3534 sine
1825 3476 1948 3534 ullo
1994 3476 2305 3551 dispendio
2348 3480 2455 3535 aut
2497 3478 2718 3536 incom-

374 3561 556 3620 modo
599 3560 891 3637 Necyiam
936 3561 999 3619 et
1042 3578 1195 3634 quae
1241 3578 1371 3617 cum
1405 3579 1475 3618 ea
1503 3560 1819 3619 cohaerent
1861 3561 1995 3619 tolli
2026 3579 2199 3636 posse
2233 3562 2459 3636 optime
2504 3561 2717 3621 facilli-

374 3664 588 3721 meque
635 3665 705 3704 ex
748 3645 937 3720 ipsius
981 3644 1258 3704 carminis
1303 3647 1510 3703 tenore
1554 3648 1835 3720 apparet,
1883 3646 2048 3705 cuius
2094 3648 2383 3720 quantum
2427 3665 2579 3721 opus
2624 3651 2716 3706 est

375 3731 535 3789 infra
581 3730 898 3805 descripsi:

714 3862 868 3924 ἔνθα
910 3862 1022 3940 μὲν
1064 3860 1264 3941 ἤματα
1307 3861 1503 3922 πάντα
1551 3860 1906 3944 τελεσφόρον
1960 3863 2043 3936 είς
2090 3861 2369 3924 ἐνιαυτὸν
2547 3889 2580 3922 κ
2615 3873 2715 3923 467

633 3945 861 4028 ἥμεθα,
906 3948 1258 4025 δαινύμενοι
1301 3944 1442 4026 κρέα
1489 3942 1544 4007 τ’
1592 3945 1820 4008 ἄσπετα
1866 3947 1968 4008 καὶ
2008 3944 2171 4024 μέθυ
2214 3943 2367 4027 ἡδύ·

633 4029 767 4094 ἀλλ’
814 4031 911 4094 ὅτε
954 4032 1032 4111 δή
1079 4028 1136 4113 ῤ’
1186 4029 1455 4105 ἐνιαυτὸς
1501 4030 1639 4110 ἔην,
1685 4031 1818 4113 περὶ
1859 4028 1921 4092 δ’
1971 4031 2225 4111 ἔτραπον
2267 4026 2438 4114 ὧραι,

627 4116 729 4178 καὶ
772 4117 900 4179 τότε
942 4113 1008 4197 μ’
1059 4113 1475 4190 ἐκκαλέσαντες
1522 4114 1677 4192 ἔφαν
1722 4115 1947 4197 ἐρίηρες
1994 4115 2245 4193 ἑταῖροι·
2615 4126 2713 4176 471

718 4200 1055 4282 ,,δαιμόνι’,
1100 4201 1219 4281 ἤδη
1264 4211 1381 4263 νῦν
1422 4202 1751 4281 μιμνήσκεο
1794 4203 2076 4283 πατρίδος
2121 4202 2282 4283 αἴης,

632 4286 697 4349 εἴ
734 4309 822 4347 τοι
865 4286 1184 4362 θέσφατόν
1226 4284 1348 4347 ἔστι
1392 4290 1713 4366 σαωθῆναι
1756 4286 1859 4348 καὶ
1903 4285 2142 4349 ίκέσθαι

628 4365 797 4434 οἷκον
839 4371 900 4446 ές
945 4367 1266 4453 ὑψόροφον
1321 4370 1424 4433 καὶ
1467 4373 1584 4452 σὴν
1626 4371 1687 4446 ές
1732 4373 1987 4453 πατρίδα
2030 4375 2282 4454 γαΐαν.“

716 4450 802 4530 αἷς
846 4455 1022 4535 ἔφαν,
1065 4454 1258 4537 αὐτὰρ
1303 4456 1437 4536 ἐμοί
1473 4454 1534 4538 y’
1584 4455 1931 4521 ἐπεπείθετο
1972 4457 2175 4538 θυμὸς
2218 4455 2478 4541 ἀγήνωρ.
2612 4468 2713 4517 476

2762 567 2793 613 5

2746 4046 2778 4093 6
