3132 5129
1396 400 1859 463 —478—

467 559 566 632 pia
610 558 916 615 Musarum
963 558 1183 617 favoris
1227 557 1614 632 confidentia,
1664 576 1782 632 quo
1828 578 1888 616 se
1936 577 2171 634 quoque
2214 561 2288 616 ut
2328 561 2555 619 ceteros
2600 580 2637 618 a
2673 560 2810 619 libi-

469 642 673 700 dinum
719 642 1012 701 illecebris
1058 644 1349 701 intactum
1395 643 1520 701 fore
1565 645 1784 717 sperat.

638 726 822 786 Vides
868 727 976 786 hac
1004 728 1497 802 interpretatione
1526 729 1705 799 etiam
1736 728 2247 802 desperatissimos
2281 747 2483 788 versus
2518 729 2596 787 29
2629 731 2692 787 et
2723 732 2813 788 30

470 830 591 869 non
646 810 843 870 solum
898 812 1198 871 commode
1251 812 1516 887 expediri
1576 831 1746 886 posse
1807 813 1910 870 sed
1969 831 2208 888 prorsus
2263 815 2624 873 necessarios
2678 833 2810 873 esse

469 914 577 953 nec
622 897 695 955 de
740 897 1022 955 mutando
1067 893 1303 974 παρών,
1350 915 1466 971 quo
1513 916 1682 955 suam
1726 898 1883 955 inter
1928 898 2281 957 domesticos
2329 902 2596 972 pastores
2643 917 2804 958 com·

471 981 860 1039 morationem
905 982 1155 1056 indicat,
1204 982 1456 1058 cogitari
1500 1000 1689 1056 posse.
1765 981 1882 1039 Sed
1929 983 2079 1041 illud
2126 979 2357 1057 τήνοισι
2403 984 2528 1041 sive
2558 982 2810 1041 κείνοισι

371 1077 439 1123 13
468 1084 828 1140 quamquam
877 1066 1113 1125 defendi
1158 1069 1358 1142 potest
1412 1067 1598 1124 relato
1643 1066 2109 1125 demonstrativo
2171 1068 2518 1143 pronomine
2574 1067 2647 1125 ad
2708 1089 2808 1142 pa-

468 1150 647 1208 triam
703 1152 848 1210 satis
902 1170 1037 1213 cum
1092 1151 1238 1209 alias
1307 1155 1433 1208 tum
1487 1170 1542 1208 v.
1607 1152 1684 1209 26
1713 1166 1721 1173 ·
1749 1146 2064 1228 πέτραισιν
2118 1144 2449 1229 ‘Tmolum
2509 1185 2593 1194 -—
2648 1153 2808 1228 quod

468 1238 674 1308 postea
717 1236 781 1292 in
826 1254 942 1294 uno
989 1236 1188 1295 codice
1234 1237 1541 1294 inventum
1572 1235 1816 1311 Bergkii
1860 1255 2105 1295 acumen
2151 1238 2268 1295 iam
2300 1241 2475 1318 antea
2503 1237 2809 1296 detexerat

471 1351 547 1360 -
594 1320 941 1395 indicatam,
1011 1324 1208 1379 tamen
1274 1319 1432 1378 haud
1498 1320 1619 1378 scio
1677 1340 1752 1377 an
1808 1321 1985 1395 paulo
2045 1323 2259 1381 clarius
2318 1325 2582 1380 mentem
2637 1341 2803 1380 suam

466 1407 644 1478 poeta
687 1405 1060 1479 explicuerit.
1137 1406 1218 1463 Et
1263 1405 1594 1463 Ahrensius
1639 1404 1874 1480 quidem
1923 1407 2312 1463 Σικελοῐσι
2360 1407 2643 1482 coniecit,
2690 1426 2806 1483 ego

468 1507 606 1546 vero
650 1508 722 1546 ex
767 1489 1117 1548 scholiastae
1163 1488 1388 1564 verbis,
1447 1508 1598 1564 quae
1643 1489 1963 1549 Triclinius
2021 1492 2291 1565 repetiit,
2351 1486 2414 1547 τὸ
2475 1487 2646 1565 μέλος
2701 1499 2808 1566 τῆς

468 1565 635 1651 ᾠδῆς
704 1573 805 1647 τῆς
860 1570 1004 1651 παρ’
1067 1569 1210 1650 ἡμῖν
1264 1576 1463 1648 potius
1527 1569 1648 1630 καὶ
1713 1569 1951 1648 ἐμοῖσι
2006 1576 2382 1634 scribendum
2441 1577 2801 1649 putaverim.

468 1657 541 1714 V.
590 1660 700 1732 30,
748 1678 922 1732 quem
969 1678 1141 1718 nemo
1186 1657 1483 1716 intellexit
1535 1659 1775 1732 quidam
1822 1659 2198 1735 desperantes
2243 1661 2570 1734 eiecerunt,
2629 1661 2802 1719 initio

464 1737 547 1818 μή
594 1761 715 1799 κεν
761 1744 969 1819 scripsi
1014 1763 1121 1818 pro
1164 1736 1407 1819 μηκέτ’,
1453 1747 1516 1800 et
1562 1744 1624 1801 in
1669 1744 1936 1803 clausula
1993 1738 2169 1819 φύσω
2214 1745 2330 1803 iam
2389 1764 2423 1803 a
2479 1744 2804 1804 scholiasta

464 1827 688 1886 lectum
732 1831 1054 1901 praeeunte
1102 1827 1355 1889 Graefio.

635 1910 872 1986 Restat,
940 1916 1008 1970 ut
1062 1931 1240 1988 quam
1299 1911 1642 1970 brevissime
1714 1913 1786 1972 de
1841 1914 2181 1989 singulis
2240 1913 2599 1989 quibusdam
2654 1915 2804 1973 locis

468 2013 769 2069 moneam,
820 1997 879 2054 in
922 1998 1141 2072 quibus
1172 1998 1297 2055 fere
1328 1996 1553 2071 aliquid
1602 1998 1740 2056 novi
1786 2018 1822 2055 a
1864 2017 1958 2056 me
1989 1999 2395 2057 introductum
2444 2004 2550 2072 est,
2596 1998 2802 2073 pleris-

466 2099 610 2154 que,
659 2099 809 2154 quae
854 2082 970 2139 iam
1015 2082 1091 2140 ab
1135 2082 1270 2140 aliis
1328 2080 1619 2157 imprimis
1665 2101 1700 2140 a
1743 2083 2043 2142 Meinekio
2087 2087 2264 2158 atque
2309 2083 2602 2142 Abrensio
2648 2083 2802 2143 bene

469 2164 882 2224 administrata
927 2170 1097 2243 sunt,
1158 2167 1336 2226 tacite
1380 2166 1645 2241 omissis,
1702 2168 1982 2241 quoniam
2037 2168 2151 2226 alia
2207 2170 2300 2225 est
2353 2166 2526 2226 huius
2584 2169 2799 2227 disser-

467 2250 715 2309 tationis
777 2250 928 2310 ratio
985 2256 1160 2327 atque
1218 2251 1533 2328 primarius
1591 2250 1744 2310 finis.
1834 2251 1904 2309 V.
1964 2255 2000 2312 6
2058 2247 2390 2322 ἔκποθεν
2448 2255 2801 2311 consuetum

466 2333 615 2392 illud
665 2367 740 2375 —-—
789 2335 864 2396 cf.
912 2336 1237 2395 Hermann.
1286 2335 1469 2410 Orph.
1516 2356 1576 2410 p.
1608 2336 1731 2394 823
1778 2339 1838 2394 et
1883 2342 2034 2412 quae
2080 2338 2282 2395 monui
2327 2336 2403 2395 ad
2450 2338 2654 2407 Quint.
2685 2338 2798 2413 III,

464 2421 585 2477 437
634 2451 714 2459 ——
763 2421 877 2477 iam
923 2422 1232 2481 inventum
1276 2441 1313 2478 a
1356 2420 1635 2496 Briggsio
1691 2439 1800 2494 pro
1854 2422 2034 2480 variis
2080 2422 2349 2480 codicum
2393 2424 2570 2496 atque
2616 2423 2801 2481 inter-

462 2506 695 2581 pretum
739 2506 1033 2566 mostellis
1078 2509 1236 2566 recte
1293 2505 1562 2564 restituit
1606 2505 1965 2566 Ahrensius:
2030 2510 2122 2566 est
2176 2505 2529 2581 „alicunde“
2586 2508 2797 2566 eodem

462 2608 639 2649 sensu
682 2609 801 2665 quo
845 2592 1223 2651 notissimum
1268 2590 1417 2648 illud
1473 2596 1597 2666 τῶν
1651 2583 1946 2664 ἁμόθεν
2000 2612 2064 2669 γε
2108 2588 2260 2668 θεά,
2316 2587 2579 2668 θυγάτερ
2628 2584 2797 2667 Διός,

462 2668 588 2732 εἰπὲ
644 2669 741 2729 καὶ
799 2668 966 2750 ἡμῖν.
1042 2676 1195 2732 Tum
1261 2694 1369 2750 pro
1422 2676 1695 2734 sollemni
1758 2676 2048 2734 librorum
2104 2695 2300 2735 errore
2354 2672 2619 2734 ἄλλοθεν
2675 2696 2795 2736 non

460 2755 711 2833 ἄλλοθε,
757 2759 916 2833 qnod
963 2759 1143 2836 vulgo
1176 2760 1534 2834 intulerunt,
1582 2779 1825 2834 prorsus
1856 2762 2242 2835 inusitatum,
2288 2762 2405 2820 nisi
2449 2761 2643 2836 fallor,
2690 2763 2795 2820 sed

459 2834 673 2901 ἄλλοθι
719 2843 969 2901 correxi.
1044 2845 1263 2902 Mirum
1308 2847 1430 2918 est,
1480 2844 1640 2918 quod
1688 2844 2019 2904 Meinekius
2065 2865 2301 2906 versum
2345 2847 2554 2921 „miris
2597 2846 2791 2905 modis

386 2927 390 2932 ’
461 2929 523 2985 in
569 2926 737 2985 codd.
796 2929 1087 2986 variatum
1147 2927 1240 2987 vel
1298 2927 1372 2986 ob
1429 2927 1578 2986 hanc
1633 2928 1910 2991 causam“
1967 2931 2031 2988 in
2086 2931 2416 3006 marginem
2473 2930 2792 3006 relegavit3

462 3011 621 3088 quod
666 3012 717 3069 si
762 3013 951 3073 facere
1004 3013 1291 3072 vellemus
1346 3013 1408 3070 in
1464 3016 1556 3071 tot
1604 3012 1906 3073 Theocriti
1950 3016 2221 3074 versibus
2276 3019 2609 3074 monstrose
2665 3034 2793 3074 cor-

461 3096 685 3171 ruptis,
735 3115 939 3155 vereor
982 3117 1057 3155 ne
1103 3096 1565 3172 „dimidiatum“
1611 3097 1872 3156 habituri
1917 3118 2176 3158 essemus
2222 3103 2482 3174 poetam.
2570 3098 2794 3159 Contra

457 3173 697 3248 ἁπάσας
752 3199 808 3241 v.
861 3183 939 3240 10
992 3181 1258 3257 ineptum
1317 3199 1445 3239 esse
1499 3183 1739 3258 egregie
1784 3183 2115 3244 Meinekius
2171 3184 2627 3259 demonstravit,
2684 3202 2793 3259 pro

462 3284 580 3340 quo
624 3265 782 3363 quod
829 3265 983 3323 idem
1040 3266 1485 3342 elegantissime
1530 3268 1799 3340 reposuit
1852 3260 2098 3336 ἆπώσας
2156 3268 2559 3344 recipiendum
2614 3269 2790 3343 foret,

460 3350 573 3407 nisi
618 3340 742 3405 απ’
789 3345 1022 3426 ἄκρας
1078 3355 1139 3408 et
1182 3351 1447 3410 codicum
1492 3352 1868 3425 quorundam
1913 3358 1977 3411 et
2020 3354 2397 3428 apertissima
2440 3354 2792 3412 scholiastae

459 3434 814 3493 auctoritate
873 3435 1403 3493 commendaretur.
1488 3436 1671 3495 Recte
1738 3437 1925 3512 igitur
1978 3439 2371 3497 restituerunt
2428 3437 2790 3497 Fritzschius

460 3521 639 3592 atque
670 3517 1018 3595 Hartungus
1064 3520 1339 3594 imperite
1383 3523 1582 3577 tamen
1615 3522 1943 3579 retinentes
1988 3514 2128 3579 ἀπὸ
2175 3520 2426 3592 σκοπιᾶς
2461 3544 2514 3583 v.
2555 3525 2626 3579 11
2662 3524 2791 3580 iure

462 3604 806 3661 damnatum
862 3622 897 3661 a
949 3604 1277 3680 Meinekio,
1349 3605 1506 3679 quod
1562 3606 1737 3664 tmesi
1793 3607 1962 3682 iungi
2027 3608 2241 3667 volunt
2305 3626 2439 3665 cum
2507 3601 2789 3679 ἐτίναξεν.

460 3685 653 3755 Quare
696 3681 895 3762 ἄφαρ
941 3689 1179 3764 scripsi,
1237 3687 1396 3764 quod
1438 3688 1530 3747 his
1577 3691 1769 3765 poetis
1816 3695 2127 3767 tantopere
2173 3695 2266 3750 est
2309 3692 2370 3748 in
2415 3691 2660 3750 deliciis,
2705 3725 2791 3733 —

465 3771 532 3828 V.
584 3775 660 3831 13
705 3773 864 3847 quod
921 3774 1037 3830 iam
1092 3774 1315 3832 dudum
1370 3774 1818 3832 emendaveram
1876 3794 1986 3849 pro
2040 3776 2289 3852 vulgato
2341 3771 2527 3835 ὅσσον
2580 3770 2787 3852 ἐρῶντι

458 3853 676 3932 πατρὸς
719 3855 943 3932 μύθων
983 3851 1027 3933 ἢ
1067 3856 1185 3933 (vel
1232 3853 1362 3936 καὶ)
1418 3853 1644 3934 ματρὸς
1688 3853 1970 3932 ἀκούειν,
2027 3864 2235 3935 postea
2280 3862 2460 3919 etiam
2513 3861 2589 3919 ab
2634 3860 2787 3920 Har·

458 3946 645 4017 tungo
690 3942 1060 4018 propositum
1102 3944 1335 4018 inveni,
1391 3943 1508 4001 nisi
1550 3946 1712 4018 quod
1759 3944 1859 4002 ille
1917 3946 1980 4003 in
2024 3948 2191 4005 textu
2247 3946 2423 4020 paulo
2477 3946 2789 4006 vehemen-

456 4027 575 4085 tius
621 4029 862 4102 scripsit
904 4022 1089 4085 ὅσσον
1132 4029 1274 4096 παῖς
1318 4047 1404 4096 τις
1450 4022 1605 4100 ἐρῶν
1648 4031 1711 4086 et
1752 4030 1815 4088 in
1846 4029 2112 4089 clausula
2139 4050 2209 4088 ex
2258 4048 2374 4088 uno
2420 4029 2617 4090 codice
2648 4050 2785 4089 cum

457 4111 753 4170 Ahrensio
819 4106 1029 4170 ἀκούει
1094 4111 1282 4170 dedit.
1368 4112 1483 4170 Sed
1547 4113 2059 4173 Hermannianum
2127 4114 2423 4173 Meinekio
2479 4118 2785 4190 receptum

452 4189 634 4253 ὅσσον
679 4195 889 4266 παῖδες
937 4192 1145 4271 ἐρῶντι
1189 4185 1410 4272 πατρὸς
1455 4191 1554 4252 καὶ
1601 4187 1818 4273 ματρὸς
1863 4190 2111 4257 ἀκούειν
2154 4202 2314 4258 recte
2359 4200 2515 4258 idem
2560 4201 2783 4274 reiecit,

458 4282 627 4353 quasi
673 4283 975 4355 proprium
1020 4282 1099 4339 sit
1142 4281 1463 4341 liberorum
1519 4284 1872 4356 parentibus
1916 4304 2038 4343 non
2083 4284 2382 4343 oboedire.
2458 4284 2785 4344 Ahrensius

455 4365 633 4422 nimis
678 4366 778 4422 ille
824 4366 975 4423 haud
1022 4385 1156 4424 raro
1200 4367 1374 4424 fortis
1419 4367 1514 4425 hic
1546 4367 1873 4426 subtimide
1904 4372 2140 4428 tantum
2174 4365 2328 4443 ἐρῶν
2373 4389 2428 4425 τι
2472 4371 2532 4426 et
2575 4370 2636 4428 in
2668 4368 2784 4427 fine

453 4442 660 4505 ἀκούει
703 4450 966 4532 scripsit,
1023 4454 1086 4508 et
1128 4451 1327 4508 inutili
1382 4452 1741 4524 glossemate
1795 4450 2020 4525 μύθων
2072 4456 2305 4512 retento
2363 4472 2470 4512 nec
2527 4453 2785 4512 admisso

540 4793 695 4896 Ἢ
762 4867 769 4874 .
