3132 5129
1395 396 1810 457 -90—

431 550 815 610 Antilochum
873 552 1376 628 Agamemnonem
1436 552 1675 611 Leitum
1731 552 2108 629 Eurypylum
2157 586 2233 595 —
2294 553 2562 629 singulos
2616 553 2769 612 'I'ro-

427 637 596 695 ianos
652 636 1072 696 interficientes
1131 638 1431 710 29—35,
1486 637 1701 696 deinde
1756 638 2081 697 Adrastum
2138 658 2173 697 a
2229 639 2496 698 Menelao
2554 639 2763 696 vivum

428 719 860 796 deprehensum
907 721 1011 780 sed
1054 721 1129 779 ab
1174 721 1620 797 Agamemnone
1665 722 1985 781 crudeliter
2027 723 2389 783 trucidatum
2435 721 2766 800 (36—65),

429 807 809 879 postremo
853 806 1166 866 Nestorem
1212 807 1377 865 brcvi
1422 807 1828 866 admonitione
1859 806 2113 868 Graecos
2143 829 2178 866 a
2207 809 2419 883 spoliis
2461 807 2766 868 sumendis

366 894 400 942 4
429 885 501 947 ad
545 889 987 950 interficiendos
1044 891 1245 951 hostes
1304 894 1651 951 avocantem
1697 886 2026 973 (66—72).
2110 893 2289 952 Patet
2332 894 2521 968 igitur
2561 892 2653 951 his
2698 894 2765 951 in

403 973 709 1033 heroibus
755 977 1085 1051 principem
1128 977 1324 1036 locum
1370 980 1574 1035 tenere
1618 978 1862 1037 Aiacem
1908 982 1968 1037 et
2011 978 2345 1050 Nestorem,
2392 978 2559 1036 illum
2604 977 2764 1036 facto

428 1058 584 1118 hunc
638 1060 887 1119 consilio
944 1061 1330 1136 popularibus
1387 1062 1743 1140 salutarem3
1801 1061 2145 1121 Diomedem
2203 1081 2343 1121 vero
2395 1062 2561 1120 nullo
2615 1080 2764 1136 prae

429 1144 641 1203 ceteris
686 1146 884 1203 ornari
929 1147 1263 1219 praeconia
1339 1147 1545 1223 Longe
1592 1146 1770 1205 aliam
1801 1146 2064 1206 Helenus
2108 1147 2337 1223 profert
2380 1165 2633 1218 causam,
2684 1145 2764 1204 ob

432 1247 610 1303 quam
647 1229 974 1288 Hectorem
1021 1230 1229 1289 relicto
1275 1232 1504 1305 proelio
1549 1231 1757 1290 urbem
1804 1232 2038 1308 regredi
2083 1238 2263 1307 atque
2310 1231 2598 1290 Troianas
2642 1251 2763 1288 ma·

432 1316 634 1374 tronas
680 1314 755 1372 ad
800 1317 942 1373 vota
985 1315 1285 1374 Minervae
1330 1316 1628 1375 offerenda
1671 1317 1920 1375 incitare
1963 1317 2130 1374 iubet
2173 1317 2493 1375 96—105:
2543 1316 2766 1375 invicta

428 1401 520 1457 est
573 1401 752 1457 unius
812 1399 1119 1458 Diomedis
1176 1399 1391 1457 ferocia
1445 1401 1542 1459 vel
1598 1400 1832 1466 Achille
1884 1403 2226 1476 superioris,
2327 1400 2534 1476 Neque
2589 1401 2765 1459 aliter

426 1484 553 1542 eius
616 1484 896 1542 mandata
950 1486 1055 1541 aut
1114 1483 1337 1543 Hector
1381 1483 1660 1543 Hecubae
1716 1486 1943 1560 perfert
1996 1486 2116 1543 277
2149 1506 2273 1561 sq.,
2330 1491 2434 1544 aut
2491 1485 2763 1545 sacerdos

424 1567 667 1626 Theano
725 1567 1114 1626 sollemnibus
1173 1569 1447 1644 precibus
1506 1571 1851 1646 exsequitur
1896 1571 2250 1642 305—310,
2310 1589 2462 1646 quae
2519 1570 2761 1646 quidem

428 1670 632 1727 preces
679 1655 842 1710 totae
887 1654 950 1711 in
996 1653 1122 1712 solo
1153 1653 1440 1711 Diomede
1484 1654 1747 1713 notando
1794 1657 2129 1714 versantur.
2203 1654 2409 1729 Itaque
2452 1655 2601 1713 nihil
2645 1658 2758 1728 est,

429 1737 587 1811 quod
638 1737 772 1812 quis
818 1738 984 1795 brevi
1015 1737 1293 1796 Hectoris
1326 1739 1401 1796 ad
1434 1740 1759 1798 exercitum
1790 1758 2062 1798 sermone
2094 1739 2371 1798 abutatur
2406 1742 2756 1812 111—115,

429 1822 490 1879 in
537 1840 654 1896 quo
700 1839 841 1881 sane
875 1821 1192 1881 Diomedes
1237 1842 1346 1882 nec
1388 1825 1731 1881 nominatur
1775 1844 1884 1883 nec
1928 1825 2215 1895 innuitur,
2266 1828 2335 1881 ut
2375 1824 2550 1882 huius
2595 1843 2758 1882 men·

428 1908 648 1970 tionem
695 1909 900 1965 nostro
947 1906 1195 1965 carmini
1240 1907 1469 1966 illatam
1513 1913 1686 1983 putet
1729 1908 1803 1967 ab
1849 1927 1918 1967 eo
1964 1908 2231 1980 demum,
2280 1910 2382 1983 qui
2427 1909 2577 1967 illud
2623 1908 2762 1967 Dio·

428 1991 614 2049 medis
659 1992 897 2050 aristiae
942 1992 1256 2050 adnectere
1302 1992 1574 2054 voluerit.
1653 1993 1813 2052 Satis
1857 1996 2016 2052 recte
2047 1994 2234 2070 igitur
2263 1994 2379 2050 iam
2412 1993 2759 2051 Holmius

426 2076 489 2132 in
546 2077 896 2151 quaestione
955 2077 1071 2149 „de
1125 2077 1357 2152 aliquot
1401 2077 1606 2136 Iliadis
1662 2079 1991 2136 carminum
2036 2078 2503 2152 compositione“
2549 2076 2758 2136 Catha-

425 2160 576 2218 rinei
622 2159 981 2220 Lubecensis
1029 2162 1456 2237 programmati
1501 2183 1550 2221 a.
1602 2164 1763 2222 1853
1812 2164 2136 2238 praemissa
2178 2183 2239 2237 p.
2276 2165 2312 2222 6
2344 2181 2432 2238 sq.
2467 2162 2612 2221 dicit
2656 2167 2763 2235 „et

425 2247 572 2304 istos
633 2264 838 2306 versus
893 2265 963 2306 ex
1007 2246 1179 2304 initio
1235 2265 1412 2305 carm.
1446 2245 1550 2305 VI.
1599 2246 1897 2306 tollendos
1952 2253 2012 2305 et
2067 2247 2423 2306 censendum
2483 2266 2608 2304 esse
2654 2251 2764 2305 aut

425 2331 722 2390 interiisse
779 2332 1106 2407 genuinum
1163 2331 1340 2390 huius
1399 2332 1676 2391 carminis
1731 2332 1971 2390 initium
2018 2365 2101 2373 —
2146 2350 2264 2406 quo
2320 2332 2600 2390 nimirum
2655 2332 2761 2389 ad-

425 2415 724 2476 mirabiles
768 2420 1038 2475 narratae
1084 2420 1283 2476 essent
1311 2416 1621 2474 Diomedis
1652 2435 1889 2492 pugnae
1922 2448 1999 2459 ——
2032 2419 2138 2474 aut
2168 2416 2362 2474 simile
2394 2416 2647 2490 quinto“
2679 2448 2761 2457 —-

424 2501 745 2559 secundum
791 2501 1153 2560 Lachmanni
1212 2502 1718 2576 computationem
1767 2533 1840 2542 —
1890 2519 2164 2575 „carmen
2207 2519 2411 2559 eorum
2457 2500 2761 2559 mentibus

424 2586 805 2644 obversatum
851 2587 1033 2645 fuisse
1078 2588 1178 2661 qui
1214 2606 1262 2647 c.
1297 2585 1407 2645 VI.
1443 2586 1827 2645 audiebant“.
1905 2586 2277 2661 Quamquam
2321 2585 2467 2643 mibi
2515 2585 2758 2661 quidem

423 2670 614 2727 nostri
660 2671 938 2728 carminis
983 2676 1157 2746 poeta
1199 2672 1389 2745 ipsam
1434 2671 1689 2729 Diome
1707 2671 1938 2743 deam,
1987 2670 2221 2746 qualem
2265 2669 2580 2740 habemus,
2638 2689 2763 2728 non

423 2754 747 2829 respexisse
804 2754 996 2813 solum
1052 2756 1155 2814 sed
1210 2756 1388 2813 etiam
1451 2755 1589 2814 data
1644 2774 1821 2830 opera
1875 2755 2162 2814 iudicasse
2219 2754 2456 2814 videtur
2513 2756 2762 2830 egregio

423 2838 528 2896 illo
573 2838 862 2912 episodi0,
908 2858 1024 2915 quo
1071 2840 1467 2899 alienissimus
1512 2859 1547 2898 a
1591 2840 2055 2899 trucidationum
2102 2840 2339 2898 illarum
2384 2857 2583 2898 amore
2614 2843 2762 2897 tem-

424 2922 583 2998 poris
642 2923 1057 2996 intervallum,
1115 2943 1232 2999 quo
1278 2925 1501 2985 Hector
1545 2945 1580 2983 a
1622 2943 1825 3001 pugna
1868 2924 2069 2995 abest,
2115 2943 2254 2983 suae
2299 2924 2485 2982 indoli
2530 2942 2762 2983 accom-

423 3005 657 3065 modate
713 3009 972 3083 explevit
1030 3010 1384 3069 119—236.
1483 3009 1576 3067 Ibi
1635 3010 1793 3069 enim
1851 3008 2167 3068 Diomedes
2223 3007 2512 3067 Glaucum
2568 3008 2762 3067 adhuc
2866 3088 2873 3093 ἢ

423 3092 535 3150 sibi
581 3092 856 3168 ignotum
900 3093 1235 3153 inevitabili
1281 3112 1388 3153 suo
1435 3095 1611 3153 Marti
1657 3093 1928 3152 oblatum
1973 3094 2375 3168 conspicatuS,
2435 3096 2765 3168 antequam

422 3193 555 3233 cum
599 3194 667 3234 eo
715 3176 1126 3253 congreditur,
1171 3178 1524 3255 diligenter,
1584 3181 1688 3256 qui
1737 3180 1819 3238 sit
1862 3183 1922 3236 et
1967 3196 2085 3253 quo
2130 3182 2380 3252 parente
2427 3181 2624 3248 ortus,
2684 3197 2760 3236 ex

423 3277 491 3318 eo
539 3262 791 3335 quaerit,
836 3280 911 3320 ne
955 3262 1110 3321 forte
1155 3281 1286 3321 cum
1318 3264 1564 3322 deorum
1608 3264 1812 3339 aliquo
1858 3263 2031 3322 caelis
2078 3262 2318 3339 delapso
2365 3280 2629 3338 pugnam
2677 3263 2762 3321 sit

421 3345 700 3417 initurus,
748 3366 923 3421 quam
968 3346 1272 3406 audaciam
1317 3348 1671 3407 mortalibus
1715 3348 2082 3406 mortiferam
2126 3366 2254 3407 esse
2298 3348 2617 3423 postquam
2665 3365 2756 3405 ac-

420 3432 623 3488 curate
676 3434 916 3489 narrato
972 3432 1235 3507 Lycurgi
1296 3433 1562 3508 exemplo
1619 3432 2049 3493 demonstravit
2107 3429 2527 3509 (123—140),
2587 3450 2760 3489 suam

419 3514 772 3575 modestiam
814 3517 1081 3590 graviter
1121 3518 1342 3591 repetit
1392 3517 1506 3573 141

722 3626 858 3691 οὐδ’
904 3627 987 3690 οἲν
1031 3624 1141 3711 ἐγώ
1184 3630 1511 3711 μακάρεσσι
1553 3637 1724 3705 θεοῖς
1769 3630 2032 3709 ἐθέλοιμι
2074 3627 2394 3711 μάχεσθαι.

593 3770 780 3840 Quam
825 3769 1134 3829 Diomedis
1180 3771 1507 3829 orationem
1554 3771 1723 3845 quasi
1769 3770 2017 3830 adverso
2065 3771 2264 3830 fronte
2308 3789 2578 3847 pugnare
2620 3790 2759 3833 cum

419 3872 489 3912 ea
531 3854 727 3913 herois
773 3854 1062 3930 imagine,
1123 3874 1275 3930 quae
1333 3855 1396 3913 in
1439 3855 1726 3913 Aristia
1778 3855 1953 3914 nobis
1998 3856 2371 3932 proponitur,
2422 3855 2517 3915 vel
2563 3856 2761 3914 obiter

419 3937 644 4014 legenti
687 3942 883 4015 patet3
930 3940 994 3998 in
1037 3958 1157 4015 quo
1203 3940 1460 3998 carmine
1504 3958 1691 3998 unum
1736 3940 1863 3999 eius
1907 3943 2085 4016 poeta
2127 3941 2358 4001 invenit
2386 3940 2584 3999 locum
2613 3959 2756 3999 suae

417 4039 562 4098 erga
594 4023 734 4083 deos
767 4026 1133 4084 reverentiae
1176 4024 1702 4097 accommodatum,
1751 4026 2208 4085 consolatorium
2255 4025 2425 4084 illum
2469 4025 2757 4085 orationis

418 4108 752 4182 epilogum,
802 4127 919 4183 quo
965 4109 1156 4168 Dione
1202 4108 1684 4169 lacrimabundae
1742 4109 1897 4169 filiae
1941 4111 2124 4187 impio
2180 4110 2547 4170 vulneratori
2594 4109 2755 4169 subi-

420 4194 545 4248 tum
591 4193 748 4250 vitae
791 4195 1014 4253 exitum
1058 4196 1128 4251 ut
1170 4195 1564 4253 necessarium
1611 4195 1970 4270 supplicium
2012 4196 2279 4255 minatur
2308 4195 2365 4251 E
2393 4195 2754 4253 406—415.

417 4275 610 4335 Huius
669 4276 856 4352 igitur
911 4279 1025 4338 loci
1081 4279 1167 4337 ita
1220 4280 1511 4338 rationem
1556 4278 1769 4338 habuit
1811 4282 2037 4350 noster,
2095 4285 2165 4338 ut
2220 4281 2274 4338 ei
2320 4278 2751 4338 adsentientem

418 4379 590 4418 suum
646 4360 990 4421 Diomedem
1047 4364 1267 4424 faceret
1319 4363 1442 4423 fere
1511 4363 1692 4423 verba
1753 4363 1949 4423 verbis
2014 4383 2405 4441 componens:
2480 4382 2758 4441 compara.

417 4444 472 4503 Ε
503 4446 624 4504 406
659 4464 746 4523 sq.
