3132 5129
1339 376 1758 439 ...45-

553 533 715 603 Quae
760 535 1091 609 sequuntur
1132 534 1251 591 tria
1307 551 1587 592 versuum
1634 533 1826 607 paria,
1876 533 1998 590 858
2032 551 2120 607 sq.
2169 532 2533 603 862--865‚
2580 551 2714 591 eon-

376 618 573 675 texuit
601 617 844 676 adiutus
895 619 945 674 P
984 619 1188 677 216-
1196 618 1319 678 218

593 715 967 794 Μέσθλην
1010 739 1069 777 τε
1118 714 1459 777 Γλαῦκόν
1502 738 1563 777 τε
1610 714 1899 776 Μέδοντᾶ
1944 738 2004 776 τε
2050 712 2401 815 Θερσίλοχόν
2445 738 2503 776 τε

585 797 1122 881 Ἀστεροπαῖόν
1167 824 1224 862 τε
1275 800 1610 880 Δεισήνορά
1654 795 1725 860 θ’
1767 796 2179 861 Ἱππόθοόν
2222 825 2281 863 τε

589 883 897 965 Φόρκυν
949 909 1009 948 τε
1056 887 1389 966 Χρομίον
1434 909 1504 947 τε
1549 885 1675 946 καὶ
1709 885 2072 965 ’Ἑννομον
2115 886 2543 964 οἰωνιστην,

381 1012 451 1049 ex
497 990 715 1065 quibus
760 992 1101 1051 nominibus
1158 992 1339 1050 etiam
1387 991 1901 1067 Hippothoum
1960 994 2021 1049 et
2079 991 2434 1050 Glaucum
2481 992 2607 1067 ipse
2651 1011 2710 1051 v.

378 1079 522 1135 840.
570 1077 715 1147 876,
794 1076 1356 1150 Asteropaeum,
1414 1078 1484 1134 ut
1537 1075 1826 1149 vidimus,
1887 1076 1988 1134 alii
2033 1077 2509 1151 desumpserunt.
2599 1077 2713 1135 Sed
2752 1081 2814 1128 31

375 1180 489 1237 pro
531 1159 908 1231 Chromio,
955 1162 1049 1219 eui
1092 1161 1205 1221 hoc
1237 1180 1454 1219 nomen
1499 1161 1682 1219 etiam
1732 1160 1783 1217 P
1820 1162 1963 1220 494.
2013 1162 2135 1220 534
2181 1162 2438 1234 inditur,
2485 1160 2712 1221 Chro-

375 1247 524 1304 min
568 1245 915 1316 substituit,
979 1245 1140 1320 quod
1194 1246 1377 1304 etiam
1422 1246 1646 1305 scholia
1688 1251 2075 1317 notaverunt,
2132 1247 2304 1304 metri
2363 1248 2713 1306 necessitate

372 1334 636 1390 coactus.
698 1330 853 1388 Tum
886 1351 941 1389 v.
975 1332 1096 1389 859
1128 1331 1428 1389 sententia
1469 1350 1541 1389 ex
1583 1350 1642 1390 v.
1676 1331 1799 1389 873
1844 1323 1986 1388 οὐδέ
2029 1330 2089 1387 τί
2127 1329 2188 1388 οἵ
2225 1326 2288 1389 τό
2317 1325 2376 1408 γ’
2429 1325 2710 1409 ἐπήρκεσε

373 1410 599 1492 λυγρὰν
642 1411 900 1490 ὄλεθρον
942 1416 1279 1473 imitatione
1322 1417 1630 1490 profluxit,
1678 1415 1782 1474 sed
1812 1414 2115 1473 οἰωνοῖσιν
2144 1436 2215 1473 ex
2248 1417 2330 1472 M
2355 1418 2495 1488 237,
2543 1412 2710 1493 ἐρύσ-

373 1516 519 1557 σατο
562 1507 720 1577 κῆρα
761 1495 1053 1576 μέλαιναν
1109 1518 1178 1556 ex
1227 1501 1405 1560 variis
1451 1498 1754 1576 Odysseae
1798 1500 1975 1571 locis,
2030 1502 2100 1557 nt
2142 1521 2175 1575 χ
2221 1501 2365 1560 330.
2412 1504 2563 1571 363,
2614 1501 2709 1559 de-

375 1587 665 1660 sumpsit,
712 1586 797 1643 ita
840 1590 1075 1657 tamen,
1135 1589 1204 1643 ut
1246 1584 1398 1644 male
1442 1603 1649 1643 rursus
1709 1585 1844 1645 aliis
1898 1605 1969 1644 ex
2013 1584 2188 1657 lociS,
2249 1586 2433 1643 veluti
2489 1605 2521 1659 χ
2568 1586 2710 1657 372,

375 1665 671 1745 ἐρύσσατο
715 1670 1089 1745 surripuerit.
1180 1670 1294 1740 Qui
1351 1671 1681 1744 sequuntur
1737 1670 1854 1728 duo
1897 1688 2105 1729 versus
2152 1672 2280 1731 860
2323 1673 2386 1728 et
2428 1670 2547 1728 861
2599 1672 2714 1728 iam

372 1758 435 1814 in
482 1754 883 1831 suspicionem
927 1754 1126 1815 vocati
1172 1755 1246 1812 ab
1291 1754 1712 1813 Alexandrinis
1758 1759 2101 1830 propterea,
2148 1755 2306 1830 quod
2348 1755 2604 1813 Ennomi
2652 1756 2712 1813 in

375 1840 658 1900 fluviatili
704 1860 906 1917 pugna
951 1840 1129 1899 occisi
1175 1839 1342 1897 nulla
1398 1840 1466 1898 fit
1511 1840 1573 1898 in
1617 1838 1675 1895 Φ
1718 1841 1977 1911 mentio,
2032 1841 2393 1899 novissimus
2450 1841 2712 1914 interpo-

374 1925 537 1984 lator
581 1925 814 1983 addidit
857 1944 928 1983 ex
971 1946 1028 1985 v.
1077 1925 1200 1984 874
1231 1944 1353 1999 sq.,
1412 1928 1482 1982 ut
1524 1925 1702 2000 plena
1743 1929 1901 1984 esset
1944 1926 2232 1997 imitatio,
2278 1925 2340 1983 in
2385 1924 2712 1984 subsidium

374 2011 559 2069 etiam
603 2012 815 2069 vocato
860 2008 918 2065 Φ
968 2010 1083 2068 129
1117 2029 1206 2084 sq.

682 2122 852 2224 ὑμεῖς
894 2123 1007 2204 μὲν
1050 2125 1406 2205 φεύγοντες,
1452 2122 1563 2205 ἐγὼ
1610 2119 1673 2184 δ’
1718 2123 1945 2187 ὄπιθεν
1987 2129 2386 2206 κεραΐζων·

560 2250 567 2252 ἡ
682 2202 823 2356 οὐδέ
866 2206 1013 2288 ὑμῖν
1053 2207 1373 2291 ποταμός
1416 2231 1527 2290 περ
1572 2208 1819 2290 ἕύρροος
1861 2205 2256 2292 ἀργυροδίνης

680 2318 793 2376 αρκ
825 2312 933 2362 σει.

548 2417 622 2478 V.
669 2417 790 2477 862
823 2436 910 2492 sq.
985 2418 1415 2491 Ascanium,
1467 2438 1644 2494 quem
1709 2418 2034 2496 Phoreyi
2092 2419 2273 2478 etiam
2324 2418 2532 2477 Ρ312
2592 2439 2712 2478 me·
2809 2414 2814 2421 ’

378 2505 609 2562 morato
667 2501 965 2575 adiunxit,
1022 2522 1092 2560 ex
1138 2501 1207 2557 N
1248 2504 1367 2561 792
1400 2522 1488 2579 sq.
1547 2504 1727 2563 simul
1784 2523 1916 2562 eum
1975 2504 2078 2563 illo
2137 2499 2195 2576 ἐξ
2248 2498 2564 2582 Ἀσκανίης
2618 2505 2713 2564 de-

379 2590 670 2664 sumpsit3
714 2584 996 2664 θεοειδής
1041 2588 1385 2663 saepissime
1430 2590 1490 2647 in
1537 2609 1745 2668 versus
1792 2590 1936 2649 fine:
1985 2593 2221 2664 praeter
2263 2610 2319 2649 v.
2368 2591 2489 2648 623
2536 2592 2711 2650 etiam

379 2694 483 2749 per
531 2674 582 2729 P
620 2675 744 2732 494
791 2671 1116 2750 Χρομίος
1161 2692 1222 2730 τε
1264 2670 1366 2732 καὶ
1409 2670 1659 2751 ’Ἄρητος
1704 2678 1771 2734 θ.
1832 2674 1893 2733 et
1938 2676 2060 2733 534
2107 2672 2433 2752 Χρομίος
2477 2678 2545 2734 θ.
2591 2677 2712 2750 epi-

379 2760 530 2818 theti
574 2759 864 2818 memoria
910 2759 1245 2818 resuscitari
1291 2761 1558 2834 poterat3
1621 2754 1895 2874 μέμασαν
1937 2754 2005 2817 δὲ
2048 2757 2149 2818 καὶ
2208 2750 2291 2830 οἷς
2348 2754 2555 2836 ὑσμῖνι
2599 2758 2712 2838 μά-

377 2846 594 2919 χεσθαι
640 2842 699 2901 Θ
745 2844 825 2901 56
871 2843 1111 2921 legitur.

550 2927 625 2987 V.
673 2928 795 2986 864
827 2947 916 3003 sq.
991 2927 1341 2987 Maeonibus
1393 2929 1545 2989 alter
1604 2929 1722 2987 dux
1776 2963 1843 2971 —-
1906 2950 1966 2989 τε
2007 2927 2108 2989 καὶ
2148 2926 2436 3006 ’Ἄντιφος
2489 2922 2712 3008 ἡγησά-

382 3016 544 3089 σθην
593 3045 670 3056 -
719 3032 789 3072 ex
835 3034 892 3074 v.
940 3015 1061 3073 678
1108 3014 1384 3086 accessit,
1443 3013 1627 3073 simili
1669 3015 1870 3090 plagio
1916 3017 2074 3089 eius,
2134 3017 2292 3091 quod
2338 3036 2394 3077 v.
2441 3017 2563 3075 856
2610 3016 2712 3074 de-

385 3098 821 3174 prehendimus.
902 3099 1171 3158 Alterum
1205 3117 1439 3157 versum
1484 3099 1676 3173 prior,
1724 3100 1968 3158 tertium
2000 3102 2292 3176 posterior
2320 3101 2716 3176 interpolator

382 3203 450 3242 ex
501 3184 559 3240 T
593 3184 718 3242 384
764 3202 882 3258 sq.,
927 3184 1030 3243 ubi
1075 3184 1147 3241 de
1193 3182 1497 3258 Iphitione

684 3322 762 3360 ον
808 3298 1015 3378 νύμφη
1059 3296 1186 3360 τέκε
1232 3297 1363 3378 νηὶς
1400 3293 1714 3379 Ὀτρυντῆι
1758 3297 2138 3385 πτολιπόρθῳ

690 3382 953 3467 Τμώλῳ
994 3381 1135 3445 ῧπο
1182 3382 1474 3463 νιφόεντι,
1501 3383 1697 3463 Υδης
1745 3382 1810 3445 ἕν
1852 3387 2018 3447 πίονι
2060 3387 2256 3470 δήμῳ,

384 3506 485 3582 qui
538 3505 834 3581 posterior
890 3525 1097 3565 versus
1154 3506 1335 3565 etiam
1389 3505 1524 3565 huie
1582 3506 1711 3565 loco
1766 3510 1904 3583 post
1959 3528 2016 3568 v.
2073 3510 2194 3569 866
2252 3510 2568 3569 adiunctus
2624 3512 2716 3568 est

384 3590 637 3649 testibus
683 3589 981 3649 Strabone
1025 3590 1173 3648 XIII
1202 3611 1262 3665 p.
1296 3592 1417 3649 626
1458 3594 1519 3649 et
1546 3591 1860 3651 Eustathio
1905 3593 1977 3651 ad
2024 3594 2082 3652 h.
2128 3596 2203 3667 1.,
2267 3599 2330 3653 et
2380 3595 2436 3650 Y
2471 3595 2597 3653 390
2626 3613 2713 3668 sq.

385 3671 1124 3752 confinxeruntt—-yevsvi
1157 3671 1221 3732 δέ
1253 3672 1345 3732 τοί
1369 3669 1490 3732 ἔστ’
1540 3671 1636 3733 ἐπὶ
1681 3674 1910 3757 λίμνῃ
1948 3677 1958 3751 Ι
2007 3677 2314 3759 Γυγαίῃ,
2359 3698 2535 3754 quem
2565 3678 2714 3736 dati-

386 3779 524 3818 vum
567 3759 672 3818 alii
714 3759 852 3819 huie
895 3760 1013 3835 ipsi
1059 3761 1191 3819 loeo
1236 3760 1601 3833 intulerunt,
1648 3764 1750 3835 qui
1782 3762 2098 3823 Eustathio
2143 3768 2386 3823 auctore
2435 3761 2519 3838 [p
2568 3763 2712 3864 366,

385 3846 420 3902 6
466 3845 638 3905 Rom.
688 3845 808 3902 277
854 3840 1023 3923 Bas.]
1080 3844 1377 3920 putabant
1430 3843 1632 3921 στίχον
1685 3842 2017 3905 λελοιπέναι
2071 3844 2173 3905 τὸν
2225 3844 2593 3924 σημαίνοντα
2648 3842 2713 3906 τὸ

272 3944 285 3952 ·
382 3925 570 4029 ὄνομα
628 3935 733 4006 τῆς
786 3925 1009 4007 μητρὸς
1065 3928 1184 3987 τῶν
1236 3924 1552 4031 ῥηθέντων
1608 3938 1986 4010 στρατηγῶν·
2041 3934 2283 4008 ληροῦσι
2338 3927 2438 4007 δέ,
2494 3930 2713 4004 φασίν·

382 4004 452 4071 οὖ
494 4010 611 4092 γαρ
656 4008 898 4090 εὕρηται
940 4021 1205 4084 τοιοῦτος
1250 4012 1443 4090 στίχος
1475 4007 1765 4088 οὐδαμοῦ.
1842 4016 1970 4076 Ηοο
1999 4017 2237 4092 quidem
2283 4017 2423 4076 inde
2466 4023 2716 4093 apparet

380 4099 562 4158 etiam
616 4100 1043 4175 posterioribus
1099 4099 1467 4196 temporibus
1525 4100 1743 4159 famam
1799 4102 1872 4161 de
1927 4102 2160 4161 misella
2210 4101 2422 4161 horum
2478 4121 2710 4164 consur

382 4184 678 4244 cinatione
720 4203 841 4243 non
886 4205 1126 4260 prorsus
1171 4185 1233 4243 in
1278 4183 1639 4243 oblivionem
1684 4187 1922 4246 abiisse.
2012 4185 2245 4246 Vellem
2288 4188 2476 4265 igitur
2515 4190 2715 4249 virum

383 4269 654 4344 doctum,
699 4269 799 4344 qui
849 4269 1280 4330 Schneidewini
1325 4269 1632 4345 philologo
1702 4270 1848 4347 [vol.
1893 4271 2009 4330 VII
2053 4266 2278 4352 (1852)
2325 4293 2386 4348 p.
2419 4274 2541 4333 239
2562 4272 2712 4349 sqq]

381 4354 786 4414 doctissimam
830 4354 904 4414 de
932 4355 1180 4432 Gygaea
1223 4354 1437 4430 palude
1483 4355 1966 4416 dissertationem
2012 4357 2295 4431 inseruit,
2342 4360 2551 4417 nostro
2582 4359 2712 4416 loeo

381 4458 501 4498 non
532 4442 769 4500 tantum
817 4440 1128 4501 tribuisset
1156 4440 1546 4499 auctoritatis.
1628 4442 1743 4500 Sed
1776 4442 1948 4500 facile
1978 4444 2157 4501 etiam
2192 4442 2503 4516 Wolfiana,
2534 4461 2713 4518 quam
