3132 5129
1346 354 1802 421 ...502-

410 524 515 577 aut
566 516 859 614 sagaciter
901 514 1257 592 tentaverit,
1316 514 1515 591 ipsum
1565 512 1712 575 eius'
1749 512 1973 573 librum
2029 515 2096 573 in
2147 532 2359 575 manus
2411 532 2572 574 meas
2627 533 2752 575 non

406 602 746 681 pervenisse
790 601 1083 677 paenitet,
1140 600 1326 659 altera
1368 600 1438 659 F.
1484 598 1555 659 G.
1606 598 1988 674 Schoenii‚
2035 600 2201 659 cuius
2245 598 2509 659 defuncti
2553 599 2620 660 in
2660 600 2749 659 lo·

409 706 545 748 cum
612 688 732 747 iam
794 686 1103 747 succedere
1164 702 1340 762 paro,
1410 683 1777 744 collectionis
1821 684 2351 745 Weidmannianae
2415 684 2752 745 scholarum

413 771 739 832 commodis
785 772 1114 832 destinatae
1156 769 1317 829 haud
1362 769 1578 829 ultima
1620 788 1776 845 pars.
1843 758 2002 829 'rum
2047 771 2334 845 sequente
2379 786 2532 829 anno
2577 769 2627 827 Ι.
2669 769 2746 827 A.

414 857 471 917 H
486 860 815 934 artungu
832 876 859 915 s
913 858 1225 934 poetarum
1282 853 1644 915 Graecorum
1705 854 2048 931 ingeniosus
2093 853 2362 914 desultor
2403 851 2753 931 Euripidem

415 960 590 1002 suum
635 942 709 1002 ad
754 944 1020 1002 nostram
1066 940 1332 1001 fabulam
1377 939 1651 1016 deduxit,
1710 958 1888 1015 quam
1931 939 2216 999 tractavit
2256 939 2754 1016 quemadmodum

423 1026 623 1088 omnia
666 1030 922 1087 tractare
966 1026 1149 1102 solet,
1210 1025 1434 1101 quippe
1478 1024 1644 1087 cuius
1688 1023 1881 1083 libelli
1923 1042 2032 1083 nec
2074 1023 2202 1084 sine
2243 1024 2442 1085 taedio
2484 1023 2604 1101 legi
2647 1043 2759 1085 nec

416 1112 545 1172 sine
612 1110 832 1173 damno
888 1110 1127 1187 neglegi
1183 1109 1435 1187 possint.
1520 1108 1832 1169 Postremo
1897 1107 2197 1169 editorum
2263 1127 2478 1185 agmen
2541 1108 2756 1169 clausit

412 1196 881 1257 Beinholdus
912 1194 1267 1255 Klotzius
1312 1196 1660 1269 praeceptor
1689 1194 1904 1270 etipse
1935 1192 2080 1253 olim
2109 1212 2278 1254 meus
2306 1193 2457 1254 bene
2485 1194 2754 1269 meritus,

412 1282 517 1358 qui
571 1299 728 1341 anno
786 1281 1088 1357 superiore
1141 1282 1202 1340 et
1254 1279 1407 1337 hanc
1460 1280 1523 1338 et
1577 1277 1965 1339 Aulidensem
2023 1276 2399 1355 Iphigeniam
2444 1277 2752 1339 Gothanae

414 1366 753 1426 collectioni
819 1365 1055 1439 adiecit.
1144 1364 1205 1424 Is
1274 1365 1337 1423 et
1392 1365 1582 1423 totam
1637 1362 1902 1423 fabulam
1967 1368 2259 1441 perpetuo
2321 1360 2752 1423 'commentario

411 1453 685 1511 accurate
706 1450 1045 1510 illustravit
1076 1453 1139 1509 et
1169 1448 1353 1509 crisin
1382 1447 1580 1509 sobrie
1611 1449 2154 1524 circumspecteque
2183 1448 2484 1509 factitavit
2511 1468 2548 1507 a
2567 1448 2753 1508 nimia

413 1535 518 1595 illa
577 1534 845 1595 codicum
899 1534 1351 1611 superstitione,
1407 1551 1526 1609 qua
1579 1532 1723 1593 olim
1777 1532 1936 1593 haud
1987 1552 2124 1593 raro
2167 1536 2540 1593 transversus
2583 1535 2750 1595 actus

416 1622 541 1695 est,
589 1638 751 1680 nunc
796 1620 1040 1695 quidem
1086 1620 1231 1681 satis
1276 1618 1521 1678 alienus.

586 1703 869 1780 Singulos
939 1703 1175 1763 fabulae
1231 1707 1471 1763 nostrae
1537 1701 1702 1762 locos
1765 1704 2177 1763 tractaverunt
2236 1721 2428 1779 nuper
2491 1703 2750 1779 primum

414 1788 734 1848 Ioannes
804 1784 1115 1848 Kvicala
1182 1788 1247 1846 in
1308 1786 1666 1847 Academiae
1729 1786 2088 1847 Viennensis
2151 1790 2293 1847 actt.
2357 1784 2491 1847 Vol.
2557 1787 2752 1847 XXIX

418 1869 643 1951 (1858)
688 1892 745 1949 p.
780 1873 902 1933 205
924 1890 1079 1949 sqq.,
1124 1872 1229 1947 qui
1273 1891 1408 1931 cum
1452 1875 1513 1931 et
1540 1871 1807 1947 priorum
1833 1872 2024 1932 multa
2051 1874 2387 1933 commenta
2414 1871 2752 1949 diligentis·

416 1958 563 2017 sime
594 1958 853 2019 excussit
894 1959 957 2018 et
999 1975 1153 2017 nova
1193 1958 1322 2033 ipse
1367 1955 1865 2031 cum'explicandi
1891 1960 2024 2016 tum
2053 1956 2410 2017 emendandi
2441 1957 2753 2017 conamina

410 2042 569 2101 haud
598 2060 787 2118 pauca
827 2042 1099 2119 protulit,
1144 2042 1476 2102 accuratius
1521 2041 1822 2102 interdum
1865 2060 2044 2117 quam
2090 2041 2321 2102 acutius
2363 2060 2429 2102 re
2473 2044 2644 2119 gesta
2685 2041 2751 2102 in

414 2127 534 2187 illis
586 2125 1014 2205 redarguendis
1076 2127 1201 2189 fere
1261 2126 1491 2186 felicior
1550 2144 1730 2202 quam
1783 2127 1848 2185 in
1906 2126 2000 2186 his
2065 2126 2438 2187 inveniendis
2499 2128 2750 2205 exstitit,

416 2212 629 2273 deinde
671 2211 1109 2287 Budolphus
1154 2212 1877 2287 Rauchensteinius,
1923 2210 2018 2270 vir
2045 2212 2427 2271 meritissima
2453 2212 2575 2271 iam
2603 2212 2751 2273 rude
2831 2269 2862 2289 ‚

415 2297 670 2357 donatus
724 2296 987 2373 mihique
1042 2317 1154 2374 per
1212 2295 1488 2357 undecim
1553 2314 1741 2355 annos
1805 2295 2357 2372 coniunctissimus,
2423 2297 2488 2355 in
2547 2296 2752 2358 libello

416 2382 805 2459 gratulatorio
850 2381 946 2441 die
991 2381 1094 2443 VI.
1140 2381 1359 2442 mensis
1405 2380 1775 2457 Septembris
1819 2380 2138 2456 superioris
2191 2381 2332 2441 anni
2379 2381 2752 2442 universitati

415 2466 745 2528 Basileensi
789 2467 989 2527 oblato
1005 2513 1020 2544 ,
1075 2469 1181 2545 qui
1221 2467 1353 2542 ipso
1395 2464 1644 2525 Kvicala
1686 2466 1751 2524 in
1778 2483 2025 2525 examen
2055 2468 2264 2525 vocato
2295 2468 2600 2526 strenuam
2629 2467 2752 2544 epi-

421 2551 601 2614 crisin
644 2552 909 2613 exercuit
951 2556 1014 2613 et
1054 2554 1287 2631 aliquot
1328 2550 1490 2611 locos
1534 2548 1924 2627 probabiliter
1968 2551 2272 2611 tractavit.

588 2637 737 2698 Post
780 2639 877 2697 tot
920 2640 1244 2716 tantosque
1286 2637 1451 2696 viros
1494 2637 1555 2695 in
1601 2636 1748 2712 ipsis
1790 2634 1882 2695 his
1922 2633 2440 2697 dissertationibus
2473 2637 2754 2699 editionis

418 2741 587 2782 meae
630 2721 949 2782 comitibus
998 2724 1145 2798 quid
1189 2739 1302 2800 ego
1347 2721 1580 2780 consilii
1624 2724 1858 2780 secutus
1902 2721 2045 2797 sim,
2090 2720 2212 2780 iam
2253 2723 2517 2782 breviter
2557 2723 2752 2799 prolo-

417 2825 583 2883 quar.
674 2805 927 2867 Omissis
965 2807 1247 2868 omnibus
1289 2805 1467 2880 locis,
1524 2806 1590 2866 in
1631 2804 1850 2881 quibus
1896 2806 1970 2864 ab
2015 2824 2134 2865 uno
2179 2805 2441 2867 alterove
2485 2825 2756 2868 meorum
2823 2839 2830 2844 ·

415 2894 852 2951 antecessorum
902 2909 1110 2951 verum
1166 2893 1286 2952 iam
1330 2849 1712 2966 perspectum
1772 2893 1958 2967 esset,
2015 2909 2118 2951 eos
2159 2894 2397 2952 tantum
2440 2893 2756 2967 prolixiori

285 3019 297 3052 ·.
420 2974 557 3035 huic
598 2973 818 3050 reliqui
859 2977 1232 3054 tractationi,
1288 2976 1353 3034 in
1393 2973 1612 3050 quibus
1653 2974 1797 3034 novi
1839 2974 2064 3051 aliquid
2108 2974 2290 3052 idque
2329 2976 2491 3052 haud
2533 2977 2756 3055 impro-

420 3059 619 3121 babile
674 3059 976 3120 invenisse
1032 3061 1182 3121 mihi
1237 3059 1501 3121 videbar.
1593 3058 2044 3136 „Periculosae“
2091 3077 2229 3121 sane
2273 3060 2556 3138 „plenum
2600 3080 2753 3139 opus

418 3143 619 3204 aleae“
622 3189 639 3220 ,
684 3144 905 3221 quippe
951 3145 1132 3224 quod,
1182 3147 1232 3209 si
1274 3164 1363 3206 no
1381 3162 1515 3206 vae
1558 3146 1687 3205 eius
1730 3162 1853 3206 res
1895 3145 2064 3204 fatali
2093 3143 2350 3222 quodam
2379 3165 2517 3207 casu
2547 3165 2754 3210 omnes

352 3269 363 3280 ·
417 3229 651 3290 malae
710 3247 837 3290 esse
889 3231 1293 3308 reperiantur,
1367 3227 1587 3290 iustam
1641 3231 1972 3307 legentium
2025 3230 2503 3308 indignationem
2553 3251 2629 3294 ne
2683 3253 2754 3293 eo

417 3315 659 3393 quidem
699 3314 1113 3386 blandimento
1156 3317 1435 3394 mitigare
1478 3316 1728 3392 poterit,
1785 3314 1944 3391 quod
1987 3316 2179 3376 altera
2219 3315 2398 3376 habet
2441 3317 2746 3377 Lessin-

417 3401 633 3479 giani
677 3399 840 3460 illius
882 3400 1089 3462 iudicii
1132 3420 1290 3479 pars,
1335 3419 1451 3477 quo
1496 3399 1652 3460 libro
1681 3399 1915 3460 cuidam
1945 3400 2228 3462 mediocri
2257 3402 2448 3462 multa
2475 3407 2540 3463 et
2567 3422 2756 3464 nova

346 3495 379 3543 6
420 3489 484 3546 et
537 3485 729 3546 bona
784 3485 977 3546 inesse
1034 3487 1135 3547 sed
1190 3504 1300 3548 nec
1349 3504 1508 3546 nova
1562 3485 1750 3546 bona
1797 3503 1908 3546 nec
1950 3486 2110 3547 bona
2151 3504 2345 3548 nova
2386 3507 2515 3548 esse
2559 3488 2756 3565 lepide

420 3571 523 3631 ille
583 3569 1014 3647 pronuntiavit.
1104 3571 1282 3633 Iuvat
1336 3574 1535 3631 tamen
1588 3571 1730 3647 hoc,
1798 3570 1959 3648 quod
2017 3571 2250 3649 saepius
2303 3573 2424 3632 iam
2476 3573 2757 3650 varieque

418 3655 961 3717 obsecundantibus
1003 3656 1140 3717 fatis
1183 3658 1423 3718 secutus
1465 3675 1602 3717 sum

1050 3789 1135 3804 -—
1174 3751 1618 3833 ἀνερρίφθω
1659 3749 1692 3816 ὃ
1739 3753 1965 3835 κύβος
2008 3791 2128 3834 —-,

412 3879 571 3922 nunc
611 3879 846 3938 quoque
887 3861 1048 3920 bono
1090 3859 1289 3921 animo
1332 3863 1600 3936 repetere
1643 3878 1767 3922 non
1809 3859 2028 3920 stolida
2069 3861 2268 3921 certae
2313 3861 2590 3922 fortunae
2643 3882 2748 3939 spe

414 3947 639 4007 elatum
682 3945 786 4008 sed
830 3945 904 4005 ad
948 3945 1193 4006 melio'ra
1234 3963 1340 4020 per
1383 3945 1574 4021 ipsam
1615 3964 1809 4004 meam
1853 3945 2079 4005 cladem
2120 3945 2490 4022 aliorumque
2513 3941 2753 4008 'succes-

418 4051 551 4090 sum
581 4030 921 4107 accipienda
948 4049 1205 4107 pronum
1226 4031 1287 4090 et
1313 4032 1606 4107 paratum.
1653 4027 1887 4108 Quippe
1908 4030 2259 4092 vulneribus
2290 4051 2486 4092 carere
2516 4031 2754 4109 ignavis

420 4119 657 4176 tantum
713 4115 884 4176 licuit
933 4119 1112 4193 atque
1155 4114 1391 4192 otiosis;
1448 4119 1756 4175 strenuum
1799 4134 1940 4176 vero
1983 4120 2048 4175 et
2085 4116 2339 4176 militem
2383 4121 2444 4176 et
2483 4117 2754 4177 criticum

422 4201 593 4262 decet
633 4219 757 4260 non
796 4201 989 4261 solum
1030 4200 1299 4263 victoriis
1342 4199 1627 4262 delectari
1670 4199 1775 4261 sed
1817 4201 1998 4261 etiam
2043 4200 2448 4261 cicatricibus!

592 4335 807 4396 Merito
852 4335 1225 4398 offenderunt
1266 4337 1625 4414 interpretes
1669 4337 1876 4446 statim
1919 4355 1976 4398 v.
2010 4337 2084 4396 15
2101 4382 2117 4414 ‚
2175 4337 2280 4414 qui
2323 4336 2388 4396 in
2429 4336 2599 4398 libris
2643 4337 2756 4398 hoc

424 4419 598 4481 modo
642 4421 891 4500 legitur:
