3132 5129
1263 375 1720 439 —587—

322 552 445 592 non
489 534 561 592 de
605 554 747 610 pace
793 537 970 610 atque
1014 535 1150 591 vita
1199 533 1423 591 urbana
1465 534 1749 609 loquatur
1794 534 2170 612 Plutarchus,
2226 537 2502 613 equidem
2556 558 2657 613 po-

322 619 445 677 tius
499 621 867 695 putaverim,
928 618 1304 677 Damotelem
1361 618 1541 677 fuisse
1600 619 1858 694 aliquem
1914 621 2150 697 ducem,
2209 624 2311 698 qui
2367 622 2658 681 militibus

325 703 473 762 levis
531 707 862 763 armaturae
920 703 1251 780 praefectus
1310 702 1571 762 hostium
1615 703 1833 762 itinera
1877 706 2188 765 observare
2232 711 2410 782 atque
2454 708 2657 766 videre

324 788 608 865 debebat,
655 809 730 848 ne
775 789 849 855 ab
894 789 1166 847 hostibus
1215 788 1506 847 exercitus
1555 789 2099 849 circumveniretur.
2185 786 2448 857 {Eodem
2478 792 2656 851 modo

321 871 622 950 περίπολοι
668 874 827 949 apud
875 872 1268 932 Athenienses
1314 873 1494 931 etiam
1539 873 1761 932 milites
1805 874 1952 933 levis
1997 882 2356 951 armaturae,
2402 878 2506 952 qui
2549 879 2657 935 cir·

322 960 833 1035 cumvagabantur
875 959 1063 1017 hostis
1109 957 1466 1016 observandi
1512 974 1714 1032 causa,
1762 959 1906 1017 dicti
1952 965 2116 1035 sunt,
2162 961 2283 1019 vid.
2331 961 2516 1020 Thuc.
2546 961 2652 1036 IV,

329 1038 466 1109 67.}
550 1045 846 1103 Discimus
891 1046 1085 1101 autern
1132 1046 1437 1117 praeterea
1468 1042 1587 1100 duo
1630 1042 1770 1101 alia.
1838 1043 2106 1103 Primum
2138 1046 2292 1104 enim
2325 1046 2655 1105 cavendum

323 1133 451 1186 erat
509 1129 854 1203 iuvenibus,
914 1148 989 1186 ne
1046 1128 1108 1185 in
1167 1128 1512 1201 cuiusquam
1572 1131 1955 1204 conspectum
2014 1130 2288 1189 venirent
2344 1133 2403 1188 et
2456 1130 2532 1188 ab
2586 1150 2655 1190 eo

328 1218 854 1289 cognoscerentur,
912 1212 1072 1289 quod
1129 1212 1231 1269 ubi
1289 1211 1505 1269 factum
1563 1214 1748 1287 esset,
1808 1231 2035 1288 poenae
2090 1215 2163 1274 iis
2216 1215 2655 1291 infligebantur.

326 1298 573 1357 Factum
603 1300 713 1358 hoc
742 1302 889 1373 puto
920 1316 988 1356 eo
1018 1296 1295 1370 consilio,
1343 1298 1412 1354 ut
1454 1297 1701 1356 iuvenes
1745 1299 1868 1356 suis
1913 1299 2092 1358 etiam
2137 1300 2393 1374 viribus,
2440 1299 2653 1358 seclusi

324 1383 399 1441 ab
444 1383 692 1443 aliorum
741 1381 1196 1455 consuetudine,
1244 1381 1756 1458 relinquerentur,
1804 1385 1865 1441 et
1908 1402 1976 1442 eo
2007 1385 2219 1443 melius
2248 1385 2435 1443 totius
2464 1388 2657 1443 terrae

325 1468 581 1526 latebras
611 1472 1047 1544 pernoscerent.
1119 1466 1247 1524 Hac
1278 1466 1433 1523 enim
1466 1466 1598 1539 lege
1630 1467 1819 1526 coacti
1852 1473 2050 1543 erant,
2095 1473 2166 1527 ut
2207 1469 2465 1528 interdiu
2512 1469 2656 1528 locis

327 1553 713 1612 abditissimis
757 1553 1201 1626 delitescerent,
1247 1555 1428 1609 noctu
1460 1553 1694 1609 tantum
1725 1552 2090 1612 clandestino
2124 1557 2415 1630 cautoque
2445 1573 2656 1630 gressu

321 1638 934 1714 circumvagarentur,
981 1640 1049 1695 ut
1092 1636 1288 1695 cibum
1320 1635 1857 1712 deprehenderent3
1905 1639 1965 1697 id
1998 1639 2156 1714 quod
2188 1639 2405 1698 diserte
2437 1642 2657 1698 testan-

325 1726 426 1780 tur
469 1723 822 1782 Plutarchus
867 1727 931 1781 et
972 1720 1317 1782 Heraclides
1362 1719 1664 1780 Ponticus.
1754 1722 1837 1780 Et
1878 1724 1952 1781 ab
1995 1724 2106 1783 hoc
2168 1743 2329 1783 more
2372 1716 2656 1797 κρύπτεια

332 1826 546 1866 nomen
606 1808 899 1883 accepisse
954 1807 1223 1879 videtur,
1281 1823 1443 1879 cum,
1505 1804 1611 1863 illa
1666 1807 1715 1865 si
1771 1808 2003 1867 abesset
2048 1809 2400 1885 „occultat·i0,
2459 1809 2659 1884 potius

326 1912 360 1948 a
404 1892 675 1969 vagando
737 1897 795 1951 et
852 1891 1100 1950 errando
1160 1888 1576 1965 appellaretur.
1675 1892 1896 1951 Narrat
1952 1894 2127 1951 simul
2181 1894 2524 1969 scholiasta,
2592 1894 2655 1952 in

327 1996 593 2036 annuum
639 1978 895 2053 spatium
946 1977 1018 2034 ad
1064 1973 1359 2047 xpvmc'av
1401 1974 1652 2044 emissos
1697 1995 1851 2051 esse,
1909 1998 2025 2052 qua
2080 1978 2151 2036 de
2196 1998 2261 2036 re
2305 1984 2374 2038 ut
2419 1979 2654 2037 dubite-

321 2082 484 2135 muS,
548 2062 773 2120 nullam
820 2062 994 2120 video
1052 2079 1308 2119 causam.
1398 2058 1553 2117 Nam
1611 2061 1772 2137 quod
1830 2062 2002 2121 Plato
2057 2062 2097 2120 l.
2131 2082 2179 2122 c.
2238 2082 2335 2121 eos
2393 2064 2654 2137 iuvenes,

319 2165 466 2222 quos
506 2149 634 2222 ipse
665 2148 835 2205 iubet
867 2147 926 2205 in
957 2148 1118 2223 agris
1155 2143 1460 2218 excubare,
1506 2163 1612 2218 per
1640 2146 1945 2205 biennium
1989 2147 2125 2205 huic
2166 2149 2409 2224 negotio
2455 2148 2655 2221 tradit,

326 2251 393 2289 eo
426 2231 624 2291 minus
655 2233 878 2306 poterit
908 2234 1111 2290 contra
1141 2228 1494 2288 scholiastae
1533 2232 1941 2290 testimonium
1985 2231 2212 2303 afferri,
2261 2251 2377 2307 quo
2422 2250 2657 2307 promp-

315 2318 435 2375 tius
505 2318 664 2391 erat,
738 2319 805 2374 ut
859 2315 1034 2374 Plato
1104 2315 1255 2372 hanc
1333 2315 1620 2388 temporis
1692 2315 2148 2391 descriptionem
2203 2336 2271 2375 ex
2328 2316 2653 2375 Athenien·

319 2402 474 2458 sium
531 2402 763 2477 legibus
829 2405 1118 2474 sumeret,
1191 2398 1517 2457 secundum
1585 2418 1732 2475 quas
1787 2402 2030 2460 iuvenes
2087 2401 2412 2460 octodecim
2471 2420 2656 2462 annos

317 2486 472 2560 nati,
522 2487 625 2561 qui
670 2484 975 2563 περίπολοι
1020 2484 1415 2557 vocabantur,
1472 2502 1576 2557 per
1630 2485 1937 2544 biennium
1992 2485 2137 2545 fines
2182 2488 2365 2563 atque
2411 2487 2655 2545 castella

320 2573 561 2630 Atticae
606 2571 1043 2630 custodiebant.
1135 2569 1260 2646 (Cf.
1293 2567 1594 2629 Wachsm.
1642 2572 1874 2646 antiqq.
1907 2569 2142 2631 Graece.
2174 2573 2222 2647 Ι,
2261 2577 2291 2631 1
2325 2594 2383 2648 p.
2418 2574 2539 2633 252
2562 2593 2653 2648 sq.

324 2653 433 2733 [==
464 2656 491 2714 I
522 2678 582 2733 p.
619 2658 697 2715 47
708 2659 743 2716 6
777 2657 866 2714 ed.
898 2651 1083 2734 alt.].)
1135 2656 1265 2724 Quo
1298 2657 1493 2711 autem
1543 2657 1757 2714 aetatis
1802 2674 1957 2714 anno
2002 2657 2203 2716 emissi
2248 2658 2488 2733 fuerint,
2528 2677 2654 2716 non

318 2745 521 2816 potest
552 2745 710 2800 certe
742 2742 878 2800 dici.
948 2741 1215 2799 Iustinus
1245 2738 1286 2795 1.
1320 2756 1370 2797 c.
1417 2738 1528 2797 hoc
1571 2743 1805 2799 tantum
1851 2741 2102 2815 indicat,
2151 2742 2376 2801 factum
2421 2744 2482 2800 id
2528 2762 2653 2802 esse

317 2844 389 2884 eo
439 2828 738 2901 tempore,
789 2844 908 2900 quo
954 2826 1086 2884 aliis
1131 2825 1191 2882 in
1239 2823 1582 2884 civitatibus
1629 2825 1701 2882 ad
1749 2827 1948 2886 civilia
1990 2828 2235 2902 negotia
2277 2827 2650 2900 accesserint,

322 2911 538 2986 quibus
585 2911 956 2986 capessendis
1000 2909 1160 2985 apud
1207 2908 1602 2969 Athenienses
1646 2910 1949 2987 legitimus
1995 2914 2120 2969 erat
2164 2930 2356 2969 annus
2389 2911 2652 2969 decimus

320 2999 582 3054 octavus.
671 2996 802 3054 Hoc
848 2999 1049 3053 tamen
1096 2992 1333 3051 videtur
1376 2996 1518 3052 satis
1576 2994 1968 3069 probabiliter
2022 2996 2208 3055 conici
2263 3014 2463 3070 posse,
2522 2994 2655 3071 lege

320 3080 467 3138 illud
516 3085 753 3155 tempus
800 3079 1227 3154 praescriptum
1271 3078 1472 3137 fuisse.
1549 3079 1787 3156 Colligo
1833 3081 1941 3138 hoc
1984 3081 2200 3155 partim
2231 3099 2301 3138 ex
2333 3080 2653 3139 Athenien·

323 3165 475 3223 sium
521 3184 686 3224 more
741 3165 919 3222 modo
977 3164 1247 3236 laudate,
1304 3165 1518 3238 partim
1579 3183 1646 3221 ex
1694 3165 1902 3224 ceteris
1946 3165 2121 3238 apud'
2149 3165 2651 3224 Lacedaemonios

321 3251 380 3308 in
412 3251 650 3325 publica
680 3268 997 3324 puerorum
1029 3248 1379 3307 educatione
1425 3249 1748 3324 institutis,
1796 3268 1944 3324 quae
1975 3253 2245 3308 accurate
2276 3250 2651 3326 definiebant,

316 3353 437 3409 quo
481 3335 693 3393 aetatis
739 3352 892 3392 anno
939 3353 1087 3410 puer
1117 3332 1211 3392 vel
1260 3335 1321 3391 in
1366 3334 1665 3407 publicam
1712 3334 2087 3408 disciplinam
2133 3335 2509 3410 reciperetur,
2559 3336 2653 3394 vel

313 3420 384 3477 ad
434 3419 581 3478 alios
626 3419 992 3478 educationis
1036 3417 1254 3494 gradus
1300 3419 1658 3492 perveniret.
1726 3416 1844 3494 (Cf.
1877 3419 2140 3478 Mueller.
2173 3421 2212 3477 l.
2247 3440 2293 3478 c.
2326 3440 2384 3494 p.
2412 3422 2535 3479 300
2557 3439 2648 3495 sq.

317 3500 403 3581 [p.
438 3504 560 3561 295
580 3523 669 3578 sq.
703 3504 794 3565 ed.
827 3503 985 3580 alt.j.
1056 3503 1216 3563 Plut.
1259 3503 1398 3578 Lyc.
1438 3506 1534 3563 16.
1606 3503 1907 3562 Wachsm.
1941 3503 2019 3578 ΙΙ,
2056 3505 2091 3560 2
2123 3525 2179 3580 p.
2215 3507 2291 3564 lO
2325 3503 2411 3579 [II
2444 3524 2504 3578 p.
2529 3505 2649 3562 364

313 3589 402 3647 ed.
433 3583 624 3667 alt.].)
681 3589 950 3648 Pertinet
977 3589 1090 3646 huc
1123 3587 1300 3645 etiam
1332 3588 1600 3648 Platonis
1640 3588 1835 3662 locus,
1884 3589 1987 3663 qui
2034 3593 2301 3647 accurate
2332 3606 2457 3646 eam
2489 3591 2644 3646 aeta-

316 3679 438 3731 tem
496 3673 730 3748 definit,
792 3693 908 3749 qua
965 3672 1222 3747 eligendi
1268 3678 1466 3732 essent
1508 3691 1784 3748 agrorum
1831 3673 2126 3731 custodes.
2218 3674 2404 3748 Saepe
2447 3676 2648 3731 autem

317 3759 418 3818 ille
463 3759 725 3833 respexit
767 3758 842 3816 ad
886 3757 1481 3815 Lacedaemoniorum
1526 3758 1810 3816 instituta
1855 3758 1913 3815 in
1962 3758 2052 3832 iis,
2102 3777 2252 3832 quae
2298 3758 2425 3832 ipse
2471 3757 2542 3815 de
2584 3776 2648 3816 re

313 3844 552 3919 publica
598 3848 657 3902 et
701 3843 935 3918 legibus
979 3841 1276 3901 disseruit.
1364 3843 1454 3901 Ex
1496 3843 1611 3901 hoc
1656 3843 1894 3917 quidem
1957 3843 2132 3900 simul
2190 3842 2367 3900 etiam
2414 3842 2651 3900 videtur

313 3930 498 3987 conici
554 3948 758 4004 posse,
826 3926 1424 3985 Lacedaemoniorum
1490 3927 1734 3986 iuvenes
1798 3928 1938 4002 post
1992 3927 2346 4002 vigesimum
2410 3925 2648 3985 demum

316 4015 529 4072 aetatis
572 4032 792 4072 annum
839 4013 910 4071 ad
963 4013 1260 4087 cryptiam
1305 4031 1431 4071 esse
1475 4012 1750 4086 emissos;
1797 4011 1896 4070 cui
1940 4012 2205 4086 opinioni
2253 4010 2441 4085 favet,
2487 4012 2646 4086 quod

315 4117 382 4155 ex
416 4098 729 4156 iuvenibus
761 4097 979 4173 viginti
1009 4115 1196 4155 annos
1228 4097 1410 4169 natis,
1443 4097 1545 4171 qui
1580 4093 1800 4172 εἴρενες
1832 4096 2313 4171 appellabantur,
2359 4094 2649 4155 robustis-

317 4182 455 4240 simi
500 4183 718 4258 quique
764 4185 1095 4240 ceterorum
1141 4199 1461 4256 puerorum
1507 4181 1722 4240 turmis
1769 4173 2064 4258 (ἀγέλαις)
2111 4181 2288 4240 duces
2346 4179 2646 4255 praeficie-

317 4267 557 4325 bantur.
646 4267 726 4324 Hi
782 4266 971 4342 igitur
1027 4285 1145 4324 non
1191 4268 1467 4340 poterant
1509 4266 1582 4323 ad
1629 4266 1919 4342 cryptiam
1967 4265 2188 4341 egredi.
2273 4265 2485 4341 Itaque
2529 4284 2649 4324 non

315 4351 623 4410 adsentior
652 4351 956 4425 Muellero,
992 4351 1094 4426 qui
1127 4352 1165 4409 l.
1192 4367 1241 4407 c.
1273 4370 1330 4424 p.
1360 4351 1480 4410 302
1517 4346 1602 4426 [p.
1624 4352 1744 4408 296
1763 4369 1850 4425 sq.
1879 4349 1968 4408 ed.
1994 4345 2148 4426 alt.],
2182 4350 2459 4409 inductus
2490 4351 2649 4409 haud

320 4435 499 4494 dubie
554 4437 992 4510 comparatione
1035 4427 1374 4512 περιπόλων
1417 4435 1905 4509 Atheniensium,
1966 4438 2105 4493 ante
2150 4435 2502 4511 vigesimum
2548 4455 2644 4494 an·

2695 2410 2757 2459 18
