3132 5129
1282 441 1351 452 -
1446 405 1738 468 353-

350 559 624 619 accurate
670 576 942 618 enarrare
999 559 1227 634 studet,
1285 563 1351 618 ut
1406 579 1537 618 cum
1597 561 1788 619 multa
1842 560 2000 620 demi
2044 561 2282 636 possint
2325 562 2489 620 nulla
2532 563 2682 620 rela-

346 645 526 704 tionis
555 645 782 702 iactura
822 643 983 702 facta
1023 643 1229 703 lectori
1274 645 1661 722 cogitandum
1693 648 1798 704 aut
1827 664 1932 705 suo
1962 647 2160 705 animo
2192 647 2680 722 amplificandum

347 728 469 788 fere
513 728 663 787 nihil
708 728 1030 803 relinquat.
1102 727 1317 804 Itaque
1362 747 1495 789 cum
1528 729 1752 788 Aldina
1795 751 1864 790 ex
1909 732 2300 806 pessimorum
2331 751 2449 791 uno
2479 732 2680 790 codice

343 817 498 874 esset
553 812 883 889 descripta,
954 832 986 873 e
1046 813 1391 873 melioribus
1450 815 1751 874 codicibus
1807 816 1983 874 multi
2041 834 2247 876 versus
2301 817 2363 875 in
2421 816 2526 876 illa
2580 816 2682 892 qui

342 899 821 957 desiderarentur
875 896 1067 956 additi
1122 901 1289 973 sunt,
1360 899 1462 958 sed
1516 900 1721 959 nullus
1775 901 1837 958 in
1894 900 1999 959 illa
2051 901 2159 976 qui
2213 901 2470 976 scriptus
2525 904 2686 960 esset

343 983 553 1041 horum
607 982 959 1042 auctoritate
1015 982 1202 1042 deleri
1252 988 1472 1059 potest.
1558 985 1816 1044 Restant
1870 988 2070 1044 tamen
2127 987 2306 1044 etiam
2354 986 2448 1045 vel
2501 987 2563 1044 in
2606 986 2681 1044 iis

342 1067 531 1143 libris,
563 1085 711 1143 quos
744 1067 1115 1126 Monacensis
1147 1069 1411 1132 omnium
1444 1069 1710 1144 optimus
1741 1068 1926 1128 codex
1956 1070 2240 1146 servavit,
2270 1071 2388 1129 loci
2417 1071 2679 1147 quidam,

343 1153 404 1211 in
448 1152 667 1227 quibus
711 1169 886 1210 nemo
930 1150 1155 1228 aliquid
1198 1153 1575 1214 intercidisse
1619 1157 1724 1212 aut
1765 1155 2012 1230 negavit
2053 1156 2161 1213 aut
2185 1173 2402 1232 negare
2433 1155 2678 1230 poterit.

342 1236 490 1296 Inde
518 1239 683 1313 patet
712 1237 890 1296 etiam
934 1255 1035 1296 eos
1080 1237 1259 1314 locos,
1308 1238 1531 1314 quibus
1579 1239 1947 1298 emendando
1979 1243 2084 1299 aut
2109 1240 2277 1299 nulla
2308 1242 2414 1298 aut
2441 1242 2681 1298 tantum

342 1322 501 1381 iusto
530 1321 851 1382 violentior
891 1321 1183 1381 medicina
1226 1322 1427 1382 afferri
1470 1326 1704 1399 potest,
1761 1323 1889 1381 iure
1931 1326 2264 1399 meritoque
2307 1327 2371 1383 in
2413 1324 2682 1384 defectus

346 1406 643 1465 incurrere
687 1406 1112 1482 suspicionem,
1160 1407 1209 1466 si
1255 1409 1319 1466 et
1361 1411 1640 1484 corrupta
1683 1408 1972 1467 librorum
2015 1408 2311 1484 scriptura
2354 1410 2575 1468 servari
2617 1411 2682 1466 et

345 1491 543 1566 qualia
585 1489 806 1566 scripta
863 1490 1089 1550 fuerint
1134 1492 1532 1566 probabiliter
1575 1492 1825 1552 indicari
1867 1496 1930 1552 et
1970 1511 2130 1567 vere,
2177 1493 2334 1569 quod
2381 1493 2680 1552 interdum

335 1576 602 1635 feliciter
628 1576 926 1636 invenisse
954 1575 1103 1635 mihi
1134 1577 1369 1652 videor,
1417 1595 1521 1636 cur
1549 1596 1699 1653 quae
1729 1577 2160 1637 interciderunt
2188 1579 2407 1638 omissa
2435 1579 2559 1637 sint
2583 1579 2680 1636 via

344 1665 407 1720 et
447 1661 679 1722 ratione
722 1660 850 1719 erui
894 1662 1134 1735 poterit.
1226 1662 1307 1720 Et
1350 1661 1581 1721 faciunt
1625 1681 1852 1722 mecum
1899 1661 2346 1738 Spitznerus
2391 1666 2452 1720 et
2495 1663 2680 1722 Her-

346 1765 685 1823 mannus,
731 1763 985 1822 quorum
1015 1745 1117 1804 ille
1146 1746 1212 1806 in
1254 1746 1437 1822 libro,
1485 1748 1589 1823 qui
1635 1746 2205 1808 observationes
2250 1748 2566 1807 criticae
2611 1751 2683 1806 et

346 1831 883 1907 grammaticae
939 1831 1015 1890 in
1073 1831 1338 1902 Quinti
1392 1830 1776 1908 Smyrnaei
1829 1831 2396 1892 Posthomerica
2453 1829 2681 1912 (Lips.

352 1913 541 1996 1839)
588 1915 967 1990 inscribitur,
1025 1915 1120 1976 hic
1174 1916 1238 1975 in
1280 1917 1657 1992 recensione,
1713 1935 1890 1993 quam
1935 1917 2010 1975 de
2054 1936 2122 1976 eo
2169 1917 2465 1992 Spitzneri
2508 1935 2684 1993 opere

344 2001 609 2077 meisque
636 1999 857 2060 libellis
886 2001 1169 2076 scriptam
1197 2001 1598 2062 annalibus
1627 2003 1854 2077 antiq.
1883 2001 2000 2059 VII
2025 1997 2249 2081 (1840)
2274 2022 2330 2078 p.
2349 2002 2682 2060 257--275

345 2085 625 2160 inseruit,
672 2085 873 2161 plures
916 2086 1077 2144 locos
1120 2086 1431 2146 mutilatos
1474 2105 1605 2146 esse
1652 2085 2104 2146 demonstravit.

516 2169 634 2230 Sed
664 2171 739 2229 ad
769 2189 895 2229 rem
927 2170 1118 2246 ipsam
1146 2171 1357 2231 accedo
1388 2173 1451 2230 et
1478 2170 1718 2247 quidem
1746 2171 1823 2229 ad
1866 2170 2054 2229 libri
2097 2171 2324 2247 primi
2365 2191 2421 2230 v.
2455 2170 2684 2246 9—14,

345 2255 563 2332 quibus
608 2255 879 2314 versibus
934 2255 1083 2315 alios
1138 2255 1385 2331 insuper
1440 2256 1700 2316 adiectos
1760 2274 1888 2314 esse
1933 2275 1968 2313 a
2009 2258 2189 2331 poeta
2240 2257 2304 2314 in
2358 2255 2683 2315 emendatt.

345 2361 403 2417 p.
435 2342 557 2401 266
603 2343 665 2400 et
704 2358 779 2398 ex
820 2339 1110 2399 librorum
1142 2341 1432 2400 varietate
1476 2343 1539 2400 et
1581 2360 1652 2399 ex
1695 2340 2124 2400 sententiarum
2169 2340 2444 2399 iunctura
2472 2340 2682 2415 proba-

345 2425 548 2485 biliter
591 2423 927 2484 ostendisse
969 2425 1114 2484 mibi
1158 2425 1383 2486 videor.
1472 2425 1561 2484 Ea
1613 2425 1733 2484 iam
1788 2441 1944 2484 nunc
2000 2443 2123 2484 non
2179 2423 2330 2483 libet
2386 2427 2680 2500 repetere:

346 2510 451 2571 sed
505 2510 601 2571 hic
642 2509 807 2571 locus
850 2509 1107 2587 pessime
1150 2510 1393 2571 habitus
1449 2508 1747 2587 quomodo
1804 2510 1960 2569 fere
2014 2509 2160 2569 olim
2215 2508 2398 2569 fuerit
2450 2527 2681 2585 compa·
2783 2555 2810 2575 .

346 2600 513 2656 ratus
571 2596 750 2671 paulo
806 2596 1137 2655 accuratius
1191 2615 1228 2655 a
1282 2615 1376 2656 me
1428 2598 1806 2672 perspectum
1863 2614 1991 2655 esse
2043 2614 2239 2671 spero,
2327 2595 2482 2653 Eum
2525 2612 2685 2655 nunc

342 2683 430 2741 ita
474 2681 905 2757 disposuerim:

600 2795 968 2874 μνησάμενοι
1011 2794 1339 2893 προτέρων,
1385 2790 1678 2859 ὁπόσων
1719 2788 1863 2857 άπὸ
1907 2787 2151 2874 θυμὸν
2197 2796 2460 2874 ἴαψεν,

348 2894 413 2942 10
604 2877 825 2942 ὁππότε
869 2880 946 2959 δὴ
994 2876 1065 2941 τά
1107 2892 1311 2959 πρῶτα
1355 2880 1497 2961 φέρε
1548 2876 1841 2959 Τρώεσσιν
1881 2879 2144 2961 ὄλεθρον

602 2986 2422 3030 ****************

602 3074 635 3113 *
720 3074 755 3113 ’σε
839 3073 874 3112 *
956 3046 1253 3113 ὁπόσων
1295 3043 1661 3130 ἀπέταμνε
1703 3051 1992 3129 κάρηνα

600 3133 779 3198 θύων
820 3131 1060 3198 Ἰδαίοιο
1104 3134 1238 3236 περὶ
1284 3147 1572 3239 προχοῆσι
1606 3136 2062 3243 Σκαμάνδρου,

608 3216 707 3300 ἠδ’
756 3214 969 3295 ὅσσους
1012 3216 1345 3301 φεύγοντας
1387 3200 1507 3283 ὑπο
1548 3221 1696 3301 μέγα
1739 3243 1926 3301 τειχος
1969 3218 2238 3297 ὄλεσσεν,
2361 3237 2372 3247 “
2467 3218 2478 3227 ’

587 3304 855 3383 ’Έκτορά
898 3302 969 3369 θ’
1019 3330 1100 3379 ως
1142 3304 1435 3383 ἐδάμασσε
1480 3306 1580 3368 καὶ
1625 3303 2100 3386 άμφείρυσσε
2140 3303 2399 3382 πόληι,

352 3402 413 3451 15
604 3389 841 3454 ἄλλων
886 3390 955 3451 θ’
1005 3386 1135 3464 οὓς
1179 3389 1376 3469 ἐδάιξε
1419 3390 1511 3455 δι’
1557 3387 1886 3472 ἀκαμάτοιο
1928 3388 2239 3467 θαλάσσης

607 3512 688 3523 ⁰-
780 3514 852 3523 ..ι-
945 3512 1029 3525 -
1122 3513 1201 3524 -
1289 3512 1374 3525 —
1464 3514 1541 3525 -
1631 3512 1706 3524 —
1803 3510 1880 3523 —
1966 3512 2052 3523 —
2143 3510 2220 3521 .-
2306 3509 2387 3521 —

520 3614 647 3675 Iam
678 3618 847 3692 patet
876 3634 1004 3675 esse
1050 3616 1311 3693 aliquem
1356 3617 1418 3675 in
1460 3616 1878 3676 enumerandis
1909 3613 2160 3674 Achillis
2192 3612 2364 3673 factis
2394 3613 2684 3687 ordinem,
2727 3620 2760 3669 5

356 3700 547 3777 qualis
592 3701 772 3761 etiam
814 3701 974 3760 infra
1016 3700 1122 3777 IV,
1163 3702 1277 3760 145
1299 3720 1429 3777 sqq.
1475 3701 1610 3777 VII,
1643 3703 1762 3761 387
1791 3720 1924 3777 sqq.
1969 3697 2130 3773 XIV,
2169 3698 2286 3757 128
2311 3716 2444 3773 sqq.
2492 3697 2688 3756 obser·

354 3788 543 3849 vatur.
628 3784 899 3845 Primum
950 3787 1019 3845 in·
1067 3788 1414 3846 memoriam
1467 3787 1582 3847 sibi
1625 3791 1909 3846 revocant
1952 3782 2225 3858 Troiani,
2285 3784 2439 3859 quot
2481 3800 2685 3842 eorum

358 3870 619 3931 Achilles
664 3870 1034 3931 interfecerit
1076 3889 1210 3930 cum
1254 3871 1514 3947 primum
1559 3868 1769 3931 Graeci
1811 3870 1885 3930 ad
1932 3868 2258 3928 Troianum
2313 3868 2458 3926 litus
2503 3886 2688 3943 appu-

352 3956 549 4031 lerint,
595 3958 659 4015 in
704 3976 823 4033 qua
864 3976 1067 4033 pugna
1111 3955 1379 4032 Cycnum
1424 3974 1658 4032 quoque
1699 3955 1978 4015 cecidisse
2036 3955 2301 4027 constat,
2361 3952 2528 4012 cuius
2569 3952 2689 4013 viri

354 4042 717 4101 mentionem
772 4041 991 4101 factam
1045 4041 1228 4101 fuisse
1272 4044 1413 4117 post
1454 4062 1511 4101 v.
1547 4044 1628 4102 10
1669 4042 1784 4100 huc
1827 4059 1862 4097 a
1903 4057 2000 4099 me
2052 4036 2486 4112 transpositum
2527 4037 2688 4096 arbi-

355 4130 499 4186 tror.
588 4124 816 4185 Deinde
860 4125 1247 4186 recordantur
1290 4143 1526 4200 eorum,
1573 4144 1721 4202 quos
1751 4124 2014 4185 Achilles
2043 4122 2482 4198 Agamemnoni
2511 4120 2688 4181 Grae-

356 4211 554 4287 cisque
610 4210 1025 4271 reconciliatus
1081 4204 1147 4269 ἐν
1198 4204 1359 4291 μάχῃ
1400 4208 1830 4291 παραποταμίᾳ)
1888 4206 2298 4283 trucidaverit,
2357 4225 2536 4283 quam
2579 4226 2688 4282 pu-

359 4314 535 4371 gnam
563 4294 859 4355 Homerus
906 4295 1220 4372 descripsit
1262 4294 1320 4351 Φ
1353 4296 1632 4371 1-210,
1679 4312 1944 4371 quosque
1989 4296 2119 4351 tum
2161 4291 2460 4369 fugientes
2503 4310 2690 4368 prope

358 4379 565 4439 urbem
608 4379 913 4455 occiderit,
960 4380 1022 4440 id
1067 4380 1228 4457 quod
1271 4380 1417 4439 ibid.
1450 4380 1576 4441 520
1599 4399 1728 4456 sqq.
1776 4379 2116 4455 exponitur.
2181 4377 2292 4437 His
2335 4380 2472 4453 apte
2501 4376 2690 4453 ipsius

358 4464 633 4525 Hectoris
678 4465 941 4541 superati
986 4469 1050 4524 et
1093 4483 1266 4524 curru
1315 4465 1536 4541 raptati
1577 4464 1804 4527 mentio
1833 4462 2191 4527 adnectitur.
2257 4462 2317 4521 Is
2349 4462 2506 4521 enim
2537 4464 2691 4521 cete·-

458 4570 705 4625 Koehly.
732 4570 979 4612 Schriften.
1009 4572 1045 4611 1.
1067 4612 1077 4620 ,
2215 4564 2282 4613 23
