3132 5129
1316 362 1772 428 -503—

779 519 985 594 δεινῆς
1030 514 1085 577 τ’
1133 515 1383 593 άπλοίας
1426 518 1790 597 πνευμάτων
1831 516 1885 581 τ’
1935 516 2009 581 οὗ
2055 516 2364 601 τυγχάνων

781 604 863 676 εἰς
908 600 1125 683 ἔμπυρ’
1172 596 1349 682 ἦλθε.

376 727 528 787 Nam
572 746 680 787 nec
726 725 1051 804 particulae
1096 726 1467 802 copulativae
1512 727 1609 786 hic
1652 727 1796 785 ferri
1838 729 2091 803 possunt
2119 729 2180 785 et
2205 729 2473 803 genetivi
2501 726 2706 803 δεινῆς

374 804 623 882 ἀπλοίας
668 811 827 871 unde
870 812 996 888 apti
1039 811 1179 887 sint,
1228 810 1469 869 difficile
1514 813 1608 871 est
1650 811 1833 871 dictu.
1906 811 2065 883 Quos
2108 812 2418 888 genetivos
2462 814 2565 889 qui
2597 815 2702 873 eri-

378 896 481 957 tici
522 916 593 956 ex
636 890 945 972 τυγχάνων
987 896 1114 956 sine
1158 888 1230 953 οὐ
1273 894 1626 955 assumendo
1671 896 1928 973 pendere
1972 898 2354 971 putaverunt,
2401 896 2705 959 Seidlerus

378 983 557 1056 atque
586 979 965 1055 Matthiaeus,
1012 979 1447 1040 intolerabilem
1477 981 1816 1041 scabritiem
1835 986 2062 1077 poetae
2092 980 2506 1057 obtruderunt,
2555 1002 2705 1057 quae

378 1067 641 1141 reposita
684 1066 775 1126 bis
821 1064 1113 1142 particula
1155 1060 1244 1141 δέ,
1292 1084 1469 1141 quam
1514 1065 1817 1125 Seidlerus
1861 1066 1990 1125 iure
2032 1065 2276 1141 quidem
2320 1085 2429 1126 suo
2474 1066 2702 1143 intulit,

375 1169 732 1227 quamquam
783 1169 819 1209 a
868 1150 1142 1209 barbarie
1198 1152 1356 1210 certe
1412 1148 1775 1225 vindicatur,
1841 1150 2028 1211 nihilo
2085 1151 2284 1212 tamen
2337 1151 2706 1211 tolerabilior

375 1234 657 1299 redditur.
746 1235 873 1294 Nec
914 1234 1107 1335 magis
1151 1254 1221 1294 ea
1263 1234 1417 1293 ratio
1465 1234 1610 1295 ferri
1655 1237 1887 1315 potest,
1933 1252 2052 1311 qua
2095 1233 2420 1294 Schoenius
2463 1236 2701 1295 Fixium

373 1323 609 1379 secutus
651 1321 847 1395 primo
892 1311 938 1375 τ’
985 1319 1047 1377 ιιι
1092 1312 1153 1376 δ’
1200 1322 1433 1378 mutato
1476 1318 1666 1379 altero
1713 1319 1910 1379 deleto
1955 1316 2156 1421 δεινῆς
2197 1312 2448 1390 ἀπλοίας
2493 1323 2562 1379 ιιι
2600 1340 2700 1397 ge-

368 1404 600 1464 netivos
668 1404 931 1464 causales
988 1421 1121 1462 cum
1176 1403 1565 1479 sequentibus
1621 1402 1705 1474 εἰς
1760 1397 1977 1502 ἔμπυρ’
2036 1392 2192 1481 ἦλθε
2257 1404 2702 1481 coniungendos

375 1489 630 1564 putavit.
718 1489 855 1548 Una
896 1490 1085 1548 restat
1127 1488 1255 1564 via,
1301 1492 1371 1546 ut
1414 1488 1479 1547 in
1521 1488 1722 1548 verbis
1766 1488 1880 1550 hoc
1921 1488 2050 1565 ipso
2095 1488 2270 1548 modo
2315 1489 2552 1565 scriptis

775 1587 979 1662 δεινῆς
1024 1580 1087 1647 δ’
1134 1580 1387 1660 άπλοίας
1431 1582 1786 1664 πνευμάτων
1831 1609 1902 1648 ου
1945 1582 2276 1667 τυγχάνων·

372 1712 505 1751 cum
550 1691 858 1752 Schaefero
903 1710 973 1750 ex
1017 1689 1339 1751 Homerico
1382 1690 1486 1751 illo
1530 1690 1590 1747 Ε
1623 1692 1744 1750 523
1779 1689 2058 1768 νηνεμίης
2085 1692 2394 1769 genetivos
2423 1692 2560 1753 illos
2589 1711 2700 1768 pro

371 1778 657 1853 temporis
710 1775 1008 1854 genetivis
1051 1774 1402 1851 habeamus,
1458 1775 1664 1852 quales
1707 1777 1932 1852 passim
1977 1796 2118 1837 sane
2161 1776 2576 1853 inveniuntur,
2633 1781 2704 1837 ut

372 1859 614 1938 αἰθρίας
643 1860 949 1936 Aristoph.
986 1860 1127 1919 nub.
1155 1863 1297 1937 371,
1343 1858 1589 1937 αἰθρίας
1633 1880 1692 1919 τε
1723 1857 1824 1919 καὶ
1853 1859 2135 1935 νηνεμίας
2164 1861 2421 1921 Aristot.
2452 1866 2699 1921 meteor.

367 1948 426 2022 I,
472 1949 582 2021 10,
625 1947 665 2004 4
712 1942 799 2022 [p.
833 1946 986 2003 347⁸
1028 1946 1107 2004 26
1148 1944 1400 2023 Bekk.],
1450 1938 1656 2015 εὐδίας
1698 1945 1842 2005 ibid.
1889 1947 1926 2005 6
1975 1943 2063 2026 [p.
2095 1941 2252 2005 347¹»
2297 1943 2395 2025 1],
2441 1940 2701 2024 γαλήνης

372 2030 673 2091 Plutarch.
714 2029 926 2093 moral
966 2050 1028 2106 p.
1066 2030 1193 2091 460
1225 2029 1298 2090 B.
1373 2030 1660 2107 Magnum
1704 2033 1905 2091 tamen
1946 2030 2292 2107 scrupulum
2333 2034 2537 2092 movet
2580 2033 2702 2109 epi-

368 2117 576 2177 theton
632 2112 837 2188 δεινῆς
892 2116 955 2173 οι
1001 2133 1108 2190 per
1156 2134 1220 2175 se
1270 2115 1600 2175 insolenter
1649 2114 1920 2174 additum
1973 2115 2265 2175 eiusmodi
2316 2117 2596 2190 genetivo
2643 2121 2704 2176 et

367 2202 459 2261 hic
516 2200 755 2276 quidem
810 2203 879 2257 ut
930 2194 1182 2269 άπλοίας
1236 2218 1473 2259 causam
1536 2202 1808 2259 ventos
1874 2199 2222 2297 designans,
2287 2200 2490 2275 quales
2557 2205 2702 2260 sunt

366 2285 525 2362 apud
546 2283 946 2361 Aeschylum
930 2302 993 2342 ιιι
1015 2283 1234 2360 Agam.
1265 2285 1385 2343 192
1401 2302 1529 2360 sqq.
1561 2280 1745 2341 πνοαὶ
1773 2278 1833 2340 δ’
1863 2270 1988 2341 άπὸ
2006 2278 2355 2361 Στρυμόνος
2377 2282 2696 2365 μολοῦσαιΙ

366 2366 717 2465 κακόσχολοι
763 2365 1032 2445 νήστιδες
1075 2364 1385 2445 δυσορμοι,
1426 2368 1435 2441 Ι
1471 2366 1711 2445 βροτῶν
1752 2363 1913 2444 αλαι,
1961 2372 2112 2425 νεῶν
2143 2386 2201 2425 τε
2231 2365 2332 2426 καὶ
2359 2366 2702 2446 πεισμάτων

290 2502 307 2515 .
363 2444 662 2530 άφειδεΐς,
720 2471 841 2513 ιιοιι
896 2452 1313 2549 malaciam,
1380 2472 1559 2530 quam
1625 2453 1812 2514 solam
1869 2453 2118 2515 indicari
2172 2472 2348 2528 posse
2400 2454 2699 2515 locutione

365 2531 724 2616 πνευμάτων
768 2531 840 2597 οὐ
897 2530 1209 2616 τυγχάνων
1257 2537 1412 2598 haud
1460 2537 1636 2598 facile
1677 2539 1996 2616 quisquam
2037 2537 2262 2598 infitias
2305 2537 2441 2598 ibit.
2529 2539 2700 2600 Hanc

367 2625 556 2724 ipsam
589 2641 729 2684 vero
760 2642 1021 2683 causam·
996 2623 1138 2684 -hic
1178 2624 1457 2684 illaturus
1500 2626 1563 2683 et
1606 2620 1882 2684 Reisln‘us
1925 2623 2044 2682 iam
2086 2623 2229 2683 olim
2257 2623 2502 2721 scripsit
2529 2623 2700 2706 δεινῇ

368 2699 425 2766 δ’
454 2702 731 2787 άπνοία
762 2705 1119 2784 πνευμάτων
1148 2701 1546 2787 ἐντυγχάνων
1574 2709 1673 2769 vel
1717 2698 2208 2786 συντυγχάνων,
2253 2710 2314 2768 et
2356 2708 2484 2770 eius
2528 2711 2698 2788 igna-

364 2810 497 2870 rus,
542 2797 613 2854 ut
652 2794 918 2869 videtur,
961 2797 1170 2869 postea
1212 2793 1590 2853 Hermannus

770 2893 977 2973 δεινῆς
1018 2887 1309 2966 άπνοίας
1353 2887 1711 2972 πνευμάτων
1755 2891 1830 2952 δὲ
1875 2889 2220 2974 τυγχάνων,
2255 2965 2280 2990 .
2727 2907 2758 2955 7

374 3017 704 3074 provocans
748 2997 845 3058 hic
887 2997 1065 3059 simul
1107 2996 1182 3057 ad
1227 2995 1539 3072 Sophoclis
1582 2997 1883 3058 Electram
1926 2997 2050 3057 563
2080 3017 2170 3074 sq.

773 3096 909 3177 ἐροῦ
954 3093 1022 3157 δὲ
1066 3090 1174 3176 τὴν
1215 3093 1483 3176 κυναγὸν
1515 3093 1828 3194 Ἄρτεμιν,
1873 3095 2036 3171 τίνος

768 3182 981 3258 ποινῆς
1026 3204 1093 3241 τα
1139 3179 1326 3241 πολλὰ
1372 3171 1669 3259 πνευματ’
1720 3177 1844 3258 ἔσχ’
1893 3179 1959 3242 ἐν
2001 3172 2239 3244 Αυλίδι.

368 3304 485 3364 Sed
542 3303 875 3363 Hei-manni
929 3301 1170 3379 quidem
1228 3302 1569 3362 coniectura
1623 3302 1802 3360 etiam
1860 3321 1896 3359 a
1935 3302 2260 3378 particulae
2305 3296 2372 3360 δὲ
2431 3303 2700 3378 positura

372 3389 569 3449 minus
614 3387 1105 3448 commendabilis
1150 3391 1259 3462 est,
1306 3386 1547 3462 utrique
1593 3403 1732 3445 vero
1777 3388 2056 3446 constans
2100 3389 2398 3464 repugnat
2438 3386 2595 3445 fama
2624 3389 2700 3447 de

367 3473 558 3533 Diana
613 3477 931 3532 ventorum
985 3490 1109 3531 non
1166 3472 1433 3532 omnium
1478 3469 1980 3546 tranquillitatem
2025 3470 2126 3532 sed
2172 3471 2558 3531 adversorum
2599 3471 2696 3530 fu-

368 3576 563 3618 rorem
606 3557 988 3632 immittente,
1033 3575 1213 3632 quam
1256 3556 1475 3614 famam
1516 3558 1752 3631 praeter
1792 3555 1942 3616 alios
1986 3555 2169 3615 etiam
2212 3555 2558 3632 Euripidem
2602 3556 2700 3615 hic

369 3661 605 3718 quoque
649 3644 920 3702 secutum
964 3660 1091 3725 esse
1133 3641 1299 3700 loeus
1343 3638 1556 3699 similis
1602 3639 1828 3699 indicat
1868 3640 1933 3699 ιιι
1961 3639 2156 3717 Iphig.
2187 3640 2330 3700 Aul.
2355 3641 2435 3700 88
2465 3633 2690 3714 ἥμεσθ’

363 3721 589 3785 απλοί
598 3749 637 3784 α
680 3720 997 3802 χρώμενοι,
1041 3717 1143 3802 qui
1188 3724 1367 3785 simul
1398 3723 1644 3784 suadere
1686 3723 1940 3801 videtur,
1984 3743 2062 3784 ne
2105 3742 2212 3800 pro
2257 3725 2407 3785 hac
2390 3745 2522 3801 ipsa
2548 3743 2694 3786 voce

366 3813 637 3889 ignotam
667 3811 929 3887 alioquin
960 3827 1315 3886 quamquam
1348 3810 1536 3885 probe
1558 3809 1870 3868 formatam
1893 3809 2326 3869 substituamus
2344 3803 2443 3867 απ
2460 3807 2580 3868 νοί
2587 3831 2692 3878 ας

531 3895 743 3972 Itaque
788 3896 904 3954 alia
944 3896 1282 3956 coniectura
1326 3893 1857 3969 circumspicienda
1899 3897 2012 3954 est.
2069 3893 2128 3952 N
2129 3911 2195 3954 ec
2241 3893 2293 3952 ei
2321 3895 2583 3994 negotio
2593 3894 2694 3954 de—

366 3981 610 4041 fuerunt
662 3981 970 4040 novissimi
1025 3981 1430 4076 interpretes,
1470 3997 1722 4055 quorum
1765 3997 1921 4039 unus
1965 3977 2367 4040 Kirchhoffius
2409 3969 2587 4052 δεινὴ
2633 3972 2690 4035 δ’

362 4059 609 4123 απλοι’
665 4055 787 4141 ἦν·
844 4058 1196 4142 πνευμάτων
1240 4052 1299 4122 δ’
1360 4050 1435 4121 οὗ
1475 4057 1816 4140 τυγχάνων,
1874 4063 2030 4122 alter
2081 4062 2388 4122 Nauckius
2441 4060 2696 4134 δεθεὶς

364 4141 426 4208 δ’
475 4138 721 4231 ἆπλοία,
764 4146 1123 4226 πνευμάτων
1164 4143 1218 4206 τ’
1268 4142 1341 4208 οὐ
1385 4143 1697 4225 τυγχάνων
1741 4148 2072 4228 proposuit.
2133 4147 2214 4206 Et
2256 4147 2406 4207 illud
2449 4148 2693 4246 quidem

367 4233 750 4311 quamobrem
794 4235 994 4294 minus
1036 4235 1289 4312 placeat,
1334 4253 1517 4310 supra
1560 4233 1679 4291 iam
1722 4232 2006 4308 indicavi3
2055 4231 2166 4293 hoc
2209 4251 2348 4294 vero
2378 4233 2537 4294 haud
2568 4233 2692 4295 scio

361 4339 439 4379 an
480 4319 798 4380 Homerico
842 4320 949 4381 illo
994 4317 1031 4377 δ
1063 4321 1188 4379 380

769 4416 929 4492 ὅςτις
968 4415 1035 4498 μ’
1082 4411 1411 4478 ἀθανάτων
1451 4414 1647 4500 πεδάᾳ
1692 4411 1794 4476 καὶ
1837 4413 2008 4495 ἔδησε
2052 4412 2346 4479 κελεύθου
