3132 5129
1306 338 1755 402 —295—

355 498 568 556 contra
635 516 768 556 eam
833 497 1174 572 opinionem
1244 498 1449 556 monet
1502 495 1907 571 Wellauerus,
1976 497 2038 554 et
2092 495 2506 572 praecedentia
2561 492 2702 574 νηὸς

354 573 650 655 ἀεικελίης
697 583 964 658 flagitare
1008 581 1267 659 aliquid,
1313 580 1470 657 quod
1515 580 1579 640 in
1622 580 2013 657 sequentibus
2056 580 2131 639 ad
2174 600 2243 640 ea
2286 581 2594 657 referatur,
2641 585 2703 641 et

355 685 487 726 cum
534 685 611 725 ne
656 667 718 725 in
761 668 953 742 prima
998 667 1241 743 quidem
1286 666 1544 725 editione
1591 684 1794 727 versus
1824 666 1926 724 ille
1956 666 2118 726 solus
2145 666 2232 724 ita
2260 666 2384 742 legi
2412 667 2697 743 potuerit,

355 752 683 828 permirum
742 770 898 827 esse,
956 751 1116 828 quod
1173 751 1326 811 alter
1379 770 1589 812 versus
1645 753 1709 810 in
1750 754 1988 812 nostros
2031 751 2218 811 libros
2262 751 2700 829 immigraverit

360 837 515 895 alter
560 835 950 896 interciderit.
1043 836 1288 896 Accedit
1340 837 1497 913 quod
1554 836 1720 894 nullo
1764 839 1956 912 pacto,
2007 835 2298 912 quidquid
2343 840 2483 911 post
2526 836 2695 895 illum

359 941 596 981 versum
643 921 1028 998 sequebatur,
1076 923 1128 980 is
1174 922 1285 980 hoc
1329 921 1503 980 modo
1547 920 1730 980 scribi
1773 924 2042 997 poterat:
2105 940 2347 996 prorsus
2393 922 2551 980 enim
2597 923 2697 980 ab·

351 1006 600 1065 surdum
657 1010 749 1065 est
801 1002 957 1083 ἅμα,
1013 1005 1170 1083 quod
1223 1006 1409 1065 miror
1462 1025 1498 1064 a
1551 1007 1786 1066 nemine
1840 1024 1964 1065 esse
2020 1005 2519 1066 animadversum.
2605 1006 2697 1066 Ne

353 1092 575 1150 multa:
647 1090 1056 1151 emendatione
1110 1093 1258 1167 puto
1319 1110 1467 1167 opus
1524 1109 1681 1167 esse,
1751 1110 1935 1166 eaque
1992 1109 2067 1150 ne
2120 1091 2382 1151 violenta
2434 1092 2693 1167 quidem.

353 1174 528 1251 Quid,
577 1176 628 1234 si
672 1179 847 1252 poeta
892 1176 1164 1236 dederat:

659 1284 702 1375 ᾗ
745 1289 833 1352 ἔνι
875 1292 1239 1372 πείρομεν
1283 1284 1497 1370 οἶδμα
1542 1290 1721 1365 κατὰ
1768 1288 1933 1372 χρέος
1977 1289 2390 1372 έμβεβαῶτεςῗ

360 1412 597 1471 Similia
645 1416 786 1473 sunt
828 1413 989 1489 apud
1033 1414 1230 1490 ipsum
1273 1413 1383 1488 III,
1418 1413 1540 1471 388
1600 1411 1684 1483 τίς
1729 1406 1790 1470 δ’
1837 1434 1918 1470 αν
1960 1409 2137 1471 τόσον
2178 1403 2352 1486 οἶδμα
2396 1410 2692 1493 περῆσαιΙ

352 1495 521 1572 τλαίη
566 1490 750 1565 ἕκων;
805 1497 911 1573 IV,
959 1500 1084 1558 980
1127 1502 1334 1576 πεῖρον
1385 1491 1530 1567 ἆλὸς
1588 1493 1735 1576 μέγα
1789 1500 2001 1574 λαῖτμα
2045 1493 2407 1576 κεχαρμένοι.
2498 1498 2693 1557 Κατὰ

351 1580 572 1660 χρέος
628 1586 828 1644 autem
876 1583 989 1642 sibi
1034 1583 1200 1642 reddi
1257 1584 1524 1684 postulat
1577 1584 1737 1642 idem
1787 1586 1967 1659 poeta
2010 1584 2132 1660 III,
2183 1584 2301 1642 189
2348 1578 2474 1641 τόδ’
2537 1578 2692 1686 ἔρεξε

350 1664 503 1726 κατὰ
564 1664 751 1744 χρέος.
797 1669 898 1744 IV,
947 1670 1069 1727 889
1127 1664 1429 1744 μηρύοντο
1484 1660 1635 1726 κατά
1689 1665 1878 1746 χρέος.
1927 1670 2050 1729 530
2106 1662 2401 1748 περόωντι
2444 1663 2591 1727 κατὰ
2637 1688 2689 1744 χ.

518 1786 676 1846 lbid.
713 1788 896 1847 1218.
945 1818 1028 1828 —-
1077 1820 1151 1828 —-
1203 1820 1277 1828 --
1324 1777 1483 1861 αἶψα
1526 1782 1593 1845 δὲ
1639 1782 1879 1862 Πηλεὺς

936 1868 1371 1949 θαρσαλέως
1417 1866 1688 1932 ἐπέεσσιν
1728 1862 2038 1949 ἀμείψατο.

521 1990 879 2066 Apollonius
924 1985 1380 2069 θαρσαλέοις
1426 1986 1473 2048 ἐ.
1521 1991 1774 2066 scripsit.
1859 1992 1952 2051 Ne
2001 1992 2161 2051 locos
2209 1991 2561 2066 adscribam,
2628 1994 2691 2051 in

347 2076 566 2151 quibus
610 2076 847 2154 longior
875 2077 1155 2136 adiectivi
1187 2077 1380 2136 forma
1409 2077 1485 2136 ob
1516 2076 1694 2135 metri
1725 2078 2138 2136 necessitatem
2170 2077 2367 2152 posita
2395 2076 2686 2151 videatur,

347 2157 706 2237 θαρσαλέοις
764 2156 1033 2219 ἐπέεσσιν
1086 2162 1292 2220 eadem
1349 2162 1411 2221 in
1469 2161 1606 2220 sede
1661 2162 1977 2221 collocavit
2031 2161 2125 2236 ΙΙ,
2175 2163 2329 2234 639;
2387 2165 2693 2235 praeterea

346 2238 799 2323 σμερδαλέοιςέ.
826 2245 1178 2322 legiturIII,
1212 2247 1354 2321 433,
1387 2242 1766 2320 μειλιχίοιςὲ.
1806 2247 1851 2321 Ι,
1889 2248 2032 2305 294.
2064 2245 2143 2320 ΙΙ,
2180 2246 2322 2304 621.
2360 2245 2468 2322 ΙΠ,
2508 2247 2688 2323 14sq.

345 2329 448 2405 IV,
500 2331 643 2392 394.
694 2332 876 2389 1317.
927 2331 1107 2405 1431,
1152 2327 1302 2406 μηδέ
1344 2349 1416 2407 με
1471 2333 1745 2406 τερπνοῖς
1783 2327 1794 2409 Ι
1834 2293 2119 2432 φηλώσῃς
2169 2325 2685 2407 5.111,982sq.,

345 2416 447 2475 ubi
504 2413 770 2490 τερπνῶς
829 2415 1083 2475 scribere
1139 2416 1353 2490 potuit.
1459 2416 1772 2474 Postremo
1843 2416 1978 2476 vide
2042 2407 2290 2492 ἀγανοῖς
2352 2448 2425 2457 -
2484 2411 2691 2474 ἔπεσσι

344 2499 453 2578 ΙΠ,
508 2502 686 2577 1146,
731 2499 994 2581 αἰρχροῖς
1038 2533 1118 2542 —-
1164 2495 1367 2558 ἔπεσσι
1409 2498 1516 2576 IV,
1568 2500 1751 2558 1725.

522 2620 630 2695 III,
663 2622 806 2681 430.
938 2652 1017 2662 -
1065 2652 1143 2661 -
1192 2653 1273 2661 -
1317 2611 1390 2678 οὖ
1433 2611 1544 2697 γάρ
1591 2611 1679 2676 ἔτ’
1724 2608 1863 2677 αλλο

836 2703 1031 2784 ῥίγιον
1072 2697 1451 2783 ἀνθρώποισι
1493 2710 1682 2780 κακῆς
1727 2698 2132 2762 ἐπικείσετ’
2180 2697 2470 2782 ἀνάγκης.

533 2824 627 2882 Ita
669 2823 1057 2899 Wellauerus,
1105 2844 1175 2883 ex
1205 2824 1507 2899 plerisque
1536 2842 1678 2884 sane
1708 2823 2071 2899 optimisque
2104 2822 2421 2883 codicibus.
2494 2824 2690 2901 Vulgo

346 2900 735 2984 ἐπεβήσετ’
794 2909 1122 3007 legebstur.
1213 2908 1581 2966 Brunckium
1625 2911 1825 2967 autem
1870 2908 2020 2968 nihil
2065 2927 2264 2967 moror
2308 2909 2551 2985 eiusque
2597 2928 2689 2968 co·

352 2993 531 3053 dices.
618 2993 788 3053 Ferri
847 2995 1085 3053 omnino
1142 2993 1351 3069 nequit
1408 2994 1469 3052 in
1524 2994 1786 3070 generali
1842 2993 2139 3053 sententia.
2185 2993 2475 3052 futurum.
2566 2994 2683 3052 Sed

344 3077 704 3152 Apollonius
760 3072 1175 3137 ἕπινίσσετ’
1233 3071 1502 3155 ἀνάγκης
1547 3079 1816 3152 scripsit:
1875 3079 1947 3137 cf.
1995 3077 2099 3153 IV,
2149 3079 2268 3137 817
2318 3073 2419 3134 και
2473 3070 2584 3155 γάρ
2629 3099 2687 3136 τε

346 3159 537 3231 θεοὺς
585 3158 1056 3222 ἐπινίσσεται
1099 3160 1231 3238 ἄτη.
1322 3162 1564 3221 Dudum
1612 3163 1719 3221 hoc
1763 3163 2249 3238 emendaveram,
2297 3182 2431 3222 cum
2466 3163 2687 3222 relecto

346 3246 641 3306 Gerhardi
686 3247 892 3307 libello
937 3247 1186 3307 eundem
1233 3248 1349 3306 iam
1395 3267 1454 3322 p.
1489 3248 1571 3306 50
1614 3247 1757 3305 baec
1802 3248 2107 3323 scripsisse
2149 3247 2379 3307 inveni:
2426 3248 2688 3323 „Mirum

344 3333 409 3391 ni
455 3330 657 3391 Codex
700 3332 1019 3409 aliquando
1078 3334 1287 3391 offerat
1342 3324 1742 3389 ἕπινείσετ’
1802 3323 2035 3410 ἀνάγκη
2078 3333 2121 3390 i.
2167 3352 2220 3390 e.
2268 3324 2683 3390 ἐπινίσσετ’

341 3411 595 3493 ἀνάγκη.
687 3417 803 3476 Sed
862 3418 1188 3493 genuinum
1246 3419 1338 3476 est
1407 3417 1568 3491 quod
1635 3417 1938 3492 vulgatur.
2028 3416 2097 3475 Il.
2143 3417 2192 3472 Z
2232 3417 2373 3475 458.
2436 3411 2684 3493 κρατερὴ

342 3495 402 3557 δ’
453 3496 771 3561 ἐπικείσετ’
820 3495 1120 3579 ἀνάγκη.“
1211 3501 1328 3560 Sed
1373 3505 1494 3560 tam
1541 3501 1744 3577 inepte
1787 3500 2121 3560 Homericis
2164 3501 2518 3577 Apollonius
2564 3520 2685 3559 non

343 3587 556 3645 utitur.
647 3586 894 3646 Homeri
938 3586 1101 3645 locus
1144 3605 1323 3662 quam
1368 3585 1515 3644 nihil
1560 3585 1790 3661 probet,
1839 3589 2117 3662 apparet,
2163 3586 2214 3645 si
2258 3589 2421 3645 totus
2466 3586 2683 3646 adscri-

342 3671 542 3730 batur.
636 3671 913 3732 Hectoris
957 3675 1098 3730 sunt
1143 3671 1457 3730 notissima.
1501 3671 1684 3729 verba
1728 3672 1801 3730 ad
1846 3690 2121 3730 uxorem:

599 3787 707 3847 καί
743 3809 848 3848 κεν
890 3783 1054 3865 ὕδωρ
1098 3784 1333 3865 φορέοις
1382 3786 1724 3865 Μεσσηίδος
1767 3781 1810 3864 ἢ
1845 3777 2151 3865 Ὑπερείης

597 3867 766 3932 πόλλ’
816 3867 1197 3949 ἀεκαζομένη,
1241 3865 1492 3951 κρατερὴ
1538 3868 1597 3930 δ’
1646 3867 1955 3932 ἐπικείσετ’
2004 3868 2256 3952 ἀνάγκη.

512 3993 666 4052 Ibid.
714 3993 859 4051 517.

600 4101 752 4189 ὦρτο
793 4105 942 4188 μέγα
988 4105 1280 4198 φρονέων,
1327 4104 1424 4168 ἐπὶ
1473 4104 1530 4166 δ’
1578 4101 1706 4181 υἷες
1758 4106 2137 4187 Τυνδαρέοιο.

516 4231 772 4307 Propter
814 4230 1095 4291 vitiosum
1143 4231 1469 4306 spondeum
1514 4229 1854 4290 Gerbardus
1897 4227 2087 4300 υἱεῖς
2131 4230 2477 4306 proposuit,
2525 4230 2682 4307 quod

348 4318 551 4375 tamen
597 4318 757 4376 recte
800 4315 1184 4375 Wellauerus
1228 4315 1450 4375 reiecit.
1524 4316 1735 4379 Potiue
1779 4309 1893 4374 υἷέ
1905 4334 1931 4373 ε
1974 4316 2382 4391 reponendum
2426 4316 2681 4392 videtur,

346 4420 467 4477 qua
511 4401 706 4462 forma
750 4401 798 4479 I,
833 4401 973 4461 735.
1020 4399 1098 4473 11,
1131 4401 1255 4459 426
1301 4420 1442 4461 usus
1486 4404 1595 4461 est.

2728 2999 2787 3048 11
