3132 5129
1351 402 1431 416 --
1477 364 1645 434 ,382
1731 402 1811 418 -

417 525 480 581 in
526 523 733 581 matris
777 524 945 579 utero
988 521 1231 594 lateret,
1278 522 1396 579 iam
1430 524 1741 596 persecuta
1772 523 1918 579 erat.
1994 520 2222 579 Eodem
2249 520 2424 579 modo
2453 520 2750 580 Bacchum

417 625 653 682 quoque
697 605 960 664 nondum
1004 609 1183 680 partu
1229 605 1455 669 editum
1505 605 1834 663 vexandum
1882 623 2040 679 esse,
2086 606 2291 664 monet
2332 603 2587 665 Invidia.
2654 604 2744 665 Cf.

416 692 574 750 infra
621 691 739 749 144
771 710 892 766 sq.,
938 690 1040 749 ubi
1084 689 1235 749 Iuno
1279 690 1414 765 ipsa
1456 690 1754 764 loquitur:

1319 840 1394 849 —
1441 798 1593 866 ἄλλα
1640 802 1742 865 καὶ
1787 796 1940 885 αὐτὴ

671 888 906 972 γαστέρι
950 886 1178 971 φόρτον
1222 888 1437 969 ἔχουσα
1480 884 1894 968 πολύστροφος
1942 888 2133 968 ἔτρεχε
2180 896 2243 950 A
2252 912 2388 966 ητω

288 1006 800 1082 646Ὑποκόλπιος
844 1017 1044 1072 autem
1089 1012 1296 1072 eodem
1342 1031 1549 1083 sensu,
1609 1015 1678 1070 ut
1721 1012 1845 1087 hic,
1902 1012 2021 1070 iam
2064 1031 2123 1070 v.
2170 1013 2253 1069 30
2297 1012 2558 1086 positum
2606 1015 2748 1086 erat,

420 1099 654 1157 diverso
698 1097 802 1172 XI,
852 1100 973 1156 383
1032 1098 1270 1175 legitur.
1338 1056 1721 1166 Ἐπικόλπιος
1775 1100 1975 1155 autem
2035 1097 2263 1155 dictum
2323 1100 2478 1155 esset
2531 1096 2603 1154 de
2660 1098 2749 1155 iu-

422 1184 586 1241 sante
630 1184 841 1242 matris
872 1184 1100 1259 gremio
1132 1180 1460 1255 insidente,
1507 1180 1577 1241 ut
1608 1182 1884 1239 similiter
1914 1181 2017 1256 IX,
2050 1182 2129 1239 56
2163 1175 2474 1253 ἕπωλένιος
2504 1181 2743 1240 dicitur.

590 1268 744 1327 Ibid.
798 1270 915 1326 198
947 1287 1077 1343 sqq.
1124 1268 1197 1325 de
1245 1266 1475 1326 Semele
1522 1266 1774 1343 gravida
1818 1265 1962 1336 haec
2006 1267 2316 1342 leguntur:

672 1381 773 1442 καὶ
819 1377 1000 1443 τόκον
1040 1378 1114 1443 οὐ
1156 1379 1432 1455 ψαύοντα
1475 1377 1895 1480 τελεσσιγόνοιο
1945 1376 2220 1458 Σελήνης

673 1460 921 1547 γαστρὸς
964 1460 1342 1576 ἀσημάντου,
1376 1467 1584 1546 χλοερὴ
1632 1491 1817 1545 nqpv„
1796 1477 1846 1527 εε
1890 1465 2138 1546 παρειή,

674 1550 776 1612 καὶ
821 1548 988 1630 χλόος
1033 1546 1123 1633 ἦν
1166 1543 1402 1612 ἕπεων
1440 1552 1662 1630 μελέων
1707 1547 1910 1630 πάρος.

422 1674 663 1750 Duplici
707 1674 848 1733 haec
890 1677 1243 1749 premuntur
1288 1672 1661 1734 difficultate.
1732 1674 2001 1733 Primum
2055 1673 2214 1733 enim
2273 1675 2424 1732 mira
2468 1676 2559 1732 est
2615 1692 2752 1733 con-

422 1759 678 1818 iunctio:
725 1747 808 1833 ἦν
851 1752 1076 1834 ἔπεών,
1120 1777 1296 1861 quam
1342 1760 1487 1819 satis
1532 1758 1852 1819 infeliciter
1881 1758 2361 1836 Falkenburgius
2408 1758 2617 1818 tollere
2662 1777 2751 1817 co·

421 1847 597 1902 natus
643 1847 734 1902 est
778 1844 1121 1903 scribendo.
1181 1832 1263 1918 ἦν
1306 1836 1503 1902 ἐπιών.
1581 1844 1765 1919 Tum,
1812 1844 1955 1919 quid
2001 1844 2114 1903 sibi
2159 1844 2307 1905 velit
2348 1843 2497 1902 illud
2544 1860 2752 1918 παρος,

423 1929 599 2004 plane
642 1947 761 1987 non
799 1929 1184 2004 perspicitur,
1231 1947 1399 2003 nam,
1447 1930 1608 2004 quod
1651 1928 1924 1988 Lubinus
1968 1930 2182 1989 vertit:
2246 1933 2348 2003 „et
2390 1928 2581 2004 pallor
2625 1931 2752 1987 erat

424 2012 708 2072 membris
752 2014 984 2072 instans
1027 2016 1276 2087 priusf‘
1331 2013 1392 2071 id
1437 2014 1632 2089 ipsum
1679 2032 1854 2073 nemo
1899 2014 2074 2073 facile
2128 2013 2466 2089 explicabit.
2543 2013 2753 2089 Itaque

424 2116 500 2156 ne
543 2098 697 2157 alius
743 2099 982 2173 quidem
1026 2099 1400 2173 coniectura,
1459 2092 1555 2171 ἐφ’
1607 2093 1724 2156 ἐῶν
1769 2100 2110 2174 scribentis,
2169 2097 2481 2158 satisfacit.
2557 2098 2647 2157 Ne
2691 2102 2752 2156 te

425 2201 652 2242 morer:
725 2183 1027 2258 scripsisse
1084 2183 1161 2241 N.
1221 2186 1394 2259 puto:
1462 2180 1561 2241 καὶ
1615 2177 1782 2258 χλόος
1849 2182 2188 2242 οἰνωπῶν
2252 2178 2475 2258 μελέων
2539 2180 2747 2259 πάρος.

426 2270 623 2327 Antea
666 2268 850 2343 enim,
897 2288 1074 2344 quam
1129 2267 1461 2345 graviditas
1505 2268 1730 2344 pallore
1776 2287 1989 2345 corpus
2046 2268 2401 2344 obduxerat,
2457 2268 2753 2326 rubebant

303 2346 304 2349 ¹
424 2353 706 2411 membra.
783 2353 1097 2413 Adiectivo
1142 2350 1397 2423 οἰνωπός
1441 2353 1661 2428 passim
1701 2372 1842 2414 usus
1886 2356 1979 2412 est
2006 2353 2110 2428 N.,
2159 2356 2227 2410 ut
2270 2352 2400 2426 XII,
2434 2353 2578 2411 325.
2620 2352 2750 2427 XV,

415 2440 504 2495 63
552 2438 624 2497 de
667 2438 836 2513 vin0,
882 2438 1116 2514 XVIII,
1167 2440 1243 2497 77
1290 2438 1362 2498 de
1405 2438 1765 2513 amethystO.
1842 2438 1923 2497 Et
1965 2436 2197 2511 XVIII,
2246 2439 2366 2495 343
2413 2437 2553 2496 haec
2611 2438 2754 2495 dicit

423 2522 686 2582 Bacchus
729 2522 805 2582 ad
849 2523 1090 2584 Methen
1133 2524 1466 2600 lugentem:

1031 2675 1112 2686 ——
1158 2630 1355 2700 οὐκέτι
1397 2637 1647 2720 πέμπεις

680 2724 939 2803 ἔμφυτον
983 2725 1359 2809 οἰνωπῇσι
1403 2727 1715 2805 παρηίσι
1762 2724 2105 2806 πορφύρεον
2148 2733 2290 2803 πῦρ.

425 2845 511 2903 At
552 2865 626 2904 ne
669 2846 804 2921 quis
849 2849 1048 2921 putet,
1094 2847 1345 2905 nimium
1388 2864 1515 2905 esse
1558 2846 1631 2904 de
1662 2845 1944 2904 membris
1974 2848 2275 2921 universe,
2322 2846 2568 2922 pulchro
2599 2849 2750 2906 sani-

425 2931 569 2987 tatis
614 2931 808 2989 colore
852 2931 1232 3006 rubentibus,
1279 2928 1568 3006 οἰνωπός,
1629 2931 1704 2990 cf.
1762 2930 1876 3006 XI,
1935 2932 2010 2989 31
2070 2929 2208 3009 χροῒ
2254 2929 2750 3007 φοινίσσονέι,

423 3014 577 3090 XLI,
627 3017 804 3072 ‘2582
779 3034 864 3088 sq.
918 3012 1114 3073 λευκοὶ
1165 3012 1234 3073 δὲ
1283 3010 1446 3089 παρὰ
1488 3031 1689 3089 σφυρα
1745 3014 1955 3074 νείατα
1973 3012 2192 3091 κούρης
2230 3012 2241 3092 Ι
2290 3013 2751 3092 πορφυρέοις

424 3094 814 3173 μελέεσσιν
869 3093 1274 3172 έφοινίσσοντο
1320 3108 1587 3177 χιτῶνες,
1636 3098 1833 3174 XLII,
1882 3101 2004 3159 265
2076 3096 2200 3159 ἐπεὶ
2255 3096 2437 3159 πλέον
2487 3099 2753 3160 οἴνοπι

423 3190 676 3262 μορφῇ
714 3180 724 3258 Ι
764 3181 988 3260 ἱμερταὶ
1030 3179 1344 3263 γεγάασιν,
1382 3180 1479 3244 ὅτε
1511 3179 1889 3261 στενάχουσι,
1919 3187 2217 3263 γυναῖκες.
2286 3185 2511 3262 Tryph.
2542 3206 2599 3246 v.
2631 3188 2749 3244 521

424 3268 495 3326 de
541 3269 770 3327 Helena
813 3266 1080 3326 οἴνοπα
1122 3268 1321 3346 πῆχυν
1376 3259 1647 3345 ἀνεῖλκε,
1702 3290 1877 3346 quem
1923 3273 2116 3330 locum
2163 3290 2283 3330 non
2330 3271 2584 3330 debebat
2626 3275 2751 3329 ten-

420 3356 548 3412 tare
605 3353 872 3414 Graefius
928 3356 989 3413 in
1032 3355 1354 3430 appendice
1407 3356 1481 3414 ad
1549 3355 1897 3415 Colluthum
1955 3355 2440 3415 Schaeferianum
2501 3376 2561 3431 p.
2610 3356 2751 3416 236.

425 3439 658 3499 Similia
700 3440 981 3516 leguntur
1024 3440 1106 3515 X,
1159 3441 1296 3499 1-89.
1344 3441 1455 3516 XI,
1506 3442 1605 3498 27.
1656 3442 1799 3500 245.
1848 3443 1988 3505 286.
2039 3444 2178 3505 378.
2224 3444 2365 3502 389.
2413 3441 2557 3515 XII,
2605 3441 2747 3498 228.

423 3524 553 3598 XV,
602 3526 722 3582 226
769 3528 830 3582 et
872 3526 933 3583 in
982 3526 1217 3584 Musaeo
1265 3545 1317 3584 v.
1368 3526 1449 3584 60
1478 3544 1607 3601 sqq.

593 3609 662 3683 X,
711 3609 788 3667 67
821 3627 952 3684 sqq.
1008 3610 1081 3669 de
1128 3610 1386 3669 Athama
1430 3611 1696 3670 furente.

1233 3743 1312 3752 —
1361 3706 1426 3770 έν
1470 3707 1533 3770 δὲ
1577 3707 1859 3790 μελαθρῳ

676 3787 897 3869 νήπιον
938 3785 1361 3867 αρτικόμιστον
1406 3792 1750 3872 ἕσαθρῆσας
1798 3794 2202 3876 Μελικέρτην,

675 3880 947 3958 στηρίξας
993 3877 1056 3938 δὲ
1099 3876 1316 3958 λέβητα
1360 3882 1695 3959 πυρίπνουν
1740 3878 2087 3962 ἕσχαρεοόνι,

677 3966 758 4036 εἰς
800 3963 986 4041 μέσον
1025 3960 1156 4023 υἱέα
1199 3970 1416 4042 θῆκεν.

423 4083 571 4144 Post
612 4104 665 4143 v.
714 4088 792 4144 68
836 4086 1084 4145 lacunae
1129 4088 1299 4163 signa
1341 4088 1617 4162 ponenda
1659 4105 1786 4146 esse
1830 4087 2111 4146 arbitror.
2185 4088 2339 4146 Nam
2385 4107 2577 4164 neque
2622 4105 2752 4163 par-

423 4170 629 4244 ticipia
672 4171 775 4227 illa
818 4170 968 4229 bene
1024 4171 1365 4245 cohaerent,
1420 4177 1484 4230 et
1538 4172 1816 4247 explicari
1873 4171 2156 4246 debebat,
2216 4192 2334 4247 quo
2390 4175 2608 4232 mentis
2665 4173 2752 4230 in-

423 4255 711 4312 sanientis
755 4274 951 4314 errore
1008 4256 1222 4316 ductus
1266 4260 1387 4315 tam
1432 4256 1669 4315 crudele
1726 4257 1951 4315 facinus
1996 4257 2059 4314 in
2116 4257 2304 4315 filium
2363 4259 2755 4316 commisisset
2794 4274 2802 4282 ·

422 4338 737 4414 AthamaS,
786 4343 854 4398 ut
895 4360 1072 4415 supra
1115 4342 1189 4399 de
1220 4341 1482 4400 Learcho
1516 4343 1595 4398 52
1630 4359 1759 4416 sqq.
1802 4341 2076 4416 pluribus
2109 4342 2167 4398 id
2212 4342 2569 4417 explicatum
2600 4347 2748 4401 erat.

423 4424 633 4500 Itaque
678 4427 780 4482 aut
824 4443 1005 4500 unus,
1052 4429 1157 4484 aut
1198 4427 1621 4500 pluresetiam
1668 4444 1873 4484 versus
1904 4425 2105 4486 deesse
2150 4427 2450 4486 videntur.
2487 4460 2567 4469 —
2597 4428 2749 4485 Tum
