3132 5129
1373 1147 1601 1276 XIX.

703 1321 1300 1391 Coniectaneorum
1338 1321 1681 1410 epicorum
1720 1322 2089 1392 fasciculus
2126 1316 2281 1419 11¹).

488 1491 583 1550 Ad
615 1492 670 1549 N
675 1510 897 1550 onnum
927 1492 1034 1550 bac
1065 1491 1202 1550 data
1232 1493 1537 1550 occasione
1570 1496 1858 1552 revertor.
1931 1494 2082 1552 Eum
2115 1493 2405 1552 Friderici
2438 1491 2649 1552 Graefii
2682 1504 2713 1549 3

319 1577 609 1653 singulari
666 1578 907 1651 ingenio
967 1580 1029 1635 et
1086 1577 1355 1636 acumine
1410 1578 1648 1654 egregie
1701 1578 2022 1653 expolitum
2077 1596 2203 1637 esse
2247 1579 2404 1636 inter
2447 1596 2652 1636 omnes

318 1664 580 1736 co'nstat3
625 1662 845 1720 multos
886 1661 1226 1722 etiamnunc
1269 1679 1487 1722 naevos
1531 1662 1789 1737 relinqui
1835 1661 2131 1721 tollendos
2172 1662 2408 1721 futurus
2439 1662 2650 1737 editor,

319 1746 421 1822 qui
468 1746 705 1821 quidem
749 1746 904 1803 haud
949 1746 1233 1822 indignus
1264 1746 1481 1806 Graefii
1513 1765 1818 1807 successor
1848 1749 2131 1807 exsistere
2170 1748 2407 1823 gestiat,
2454 1748 2652 1806 studio

320 1835 381 1889 et
426 1829 741 1906 diligentia
784 1831 1050 1889 invenire
1094 1832 1337 1906 poterit.
1398 1831 1466 1890 In
1513 1852 1633 1908 qua
1674 1834 1981 1908 provincia
2021 1834 2136 1890 rite
2183 1832 2653 1892 administranda

320 1933 680 1990 magnopere
725 1933 932 1973 vereor
976 1934 1050 1974 ne
1095 1917 1464 1975 tutissimum
1510 1918 1660 1975 illud
1705 1920 1783 1992 et,
1832 1918 1881 1976 si
1913 1936 2122 1975 verum
2152 1917 2327 1976 fateri
2355 1919 2648 1991 volumus,

318 2000 670 2058 facillimum
731 2000 1228 2059 emendandorum
1285 2002 1642 2077 scriptorum
1686 2002 2045 2078 remedium,
2104 2002 2260 2077 quod
2305 2002 2502 2061 codice
2544 2003 2648 2059 ali-

316 2103 434 2159 quo
481 2084 870 2160 „optimo“
916 2086 1273 2160 continetur,
1319 2086 1564 2160 reperiri
1596 2104 1718 2145 non
1749 2087 1958 2161 possit,
2004 2089 2194 2145 utres
2225 2087 2649 2162 propemodum

318 2169 391 2228 ad
437 2170 684 2230 eandem
727 2171 1036 2241 rationem,
1088 2190 1204 2245 qua
1247 2170 1367 2228 iam
1401 2167 1664 2230 Graefius
1708 2171 1963 2231 feliciter
2004 2189 2146 2231 usus
2191 2177 2298 2247 est,
2344 2172 2647 2247 relapsura

319 2255 607 2335 videatur.
671 2253 860 2329 Certe,
907 2272 1290 2330 quaecunque
1335 2256 1407 2313 de
1438 2255 1643 2314 Nonni
1688 2255 1989 2315 codicibus
2033 2257 2398 2332 investigare
2428 2256 2647 2330 studui,

316 2340 473 2398 haud
517 2339 741 2398 bonum
787 2344 1156 2415 augurantur
1200 2357 1551 2399 successum.
1615 2340 1769 2398 Nam
1812 2343 1875 2399 et
1917 2342 2198 2415 perpauci
2242 2341 2648 2415 inveniuntur,

317 2427 378 2483 et
437 2425 539 2500 qui
594 2425 982 2484 inveniuntur
1033 2425 1428 2483 recentissimi
1483 2426 1769 2500 temporis
1825 2427 2003 2500 atque
2047 2424 2307 2483 eiusdem
2353 2444 2486 2484 cum
2532 2426 2649 2484 edi-

315 2509 478 2570 tione
543 2510 808 2586 principe
861 2513 1001 2570 sunt
1053 2509 1321 2586 originis.
1411 2508 1505 2568 Ita
1560 2509 1741 2569 codex
1798 2509 1900 2568 ille
1958 2509 2357 2569 Palatinus
2412 2509 2485 2568 N.
2548 2509 2647 2586 85,

319 2595 691 2670 chartaceus,
739 2595 957 2670 saeculi
1002 2594 1215 2654 decimi
1261 2595 1431 2669 sexti,
1478 2614 1547 2652 ex
1596 2612 1713 2670 quo
1758 2595 2026 2670 priorum
2071 2613 2172 2654 sex
2216 2594 2503 2653 librorum
2548 2615 2649 2655 va-

317 2680 592 2738 rietatem
639 2679 912 2740 Oreuzeri
957 2679 1237 2739 beneficio
1282 2679 1354 2736 ad
1401 2698 1462 2739 se
1508 2681 1915 2738 transmissam
1961 2697 2087 2738 esse
2133 2679 2344 2739 scribit
2384 2678 2650 2739 Graefius

321 2766 508 2839 praef.
555 2786 613 2841 p.
661 2764 768 2839 IV,
827 2765 875 2824 si
934 2765 996 2823 in
1041 2764 1133 2822 his
1178 2764 1350 2823 libris
1393 2764 1655 2839 aliquid,
1713 2764 1871 2839 quod
1919 2782 2127 2839 operae
2172 2765 2430 2839 pretium
2477 2769 2647 2841 esset,

319 2850 705 2925 praebuisset,
753 2849 881 2909 sine
912 2849 1092 2908 dubio
1124 2849 1226 2907 ille
1255 2849 1475 2908 alicubi
1504 2851 1633 2908 eius
1665 2850 1901 2908 fecisset
1927 2850 2314 2908 mentionem.
2390 2849 2648 2908 Romae

323 2937 425 3010 qui
473 2954 624 2994 unus
669 2935 958 2994 asservari
1002 2935 1221 2993 dicitur
1265 2933 1446 2993 codex
1490 2934 1766 2993 biblioth.
1814 2933 1962 3011 Reg.
2009 2932 2177 2993 Suec.
2219 2933 2296 2992 N.
2339 2933 2439 3009 81,
2486 2935 2648 2993 char·

317 3023 547 3094 tacens,
604 3019 794 3078 forma
837 3019 1120 3094 maxima,
1168 3019 1556 3078 ducentorum
1599 3021 1929 3095 nonaginta
1972 3023 2201 3094 septem
2244 3019 2552 3094 foliorum,
2598 3039 2651 3080 a.

322 3105 477 3162 1551
530 3105 765 3163 demum
814 3104 1099 3179 scriptus,
1145 3122 1220 3162 ne
1265 3103 1366 3161 ille
1409 3103 1680 3180 quidem,
1726 3107 1798 3162 ut
1840 3123 1909 3162 ex
1953 3104 2273 3179 specimine
2317 3104 2461 3162 mihi
2509 3106 2647 3164 olim

311 3189 534 3248 tradito
581 3193 856 3265 apparet,
917 3188 1235 3264 quicquam
1279 3189 1611 3260 contineat,
1657 3187 1817 3265 quod
1863 3188 1988 3246 sine
2034 3188 2140 3247 illo
2185 3189 2452 3248 invenire
2496 3189 2645 3247 disfi-

313 3275 425 3333 cile
480 3275 579 3334 sit.
670 3274 1012 3333 Monachi
1070 3274 1187 3332 duo
1247 3275 1390 3332 sunt
1432 3272 1635 3332 Nonni
1681 3273 1938 3349 codices,
1999 3273 2370 3349 bombycini,
2428 3274 2646 3332 saeculi

312 3359 504 3433 quinti
553 3359 800 3435 decimi,
858 3359 1049 3418 forma
1094 3359 1376 3432 maxima,
1436 3357 1642 3416 eadem
1690 3377 1867 3416 manu
1912 3362 2035 3416 tam
2081 3357 2358 3417 similiter
2400 3359 2644 3432 exarati,

314 3449 383 3502 ut
426 3462 532 3520 pro
581 3463 697 3503 uno
727 3444 933 3503 haberi
976 3444 1239 3519 possint3
1287 3443 1499 3502 horum
1545 3461 1729 3501 unum
1760 3443 2063 3519 integrum
2093 3443 2310 3518 partim
2342 3443 2470 3517 ipse
2501 3443 2645 3500 olim

312 3530 568 3605 contuli,
626 3531 845 3604 partim
900 3548 1008 3604 per
1063 3528 1457 3605 Georgium
1511 3528 1887 3600 Thomam,
1950 3528 2146 3587 virum
2202 3528 2644 3602 amicissimum,

279 3606 736 3674 'conferendum
780 3615 998 3673 curavi.
1089 3612 1205 3671 Sed
1250 3613 1431 3672 etiam
1476 3612 1595 3688 ille,
1642 3631 2006 3688 quamquam
2052 3613 2197 3672 locis
2239 3612 2400 3670 haud
2444 3613 2646 3687 paucis

311 3701 524 3759 melius
569 3700 836 3776 principe
882 3698 1145 3757 editione
1194 3715 1568 3756 communem
1615 3697 1845 3756 fontem
1887 3696 2132 3756 reddere
2179 3696 2444 3772 videt-ur,
2501 3697 2644 3773 ipsis

312 3783 403 3843 his
448 3784 592 3843 locis
621 3785 721 3842 vix
752 3783 1068 3859 quicquam
1087 3827 1102 3856 ,
1150 3781 1308 3857 quod
1340 3781 1467 3840 sola
1496 3782 1837 3840 coniectura
1865 3782 2099 3840 restitui
2129 3785 2406 3858 nequeat,
2453 3782 2643 3853 offert,

312 3874 373 3926 et
415 3869 592 3946 longe
635 3869 912 3944 plurimis
957 3868 1102 3926 locis
1147 3867 1380 3925 easdem
1424 3884 1557 3924 cum
1603 3867 1708 3926 illa
1751 3869 1916 3925 tenet
1958 3866 2346 3943 corruptelae.
2423 3866 2644 3925 Tamen

314 3974 383 4012 ex
413 3973 502 4030 ee,
548 3973 724 4028 quem
755 3953 961 4012 littera
991 3952 1051 4010 Μ
1081 3950 1404 4027 insignibo,
1450 3952 1848 4027 quodcunque
1880 3953 1942 4010 in
1974 3951 2206 4012 duobus
2240 3952 2449 4028 primis
2478 3951 2647 4009 libris

308 4038 432 4115 peti
477 4042 678 4115 potest
720 4056 841 4097 non
885 4054 1130 4113 prorsus
1174 4035 1412 4111 inutile,
1471 4028 1679 4097 sedulo
1724 4036 2005 4111 enotab0,
2068 4040 2139 4095 ut
2181 4037 2423 4098 videant
2464 4055 2645 4112 quan-

311 4123 512 4182 tillum
559 4122 708 4182 illud
754 4123 835 4182 sit
877 4122 1024 4198 opis,
1070 4122 1229 4196 quod
1275 4140 1344 4179 ex
1387 4120 1558 4179 libris
1580 4138 1782 4180 ·manu
1828 4121 2084 4197 scriptia,
2130 4122 2233 4197 qui
2276 4121 2516 4196 quidem
2548 4120 2646 4179 ad-

312 4209 426 4268 huc
470 4209 701 4268 inventi
747 4212 914 4281 sunt,
963 4207 1179 4266 Nonne
1224 4204 1571 4282 castigando
1615 4207 1841 4281 sperari
1885 4207 2094 4281 possit.

470 4390 537 4458 -1)
579 4388 779 4511 [Sindex
802 4388 956 4443 lectt.
979 4388 1036 4442 in
1056 4388 1165 4443 litt.
1187 4387 1335 4441 univ.
1358 4385 1542 4442 Turio.
1568 4385 1700 4443 inde
1726 4402 1761 4442 a
1784 4385 1838 4442 d.
1858 4384 2006 4443 XIX.
2024 4407 2090 4441 m.
2110 4387 2285 4458 April.
2302 4403 2478 4458 usque
2497 4386 2570 4444 ad
2590 4387 2644 4443 d.

313 4454 435 4516 XV.
474 4474 545 4511 m.
626 4459 743 4525 ept.
779 4454 1122 4511 MDCCCLII
1157 4456 1588 4525 habendarum]
2299 4473 2304 4478 ·
