3132 5129
1396 352 1772 415 ...5,-

586 512 704 571 Sed
752 514 822 570 ut
881 511 996 568 iam
1044 509 1238 568 missis
1298 510 1390 568 his
1451 510 1527 568 ad
1585 509 1823 585 singula
1869 513 2265 583 transeamus,
2331 510 2585 568 maxima
2628 511 2753 570 eius

410 596 732 674 fragmenti
799 615 943 670 pars
1001 596 1316 653 immutata
1376 594 1617 653 aliunde
1677 596 2065 670 transscripta
2109 599 2223 667 est,
2300 599 2494 653 cetera
2551 598 2753 654 autem

411 702 774 759 quamquam
816 680 1008 739 multo
1052 681 1332 755 pauciora
1373 682 1496 738 tam
1539 680 1756 739 misere
1803 684 2050 739 consuta
2095 684 2254 751 sunt,
2298 684 2367 738 ut
2409 682 2471 739 in
2514 698 2752 756 quoque

412 788 584 827 versu
638 768 841 825 ieiuna
895 766 1154 824 auctoris
1208 768 1530 840 paupertas
1590 769 1652 823 et
1709 765 1951 840 ineptus
2009 765 2462 824 Homericorum
2531 765 2751 825 abusus

410 855 657 911 eluceat.

580 936 655 998 V.
687 939 791 995 53.
838 936 952 994 Hic
981 934 1053 993 αἱ
1075 933 1311 1005 πλείους
1343 931 1445 992 καὶ
1472 931 1865 1011 χαριέσταται,
1911 936 2090 994 etiam
2123 936 2516 1007 Aristarchea,
2562 924 2751 1012 βουλὴ

412 1023 733 1094 habebant,
788 1024 857 1080 ut
884 1020 1200 1080 Homerico
1245 1021 1379 1080 usui
1412 1020 1751 1092 satisfieret,
1797 1039 1915 1096 quo
1946 1021 2193 1081 verbum
2223 1021 2374 1079 illud
2406 1023 2752 1079 constanter

410 1109 707 1166 residendi
752 1106 932 1165 habet
981 1106 1284 1165 notionem
1328 1110 1570 1181 praeter
1607 1106 1672 1162 Ω
1717 1106 1838 1163 553
1883 1102 1964 1181 μή
2010 1101 2081 1182 μέ
2124 1126 2217 1164 πω
2264 1102 2324 1175 ἐς
2370 1101 2603 1181 θρόνον
2646 1102 2748 1176 ἵζε.

412 1193 526 1252 Sed
582 1191 953 1252 accusativus
1006 1191 1200 1249 nostri
1251 1191 1508 1250 hominis
1564 1193 1688 1250 est:
1748 1191 2002 1249 detorsit
2057 1192 2215 1250 enim
2273 1190 2422 1248 illud
2467 1190 2507 1267 β
2552 1191 2630 1249 69
2678 1190 2749 1247 de

413 1278 697 1336 Themide

812 1355 855 1435 ἢ
901 1354 955 1416 τ’
1001 1353 1244 1438 ἀνδρῶν
1286 1353 1506 1438 ἀγορὰς
1550 1353 1711 1436 ἠμὲν
1754 1356 1882 1419 λύει
1922 1354 2031 1436 ἠδὲ
2073 1358 2328 1431 καθίζει.

408 1476 850 1559 Μεφαθύμων,
908 1480 1065 1555 quod
1112 1480 1416 1557 epitheton
1464 1484 1556 1539 est
1602 1479 1746 1538 satis
1794 1479 2066 1554 ineptum
2112 1478 2483 1554 principum,
2528 1479 2748 1554 posuit,

405 1567 689 1643 quoniam
747 1565 921 1637 alibi,
979 1568 1048 1623 ut
1087 1564 1149 1623 B
1194 1565 1335 1623 541.
1384 1565 1441 1620 Ε
1486 1567 1628 1623 577.
1679 1565 1750 1622 Ν
1788 1566 1907 1624 699
1969 1565 2031 1623 in
2085 1563 2292 1623 eadem
2350 1582 2558 1622 versus
2614 1562 2750 1622 sede

400 1653 645 1729 legitur.

576 1735 657 1799 V
691 1737 767 1793 54
819 1736 1103 1793 consutus
1149 1737 1240 1793 est
1283 1754 1353 1792 ex
1398 1731 1498 1807 νηὶ
1540 1730 1701 1809 πάρα
1734 1734 1805 1790 Η
1830 1735 1952 1793 383
1998 1735 2060 1792 et
2104 1733 2264 1805 alibi,
2314 1728 2646 1829 Νεστορέας
2673 1764 2748 1773 —-

401 1819 631 1891 ἵππους
683 1819 734 1878 Θ
783 1822 920 1891 113,
971 1814 1360 1897 Πυλοιγενέες
1407 1814 1472 1876 δέ
1516 1818 1579 1877 οἵ
1616 1816 1822 1876 ἵπποι
1823 1820 1910 1875 Ψ
1950 1820 2101 1893 3033
2161 1818 2442 1894 βασιλῆος
2487 1818 2548 1875 in
2594 1817 2751 1876 clau-

406 1907 540 1966 sula
586 1906 645 1962 A
690 1907 816 1964 410
861 1910 921 1962 et
964 1904 1128 1963 alibi.

577 1990 653 2048 V.
688 1991 768 2048 55
816 2009 884 2047 ex
932 1991 988 2046 K
1034 1990 1157 2048 302
1203 1991 1264 2047 et
1307 2009 1363 2048 v.
1397 1989 1476 2046 56
1526 2008 1593 2046 ex
1640 1988 1671 2060 ξ
1717 1991 1839 2048 495
1886 1988 2313 2062 transscriptus
2357 1989 2466 2046 est.

582 2076 653 2133 V.
691 2077 768 2133 57
802 2078 865 2133 et
895 2075 974 2132 58
1019 2074 1205 2133 variis
1250 2093 1319 2132 ex
1364 2073 1508 2132 locis
1556 2075 1789 2133 consuti
1836 2079 2004 2133 sunt:
2054 2064 2239 2130 νύκτα
2283 2065 2371 2129 δι’
2419 2064 2754 2148 ἀμβροσίην

408 2162 467 2218 Κ
515 2163 589 2218 41
643 2166 703 2219 ct
747 2159 910 2232 alibi,
955 2154 1214 2234 μάλιστα
1260 2151 1325 2215 δὲ
1370 2158 1576 2217 eadem
1623 2159 1685 2217 in
1733 2159 1870 2219 sede
1913 2163 1966 2215 A
2002 2158 2119 2215 175
2166 2160 2226 2215 et
2271 2156 2432 2229 alibi,
2482 2153 2751 2234 Νέστορα

405 2245 545 2304 δῖον
589 2245 645 2301 Κ
691 2246 769 2301 54
816 2247 879 2303 et
920 2244 1066 2301 alibi
1109 2243 1424 2318 leguntur3
1472 2247 1601 2301 tum
1646 2240 1818 2319 φυὴν
1859 2240 1961 2301 καὶ
2005 2233 2159 2311 εἶδος
2206 2242 2436 2311 X370,
2485 2261 2547 2314 φ.
2594 2262 2650 2299 κ.
2699 2262 2748 2299 ε.

405 2326 579 2406 ὁμοίη
612 2330 645 2401 ζ
675 2330 771 2387 16.
850 2327 966 2386 Sed
996 2329 1091 2387 hic
1136 2328 1539 2386 concinnatori
1583 2348 1676 2387 res
1722 2330 1875 2388 male
1919 2328 2126 2388 cessit:
2175 2326 2546 2401 ineptissime
2592 2330 2751 2384 enim

407 2416 669 2475 Somnus
717 2414 936 2472 dieitur
979 2410 1231 2487 μάλιστα
1277 2407 1341 2470 δὲ
1387 2407 1646 2489 Νέστορι
1702 2411 1811 2494 δίῳ
1850 2416 1859 2489 Ι
1905 2446 1978 2455 --
2021 2410 2271 2489 αγχιστα
2331 2407 2526 2490 ἐῳκει,
2590 2412 2747 2487 quod

413 2501 599 2559 vertit
641 2498 1074 2575 Naegelsbach.
1120 2519 1177 2574 p.
1230 2499 1380 2556 139:
1441 2497 1744 2557 Nestori
1787 2498 2267 2576 potissimum
2312 2499 2471 2553 erat
2514 2496 2749 2553 simil·

408 2588 655 2645 limus.
747 2584 814 2643 Id
862 2586 1021 2643 enim
1067 2587 1196 2642 tum
1240 2584 1656 2642 tantummodo
1703 2589 1861 2644 recte
1906 2585 2142 2655 habere,
2191 2583 2242 2641 si
2287 2581 2525 2657 quidem
2571 2583 2750 2640 etiam

406 2672 543 2730 aliis
586 2670 818 2741 similis,
869 2669 1135 2728 omnium
1180 2688 1321 2728 vero
1367 2669 1704 2729 simillimus
1749 2670 1989 2729 Nestori
2035 2668 2283 2740 exstitit,
2335 2685 2468 2724 cum
2514 2687 2570 2725 v.
2607 2668 2748 2738 220,

405 2776 584 2831 quem
629 2757 825 2814 locum
872 2755 1237 2830 comparavit
1281 2754 1724 2830 Naegelsbach„

817 2869 1088 2949 ἔχθιστος
1134 2867 1193 2929 δ’
1238 2866 1458 2948 Ἀχιλῆι
1503 2867 1738 2948 μάλιστ’
1786 2863 1864 2949 ἦν
1908 2867 2005 2950 ἠδ’
2051 2866 2332 2947 Ὀδυσῆι,

417 2998 548 3052 tum
594 2994 850 3051 maxime
894 2993 927 3062 ζ
972 2993 1086 3052 152
1146 2991 1438 3062 ostendit,
1498 2992 1602 3049 ubi
1649 2991 1855 3050 Ulixes
1912 2990 2377 3050 admirabundus
2422 2989 2745 3048 Nausicaae
2776 2998 2807 3045 8

414 3078 581 3150 dicit,
627 3082 941 3154 postquam
990 3097 1121 3135 eam
1166 3095 1343 3135 unam
1388 3076 1648 3134 Dearum
1695 3097 1822 3136 esse
1868 3078 2149 3136 coniecit.

663 3190 962 3272 Ἀρτέμιδί
1002 3209 1066 3252 σε
1112 3191 1310 3272 ἔγωγε,
1359 3189 1502 3264 Διὸς
1548 3191 1734 3293 κούρῃ
1778 3192 2069 3273 μεγάλοιο,

667 3272 866 3350 εἶδός
915 3301 982 3338 τε
1028 3274 1355 3356 μέγεθός
1401 3300 1471 3338 τε
1517 3273 1718 3355 φυήν
1764 3274 1816 3337 τ’
1865 3277 2176 3357 αγχιστα
2223 3274 2463 3335 ἐίσκω.

411 3400 590 3458 Hunc
647 3401 841 3475 ipsum
898 3399 1089 3457 locum
1135 3400 1303 3472 patet
1345 3399 1498 3456 male
1545 3399 1608 3456 in
1655 3419 1822 3457 suam
1868 3418 1992 3456 rem
2037 3398 2420 3456 transtulisse
2463 3400 2745 3456 centona-

408 3486 568 3542 rium
613 3488 904 3542 nostrum.

586 3569 657 3628 V.
691 3572 769 3627 59
803 3569 1041 3626 initium
1088 3587 1271 3643 supra
1314 3587 1384 3626 ex
1428 3588 1483 3630 v.
1519 3569 1617 3639 20,
1665 3568 1987 3626 clausulam
2033 3586 2102 3625 ex
2147 3568 2214 3623 H
2239 3568 2319 3625 46
2351 3569 2412 3624 et
2440 3567 2572 3625 aliis
2601 3531 2748 3626 locis

411 3653 816 3730 deprompsit3
866 3673 920 3711 v.
954 3654 1114 3711 60-
1126 3655 1206 3711 70
1250 3672 1318 3710 ex
1364 3672 1420 3710 v.
1455 3654 1703 3711 23—33
1750 3654 2015 3728 integros
2059 3654 2318 3727 repetiit.

586 3738 659 3796 V.
695 3741 769 3795 71
817 3756 1020 3796 rursus
1054 3739 1429 3813 agnoscimus
1462 3738 1830 3796 tessellatum
1860 3737 2053 3797 nostri
2086 3756 2254 3811 opus.
2331 3735 2499 3793 Initii
2532 3735 2748 3794 fundus

415 3830 514 3883 est
556 3827 587 3880 λ
620 3825 741 3881 222
788 3818 954 3897 ψυχὴ
1001 3816 1059 3879 δ’
1108 3814 1245 3897 ἠύτ’
1295 3818 1524 3898 ὄνειρος
1570 3815 1956 3898 ἀποπταμένη
2002 3823 2064 3879 et
2107 3813 2267 3902 ᾤχετ’
2321 3819 2384 3876 Ν
2416 3821 2537 3878 505
2570 3823 2748 3896 atque

412 3910 560 3967 alibi
613 3910 674 3966 in
728 3908 924 3983 prima
978 3908 1115 3967 sede
1170 3909 1451 3983 positum.
1552 3907 1624 3964 In
1682 3908 1947 3965 clausula
1999 3906 2312 3965 coniunxit
2366 3923 2514 3979 quae
2572 3925 2750 3980 supra

410 3996 585 4058 v.34
630 3991 935 4068 μελίφρων
976 3988 1167 4061 ὕπνος
1213 3985 1384 4091 ἀνήῃ
1412 3992 1673 4068 legerat,
1718 3996 1781 4051 et
1823 4011 1973 4067 quae
2021 3994 2078 4048 A
2125 3993 2248 4049 610
2290 3986 2512 4066 γλυκὺς
2558 3984 2748 4060 ὕπνος

408 4076 610 4138 [κάνοι
666 4082 727 4136 et
790 4077 859 4133 Ψ
898 4080 1017 4137 232
1072 4065 1292 4154 γλυκὺς
1359 4071 1549 4147 ὕπνος
1614 4073 1883 4152 ὄρουσεν.
1974 4077 2053 4134 Et
2115 4075 2463 4134 meminerat
2524 4068 2750 4151 ἀνηκεν

409 4166 649 4240 saepius
694 4167 764 4221 ut
806 4163 855 4219 Z
903 4165 1024 4221 256
1069 4162 1130 4220 in
1177 4161 1292 4221 flue
1336 4180 1542 4221 versus
1589 4162 1724 4237 legi.

584 4248 659 4306 V.
695 4249 774 4305 72
819 4248 1080 4305 eiusdem
1128 4249 1220 4304 est
1262 4247 1529 4322 generis:
1576 4240 1705 4303 ἀλλ’
1752 4239 1916 4321 ἄγετ’
1966 4247 2023 4302 Ε
2053 4247 2173 4305 469
2220 4249 2282 4303 et
2326 4245 2487 4317 alibi,
2534 4242 2608 4301 αἴ
2644 4240 2750 4302 κέν

408 4356 540 4405 πως
587 4334 648 4390 A
696 4335 772 4390 66
820 4335 880 4390 et
921 4332 1084 4404 alibi,
1129 4329 1475 4407 θωρήξομαι
1519 4331 1727 4388 eodem
1770 4350 1978 4390 versus
2024 4332 2152 4389 loco
2200 4331 2271 4387 H
2313 4333 2455 4387 101.
2507 4328 2558 4387 Θ
2604 4332 2744 4388 376.

414 4423 467 4477 Τ
507 4421 590 4476 23
639 4418 877 4493 legitur,
924 4407 1061 4486 υἷας
1102 4409 1356 4491 Ἀχαιῶν
1399 4435 1573 4490 saepe
1617 4434 1823 4475 versus
1869 4416 2108 4474 claudit.
