3132 5129
1435 400 1513 409 --·
1601 363 1728 425 362
1818 399 1895 408 -

405 531 466 578 15
498 521 569 580 Id
630 540 767 581 vero
826 521 901 581 ob
954 521 1253 596 duplicem
1309 540 1546 580 oausam
1600 519 1841 595 probari
1899 537 2023 578 non
2065 521 2284 594 potest.
2374 518 2643 577 Primum
2699 537 2834 578 cum

504 606 749 666 Calchas
793 608 914 666 iam
957 626 988 664 e
1019 605 1280 665 Deorum
1325 606 1572 665 oonsilio
1617 604 2031 666 arcessendum
2063 604 2541 679 pronuntiaverit
2565 605 2831 680 Neopto-

504 692 751 766 lemum,
809 690 952 767 quid
1005 693 1098 750 est
1150 691 1308 766 quod
1353 690 1559 749 Ulixes
1617 710 1681 752 se
1733 709 1966 767 sperare
2021 690 2168 748 dicit
2222 689 2350 749 fore
2406 693 2476 749 ιιι
2520 690 2616 749 hio
2658 690 2833 749 fortis

504 776 622 836 sit?
713 776 866 834 Tum
920 776 1222 836 afferenda
1273 780 1401 835 erat
1443 778 1645 852 causa,
1706 795 1823 852 qua
1867 776 2167 836 commota
2208 777 2400 836 mater
2445 775 2633 834 filium
2678 778 2834 835 esset

501 864 823 921 retentura.

673 963 745 1022 V.
799 965 916 1024 125
961 963 1106 1023 baec
1149 964 1463 1041 leguntur.

754 1070 834 1153 ὥς
879 1075 939 1141 δ’
987 1074 1179 1141 ὁπόθ’
1229 1076 1425 1159 ἕρκεος
1470 1069 1634 1151 ἐντὸς
1680 1075 1977 1159 ἐεργμένοι
2022 1074 2374 1159 ἆθρήσωσιν

753 1158 958 1246 ’ἥμεροι
1001 1157 1182 1245 ἀνέρα
1226 1174 1446 1271 χῆνες,
1480 1185 1604 1235 οτις
1649 1163 1861 1240 σφίσιν
1903 1163 2113 1224 εἴδατα
2156 1162 2431 1247 βάλλοι,

756 1250 1104 1329 σαίνουσιν,
1149 1251 1262 1310 τοῦ
1299 1245 1359 1309 δ’
1406 1242 1549 1329 ἦτορ
1594 1248 1844 1309 ἰαίνεται
1886 1246 2290 1329 εἰσορόωντος.

499 1374 636 1432 Νοιι
680 1375 840 1433 recte
885 1376 947 1432 et
989 1371 1467 1448 Rhodomannus‚
1514 1373 1584 1429 ut
1627 1390 1697 1430 ex
1741 1371 2236 1446 interpretatione
2279 1371 2405 1431 eius
2450 1372 2651 1432 videre
2694 1373 2835 1431 lieet

501 1455 646 1533 (ut,
694 1459 984 1534 quando
1015 1457 1397 1517 inclusi—
1432 1456 1792 1532 viderint,
1840 1454 2517 1533 abblandiuntur),
2564 1461 2626 1516 et
2654 1458 2831 1516 Boni-

499 1544 620 1601 tius
665 1539 732 1621 [l.
763 1544 805 1605 1.
838 1564 896 1619 p.
935 1538 1119 1620 1242]
1171 1541 1254 1601 ita
1296 1542 1440 1601 haec
1485 1541 1937 1618 intellexerunt,
1985 1545 2054 1601 ut
2096 1542 2404 1618 diremptis
2450 1545 2655 1602 contra
2698 1561 2832 1601 con-

499 1630 760 1687 stantem
816 1627 1218 1686 membrorum
1273 1628 1817 1729 comparativorum
1873 1647 2101 1686 morem
2157 1627 2462 1703 particulis
2516 1621 2597 1698 ὥς
2653 1619 2831 1685 ὁπότε

499 1713 572 1770 ab
619 1712 724 1771 illo
769 1708 1079 1769 σαίνουσιν
1120 1712 1195 1771 ab
1240 1711 1351 1771 hoc
1394 1700 1750 1789 ἀθρήσὼσιν
1792 1715 1999 1788 aptum
2044 1712 2325 1771 facerent.
2416 1713 2598 1771 Recte
2641 1713 2832 1789 igitur

503 1816 631 1855 eam
675 1798 967 1856 rationem
1012 1797 1378 1872 vituperavit
1408 1796 1754 1873 Spitznerus
1798 1798 1860 1857 in
1905 1797 2228 1857 observatt.
2261 1817 2322 1873 p.
2349 1799 2449 1874 32,
2496 1798 2601 1873 qui
2631 1800 2830 1858 tamen

500 1901 633 1941 cum
677 1883 1075 1958 imaginem
1118 1882 1203 1941 ab
1248 1882 1647 1942 anseribus
1691 1884 2006 1958 petitam
2050 1883 2342 1958 protasi
2398 1886 2472 1941 et
2514 1884 2830 1959 apodosi

501 1966 1125 2044 distinguendam
1168 1969 1367 2027 censet
1410 1969 1473 2026 et
1514 1968 1644 2043 ipse
1688 1967 2044 2027 insolentem
2090 1967 2492 2027 membrorum
2527 1985 2828 2043 compara-

498 2054 760 2112 tivorum
803 2052 1139 2111 iuncturam
1184 2054 1552 2111 commentus
1596 2054 1703 2127 est,
1753 2071 1907 2129 quae
1950 2054 1998 2111 si
2030 2054 2141 2111 rite
2170 2052 2228 2110 h.
2251 2053 2294 2110 l.
2330 2054 2636 2111 sociantur
2663 2056 2830 2129 patet

499 2138 625 2197 sine
670 2137 794 2197 ullo
841 2136 1075 2196 vinculo
1120 2136 1276 2195 adici
1331 2134 1642 2195 σαίνουσιν
1685 2135 2076 2197 indicativum
2123 2138 2504 2196 coniunctivo
2548 2133 2824 2214 ἀθρήσω-

497 2238 616 2282 σιν.
671 2223 882 2299 Itaque
925 2221 1203 2298 equidem
1247 2221 1396 2281 nihil
1441 2222 1668 2298 dubito,
1713 2222 1859 2298 quin
1903 2240 2107 2282 versus
2150 2222 2558 2282 huiuscemodi
2588 2226 2825 2283 senten-

497 2309 616 2366 tiae
662 2307 976 2367 exciderit:

750 2417 1216 2503 (γηθόσυνοι
1259 2420 1341 2484 δέ
1383 2421 1412 2484 ἓ
1453 2421 1726 2495 πάντες
1770 2421 2262 2504 ἐπειγόμενοι
2282 2422 2474 2546 περι
2505 2425 2830 2504 φορβῆς)

751 2509 1096 2588 σαίνουσιν,
1143 2509 1247 2570 τοῦ
1291 2499 1350 2570 δ’
1399 2501 1547 2589 ἦτορ
1591 2508 1839 2570 ἰαίνεται
1885 2506 2265 2588 εἰσορόωντος
2282 2506 2353 2591 ¹)

499 2629 612 2699 Qui
665 2630 862 2690 locum
916 2631 1221 2708 integrum
1277 2633 1610 2708 putaverit,
1666 2631 1722 2690 ei
1781 2633 1885 2690 aut
1927 2623 2406 2708 αθρήσαντες
2450 2632 2828 2692 scribendum

499 2718 603 2774 aut
646 2711 958 2772 σαίνουσιν
999 2735 1111 2792 pro
1155 2717 1472 2792 participio
1520 2717 1594 2775 ad
1640 2714 1848 2792 σφίσιν
1892 2716 2078 2776 relato
2123 2716 2462 2775 habendum
2508 2719 2639 2794 erit,
2686 2737 2824 2794 quo·

498 2819 630 2859 rum
676 2801 931 2859 alterum
973 2801 1371 2876 improbabile
1416 2800 1573 2877 apud
1622 2801 1907 2897 Quintum
1951 2801 2329 2877 lacunosum,
2391 2802 2647 2861 alterum
2690 2804 2830 2861 alie-

499 2905 640 2943 num
697 2887 787 2944 est
840 2885 914 2944 ab
967 2885 1136 2961 epica
1189 2885 1477 2962 dictione,
1537 2905 1687 2961 quae
1744 2886 2055 2961 primarias
2108 2888 2386 2947 notiones
2440 2887 2635 2963 qualis
2679 2888 2735 2945 h.
2781 2887 2826 2945 l.

498 2969 946 3030 blandiendi
1003 2974 1096 3030 est
1150 2971 1331 3031 verbo
1388 2971 1560 3031 finito
1618 2972 1946 3048 exprimere
1993 2990 2112 3032 non
2157 2965 2238 3042 ὥς
2281 2967 2349 3031 ἐν
2390 2968 2637 3052 παρόδῳ
2680 2971 2829 3032 indi·

499 3074 628 3113 care
674 3055 842 3113 solet.

667 3156 742 3215 V.
788 3158 908 3217 337
941 3178 1072 3234 sqq.
1123 3156 1330 3218 Graeci
1375 3158 1822 3218 describuntur:

800 3308 883 3319 --
971 3308 1050 3318 —
1144 3308 1216 3319 —
1305 3267 1459 3350 ἀυτὴ
1503 3271 1568 3335 δ’
1615 3274 1821 3335 ἔπλετο
1862 3278 2030 3337 λαων

800 3354 1074 3460 ἀλλήλοις
1119 3356 1587 3459 ἐπικεκλομένων
1631 3355 1811 3421 όλοοῦ
1853 3360 2168 3458 πολέμοιο

797 3465 1052 3504 αντιααν
1094 3443 1198 3504 καὶ
1238 3438 1381 3522 μήτι
1424 3444 1956 3520 καταπτώσσοντας
2002 3436 2215 3525 ε’νιπὴν

799 3529 1037 3608 μίμνειν
1079 3550 1197 3609 παρ
1242 3530 1486 3608 νήεσσιν
1529 3527 1921 3612 ἐπειγομένων
1964 3529 2309 3610 μαχέεσθαι.

501 3646 571 3708 Ιιι
615 3649 710 3710 his
756 3649 910 3709 unde
955 3653 1129 3726 aptus
1176 3652 1256 3710 sit
1299 3652 1613 3728 genetivus
1660 3647 2054 3730 ἐπειγομένων
2096 3655 2391 3713 incertum
2434 3655 2558 3729 est,
2610 3653 2713 3728 qui
2754 3653 2830 3711 ad

498 3736 659 3792 λαῶν
714 3739 875 3795 certe
930 3738 1177 3812 propter
1232 3736 1682 3798 interiectorum
1740 3738 1959 3799 nubem
2014 3739 2222 3798 referri
2279 3740 2505 3815 nequit.
2594 3738 2828 3797 Rhodo-

499 3839 753 3879 mannus
799 3839 933 3879 cum
977 3814 1189 3898 ἐνιπήν
1234 3822 1542 3881 coniunxit
1582 3823 1693 3884 hoo
1722 3825 1928 3883 modo.
1983 3823 2479 3937 Ureformidantes
2524 3823 2829 3882 fremitum

400 3912 462 3960 16
503 3898 820 3986 (hostium)
867 3906 1299 3981 impellentium
1345 3904 1540 3986 (suos)
1586 3909 1660 3966 ad
1703 3909 2005 3985 pugnam.⁴
2012 3907 2256 3979 ‘Quod
2305 3909 2408 3983 qui
2452 3926 2558 3967 suo
2587 3910 2715 3967 iure
2744 3908 2827 3966 vi-

497 3991 798 4065 tuperavit
840 3989 1120 4051 Pauwius
1163 4011 1238 4051 ne
1284 3992 1412 4068 ipse
1460 3993 1700 4071 quidem
1741 3991 1968 4068 aliquid
2014 3992 2224 4051 melius
2257 3993 2647 4070 excogitavit,
2695 4009 2830 4051 oum

496 4078 603 4134 aut
645 4072 1176 4147 καταπτύοντας
1222 4080 1328 4136 aut
1372 4072 1828 4156 ἐπειγομένους
1872 4078 2052 4137 scribi
2095 4077 2286 4136 iussit.
2349 4076 2555 4136 Potius
2602 4096 2736 4137 cum
2767 4079 2829 4136 et

497 4179 554 4218 v.
588 4161 708 4219 337
755 4161 1222 4238 Agamemnonis
1279 4163 1495 4223 iniecta
1550 4162 1632 4222 sit
1687 4163 1913 4222 mentio
1967 4162 2240 4238 idemque
2283 4163 2346 4222 in
2391 4163 2828 4239 comparatione

703 4376 926 4446 ).[Cod
961 4376 1182 4432 Parrha
1223 4378 1440 4450 εἴμενοι
1477 4370 1658 4445 ἀνέρα
1730 4396 1895 4463 τ],νες
1932 4396 2088 4440 οστις
2126 4379 2322 4446 σφίσιν
2363 4380 2570 4433 ειᾶατα
2646 4372 2775 4431 α’λοι
2818 4380 2826 4446 Ι

502 4440 657 4512 αμφὶ
674 4383 762 4499 ιδέ
800 4464 899 4514 μιν
936 4441 1276 4516 στομάτεσσι
1310 4446 1661 4515 περισταδὸν
1694 4396 1972 4512 Ξυζοντες.
2044 4446 2207 4500 Treu.
2244 4445 2279 4500 l.
2315 4446 2352 4500 l.
2389 4465 2442 4515 p.
2482 4453 2597 4503 371.
