3132 5129
1381 346 1675 410 -260
1766 384 1836 392 —-

441 507 505 563 et
545 505 660 563 fine
751 586 1006 686 χαίρετε
1052 583 1226 646 τέκνα
1277 584 1429 658 Διὸς
1475 583 1576 645 καὶ
1625 584 1774 664 ἐμὴν
1818 582 2093 664 τιμησατ
2141 581 2388 688 ἆριδήν·

693 666 882 751 αὐτὰρ
928 669 1082 751 ἐγὼν
1123 668 1325 750 ὑμέων
1367 694 1427 732 τε
1473 670 1573 731 καὶ
1616 667 1797 747 αλλης
1841 666 2100 750 μνήσομ’
2155 666 2364 745 ἀοιδῆς

445 794 822 852 Homericum
864 794 1155 869 hymnum
1199 793 1433 853 efficere
1478 794 1834 869 vigesimum
1880 793 2186 868 quintum,
2235 811 2411 867 quem
2454 793 2581 852 vice
2613 812 2781 853 versa

439 882 643 937 nostro
688 898 760 937 ex
802 879 932 938 loco
978 878 1254 953 supplere
1298 879 1461 938 licet.

609 962 816 1022 Nono
862 964 995 1022 loco
1041 963 1203 1021 aliud
1247 963 1532 1021 babemus
1580 963 1888 1023 exordium
1935 962 2314 1039 Theogoniae
2357 981 2492 1021 cum
2539 961 2778 1022 Cosmo-

440 1049 621 1124 gonia
665 1049 1014 1108 coniunctae
1060 1052 1266 1124 aptum
1311 1048 1452 1107 hoc:

778 1164 1029 1245 Χαίρετε
1074 1162 1249 1225 τέκνα
1297 1163 1468 1243 Διός,
1513 1163 1652 1225 δότε
1696 1159 1757 1224 δ’
1805 1159 2158 1245 ἱμερόεσσαν
2197 1159 2445 1242 ἀοιδήν,
2684 1173 2782 1222 104

693 1250 894 1310 εἴπατε
940 1246 1025 1327 δ’,
1071 1243 1151 1323 ὥς
1198 1250 1268 1309 τὰ
1312 1250 1515 1330 πρῶτα
1557 1247 1695 1310 θεοὶ
1739 1248 1839 1310 καὶ
1881 1256 2023 1330 γαῖα
2067 1248 2308 1330 γένοντο
2682 1258 2777 1306 108

691 1334 791 1395 καὶ
834 1332 1084 1413 ποταμοὶ
1129 1334 1229 1396 καὶ
1273 1334 1489 1407 πόντος
1531 1331 1830 1415 ἀπείριτος
1875 1335 2112 1414 οἴδματι
2153 1334 2332 1395 θύων

691 1415 877 1500 α’στρα
923 1443 983 1481 τε
1027 1419 1445 1499 λαμπετόωντα
1489 1418 1590 1480 καὶ
1639 1417 1896 1496 οὐρανὸς
1940 1417 2120 1500 εὐρνς
2164 1418 2452 1500 ὕπερθεν.
2681 1429 2776 1476 110

441 1542 513 1600 V.
553 1544 669 1602 107
717 1543 936 1601 malam
981 1562 1107 1601 esse
1151 1541 1370 1617 primi
1413 1543 1703 1618 prooemii
1746 1542 2297 1638 interpolationem
2315 1544 2399 1600 et.
2416 1540 2628 1599 Noctis
2673 1542 2778 1597 im

437 1632 695 1701 portuna
749 1647 882 1688 cum
937 1626 1130 1686 Ponto
1189 1628 1528 1687 coniunctio
1584 1628 1786 1703 prodit
1840 1631 1902 1686 et
1960 1628 2183 1686 locutio
2239 1617 2343 1696 ούς
2399 1620 2475 1682 θ’
2521 1615 2781 1701 ἁλμυρὸς

437 1708 700 1787 ἔτρεφε
748 1709 981 1781 Πόντος
1025 1711 1253 1771 cetibus
1300 1712 1679 1788 piscibusque
1723 1731 1846 1771 non
1879 1712 2122 1771 deorum
2168 1713 2530 1769 marinorum
2576 1711 2782 1786 generi

434 1798 893 1856 accommodata.

604 1882 724 1941 Sed
768 1885 1102 1958 postremos
1148 1882 1294 1942 duos
1345 1902 1552 1943 versus
1603 1884 1721 1940 114
1767 1885 1830 1941 et
1878 1884 1997 1941 115

774 1998 957 2060 ταῦτά
1006 2023 1105 2077 μοι
1150 1999 1348 2061 ἔσπετε
1395 2004 1648 2060 Μοῦσαι
1686 1995 1981 2079 Ὀλύμπια
2026 1996 2247 2078 δώματ’
2299 1997 2542 2078 ἔχουσαι

687 2083 747 2158 ἐξ
789 2082 978 2166 ἀρχῆς
1021 2085 1121 2146 καὶ
1164 2080 1378 2146 εἴπαθ’
1425 2080 1458 2144 ὅ
1501 2107 1555 2144 τι
1598 2093 1842 2163 πρῶτον
1884 2080 2071 2164 γένετ’
2120 2080 2323 2145 αὐτῶν

433 2207 1002 2266 concinnatoris
1048 2226 1173 2266 esse
1217 2210 1410 2266 totam
1439 2208 1557 2265 iam
1586 2206 1738 2265 hanc
1768 2208 2129 2284 farraginem
2163 2207 2564 2282 qualicunque
2595 2205 2774 2263 modo

431 2312 565 2350 cum
597 2293 783 2367 ipsius
816 2291 1197 2367 Theogoniae
1227 2292 1403 2350 initio
1449 2293 1844 2352 consociantis
1888 2311 2060 2352 nemo
2095 2292 2274 2351 semel
2307 2293 2569 2350 monitus
2602 2289 2771 2347 dubi-

430 2378 584 2436 tabit
628 2380 688 2435 et
729 2378 1114 2452 praeiverunt
1156 2377 1254 2435 bic
1301 2376 1543 2453 quidem
1588 2378 1707 2436 iam
1749 2377 2172 2473 Alexandrini,
2230 2377 2302 2435 de
2358 2376 2578 2451 quibus
2620 2375 2775 2433 hanc

427 2462 709 2520 babemus
753 2463 1150 2520 notationem:
1196 2461 1380 2520 ταῦτα
1423 2454 1531 2519 δύο
1577 2458 1691 2537 ἔπη
1735 2451 1767 2518 ὁ
1816 2458 2110 2533 Σέλευκος
2153 2454 2386 2519 ἀθετεῖ·
2434 2460 2497 2519 οἵ
2536 2455 2600 2518 δὲ
2639 2454 2774 2537 περὶ

423 2540 805 2625 Ἀρίσταρχον
848 2540 911 2605 τὸ
957 2541 1025 2620 ἐξ
1067 2541 1294 2624 ἀρχῆς
1337 2538 1525 2621 μόνον
1566 2541 1984 2606 ἀθετοῦσιν
2027 2542 2141 2627 (ita
2170 2549 2328 2606 enim
2358 2566 2467 2623 pro
2511 2541 2774 2625 λέγου-

429 2646 551 2690 σιν
596 2632 755 2707 quod
799 2634 860 2689 in
904 2632 1106 2690 codice
1150 2633 1430 2691 scribitur
1473 2633 1911 2692 emendandum
1954 2632 2115 2707 fuit).

597 2717 771 2776 Nunc
816 2716 1070 2791 denique
1112 2716 1188 2774 ad
1232 2736 1362 2776 eam
1408 2718 1823 2793 quaestionem
1867 2717 2100 2795 regredi
2144 2717 2318 2793 licet,
2367 2736 2518 2793 quae
2562 2721 2655 2776 est
2700 2715 2771 2775 de

428 2801 997 2875 antiquissimis
1054 2802 1239 2877 ipsius
1293 2804 1558 2877 corporis
1618 2804 2017 2878 partibus,.
2053 2802 2271 2878 quibus
2328 2801 2772 2878 distinguendis

426 2888 477 2944 si
534 2888 650 2943 iam
707 2890 942 2961 praeter
994 2887 1188 2962 ipsum
1245 2886 1721 2963 Theogoniae
1787 2907 2003 2946 nomen
2063 2889 2520 2963 prooemium
2588 2888 2769 2945 etiam

427 2972 830 3047 genuinum
885 2971 1259 3046 adhibemus,
1318 2990 1439 3030 non
1494 2974 1753 3032 multum
1807 2972 2167 3048 errabimus,
2227 2973 2277 3031 si
2334 2988 2443 3047 pro
2502 2972 2622 3030 illis
2668 2989 2770 3030 eos

423 3057 586 3114 locos
617 3055 920 3115 habendos
967 3075 1092 3115 esse
1137 3074 1469 3130 censemus,
1517 3058 1582 3115 in
1627 3057 1846 3133 quibus
1894 3057 2141 3116 deorum
2170 3058 2338 3133 origo
2371 3060 2549 3131 atque
2579 3075 2771 3133 genus

426 3160 460 3197 a
505 3140 723 3199 Terrae
768 3142 1055 3218 progenie
1098 3140 1174 3198 ad
1218 3140 1380 3199 Iovis
1426 3161 1618 3217 usque
1663 3143 1890 3218 prolem
1936 3143 2196 3201 breviter
2240 3145 2566 3203 enarratur.
2638 3141 2770 3198 Huc

424 3226 612 3301 igitur
653 3227 988 3300 pertinent,
1035 3228 1106 3284 ut
1149 3225 1441 3285 insiticios
1471 3245 1680 3286 versus
1724 3230 1935 3302 postea
1980 3226 2353 3285 damnandos
2399 3226 2497 3284 hic
2530 3225 2767 3301 quidem

425 3310 694 3368 nondum
722 3313 1027 3386 notemus,
1077 3312 1145 3368 ut
1188 3311 1421 3384 prima
1450 3312 1728 3370 carminis
1759 3330 1930 3387 pars
1963 3309 2159 3370 Chaus
2191 3311 2410 3369 Terrae
2440 3313 2503 3369 et
2530 3312 2769 3369 Amoris

427 3398 495 3452 ut
523 3396 850 3469 primorum
882 3415 1079 3454 rerum
1126 3395 1583 3471 elementorum,
1630 3399 1757 3454 tum
1801 3397 1985 3455 solius
2015 3398 2275 3471 primum
2305 3396 2521 3454 Terrae
2553 3394 2767 3454 deinde

428 3478 589 3537 Caeli
636 3483 813 3555 atque
859 3480 1075 3538 Terrae
1118 3480 1441 3538 liberorum
1488 3482 1739 3556 simplex
1797 3482 2197 3556 enumeratio,
2256 3499 2431 3555 quam
2488 3479 2562 3538 de
2607 3478 2767 3538 Caeli

426 3565 783 3623 castratione
827 3585 862 3624 a
906 3564 1159 3624 Saturno
1207 3565 1366 3624 facta
1409 3570 1590 3641 atque
1634 3566 1979 3624 numinibus
2024 3584 2094 3625 eo
2139 3566 2403 3624 facinore
2444 3565 2767 3640 procreatis

327 3658 386 3705 17
429 3650 690 3708 narratio
759 3650 1061 3709 concludit
1129 3651 1481 3710 116—210.
1584 3650 1921 3710 Desiderari
1991 3654 2119 3709 tum
2185 3652 2630 3726 „narrationem
2695 3647 2767 3706 de

423 3733 618 3792 Crono
663 3734 979 3809 imperium
1025 3733 1210 3792 Urani
1256 3734 1371 3792 sibi
1429 3735 1787 3811 arrogante“
1844 3736 2172 3794 rectissime
2226 3735 2516 3794 iudicavit
2560 3734 2763 3794 Goett-

422 3818 663 3895 lingius,
710 3838 887 3894 quem
916 3820 1018 3895 qui
1051 3819 1311 3877 refutare
1342 3820 1715 3895 studuerunt,
1762 3820 2106 3879 hodiernam
2152 3821 2352 3894 potius
2384 3819 2767 3896 Theogoniae

423 3923 798 3979 compagem,
857 3907 919 3962 in
976 3923 1093 3979 qua
1147 3923 1467 3978 numquam
1522 3905 1817 3966 eiusmodi
1872 3904 2133 3965 adfuisse
2188 3906 2593 3963 narrationem
2654 3922 2763 3963 nos

422 4007 654 4064 quoque
698 3994 995 4065 putamus,
1045 4008 1220 4065 quam
1264 3991 1613 4064 primarium
1657 3990 1810 4049 illud
1855 3990 2340 4065 antiquissimum
2398 4007 2632 4047 carmen
2676 4007 2763 4046 re·

427 4075 686 4149 spexisse
717 4075 1016 4136 videntur.
1085 4073 1198 4133 Sed
1243 4092 1564 4149 paucorum
1609 4078 1843 4134 tantum
1873 4093 2151 4135 versuum
2197 4093 2326 4133 eam
2359 4076 2762 4152 narrationem

428 4158 638 4233 fuisse,
685 4161 771 4217 ita
814 4162 883 4218 ut
912 4163 1122 4234 postea
1151 4159 1695 4219 additamentorum
1724 4161 2138 4235 undecumque
2167 4160 2575 4235 ingruentium
2606 4159 2761 4217 mole

422 4243 636 4302 obruta
678 4244 962 4303 facillime
1007 4244 1452 4320 extruderetur,
1513 4248 1582 4303 ut
1624 4248 1818 4303 totum
1867 4245 2249 4321 Theogoniae
2293 4243 2529 4303 dicendi
2572 4261 2762 4322 genus

423 4328 826 4388 consideranti
870 4327 1181 4403 probabile
1226 4332 1344 4403 est,
1393 4331 1478 4388 ita
1523 4330 1861 4389 sufficiebat
1906 4330 1980 4387 ad
2025 4328 2392 4388 inferendam
2447 4329 2759 4388 alteram

421 4420 736 4490 partem,
800 4433 950 4489 quae
1007 4417 1135 4472 erat
1188 4413 1262 4472 de
1321 4413 1566 4473 Saturni
1621 4433 1807 4491 regno
1862 4419 2045 4489 atque
2102 4414 2387 4473 Titanum
2429 4415 2657 4490 nuptiis
2701 4417 2762 4472 et
