3132 5129
1389 366 1854 429 —450‘

455 529 703 585 tucrunt
746 558 827 567 —
873 526 1075 600 plures
1117 528 1315 583 autem
1360 525 1703 582 etiamnunc
1749 524 1812 581 in
1842 523 2339 584 bibliothecarum
2368 526 2618 586 latebris
2648 529 2796 586 deli-

457 617 678 671 tescere
721 609 1003 669 videntur
1044 642 1157 685 —-‚
1216 628 1353 667 cum
1397 609 1599 667 nullus
1643 608 1786 666 dum
1831 626 1931 684 ea,
1987 628 2106 683 qua
2147 629 2257 685 par
2299 615 2420 685 est,
2478 611 2801 689 diligentia

457 696 707 755 collatus
750 695 858 769 sit,
904 713 1091 754 novae
1121 695 1347 752 Musaei
1391 694 1752 753 recensionis
1796 694 2054 768 primum
2099 694 2554 754 fundamentum
2589 698 2799 758 iecisse

456 780 602 839 mihi
645 779 882 854 videor,
940 781 991 839 si
1035 779 1374 838 Palatinum
1432 784 1707 839 nostrum
1754 796 1930 852 quam
1973 781 2421 839 accuratissime
2464 783 2799 857 perlustra-

454 884 617 925 vero.
706 863 776 922 Id
820 865 939 922 iam
985 865 1260 941 agamus!

626 949 710 1008 Ut
755 949 942 1026 igitur
985 970 1020 1007 a
1062 949 1387 1008 minimis
1442 948 1622 1007 rebus
1674 951 1745 1006 ut
1802 948 2047 1007 minime
2103 949 2496 1025 neglegentiis
2542 953 2629 1010 ita
2672 970 2800 1011 non

454 1035 641 1110 tanti,
687 1035 893 1109 quanti
939 1033 1123 1093 hodie‘
1161 1034 1285 1093 fere
1329 1033 1540 1108 solent,
1587 1033 1973 1093 aestimandis
2017 1035 2256 1092 initium
2302 1035 2616 1111 faciamus,
2675 1038 2800 1112 pri-

454 1139 616 1177 mum
674 1120 836 1196 leges
890 1119 1212 1178 nonnullas
1267 1139 1304 1178 a
1358 1118 1577 1176 Nonne
1644 1119 1975 1194 propositas
2031 1120 2211 1176 etiam
2266 1119 2424 1195 apud
2484 1120 2796 1180 Musaeum

454 1204 650 1263 valere
692 1223 725 1262 e
771 1204 972 1263 codice
1016 1206 1202 1275 patet.
1277 1201 1370 1261 Ita
1414 1222 1548 1262 eum
1596 1204 1704 1261 illo
1748 1206 1959 1262 contra
1988 1204 2260 1278 priorum
2288 1205 2589 1279 epicorum
2622 1226 2797 1265 usum

390 1292 424 1341 8
452 1290 630 1348 etiam
688 1292 826 1347 ante
882 1291 1307 1348 consonantem
1361 1290 1703 1346 constanter
1756 1286 1861 1358 εἰς
1913 1307 2038 1347 non
2093 1283 2153 1357 ές
2198 1291 2428 1363 posuit:
2486 1309 2545 1350 v.
2581 1293 2662 1350 29
2710 1288 2798 1360 εἰς

452 1371 688 1449 πόθον,
733 1393 790 1433 v.
830 1375 951 1433 110
994 1377 1055 1432 et
1090 1375 1211 1432 287
1257 1371 1342 1441 εἰς
1386 1365 1597 1447 δύσιν,
1640 1392 1700 1431 v.
1727 1373 1848 1432 176
1879 1375 1941 1431 et
1973 1374 2088 1431 181
2138 1370 2221 1442 εἰς
2266 1372 2542 1451 πατρίδα,
2584 1395 2644 1435 v.
2671 1377 2795 1434 316

452 1455 534 1530 εἰς
581 1452 808 1537 Βορέην
850 1452 910 1517 P
955 1458 1136 1517 habet
1184 1456 1549 1517 editionibus
1595 1452 1656 1527 ές
1699 1458 2063 1517 tenentibus.
2150 1457 2242 1516 Ex
2299 1477 2554 1535 canone,
2616 1479 2795 1536 quem

450 1544 828 1603 Wernickius
884 1543 960 1602 ad
1022 1542 1347 1619 Tryphiod.
1409 1563 1468 1618 p.
1503 1543 1624 1600 154
1678 1544 1942 1618 aperuit,
1996 1562 2059 1602 v.
2095 1545 2216 1601 118
2270 1533 2428 1602 εἷλκε
2481 1563 2605 1604 non
2661 1540 2796 1604 ἕλκε

451 1629 790 1703 scripsisse3
840 1631 965 1686 tum
1010 1631 1254 1704 propter
1296 1629 1473 1685 metri
1517 1628 1932 1687 necessitatem
1968 1647 2024 1686 v.
2061 1630 2136 1687 18
2183 1623 2289 1686 ἕνα
2334 1624 2625 1706 ξυνέηκεν
2664 1632 2795 1706 qui-

454 1712 587 1771 dem
617 1712 929 1772 admisisse
973 1712 1095 1787 sed,
1140 1712 1243 1771 ubi
1291 1731 1359 1770 ea
1401 1730 1521 1770 non
1569 1711 1808 1789 aderat,
1859 1733 1912 1775 v.
1949 1715 2023 1791 1⁴1
2057 1708 2234 1771 πέλεν
2262 1710 2600 1791 συνέριθος,
2630 1735 2687 1775 v.
2715 1718 2791 1772 14

452 1794 600 1872 μίαν
644 1793 945 1873 συνάειδε,
993 1817 1050 1856 v.
1085 1798 1205 1857 103
1250 1789 1333 1866 ὥς
1378 1792 1650 1872 συνέηκε,
1694 1816 1751 1856 v.
1790 1798 1907 1855 163
1955 1792 2056 1854 ἕὸν
2099 1793 2377 1874 συνέεργε
2420 1800 2792 1876 praetulisse,

452 1881 702 1957 ideoque
735 1902 789 1941 v.
824 1884 942 1941 108
985 1881 1173 1957 idem,
1221 1900 1342 1939 non
1390 1876 1488 1939 ἑὸν
1530 1875 1778 1955 ξυνέηκε
1822 1883 2124 1957 posuisse;
2188 1883 2403 1943 deinde
2434 1905 2492 1944 v.
2519 1886 2601 1941 44
2632 1900 2788 1941 πασ-

451 1964 630 2047 συδίῃ
683 1985 804 2027 non
862 1964 1168 2046 πανσυδίῃ
1223 1966 1471 2041 dixisse3
1529 1965 1786 2041 denique
1844 1986 1900 2026 v.
1934 1968 2055 2025 232
2112 1970 2174 2025 et
2220 1969 2346 2027 280
2404 1957 2610 2046 ὁμίχλη
2670 1988 2793 2029 non

450 2043 654 2127 ὀμίχλη
699 2052 1113 2126 pronuntiasse
1156 2051 1365 2110 itidem
1412 2071 1481 2109 ex
1525 2044 1586 2109 P
1631 2054 1906 2125 apparet:
1953 2051 2028 2111 cf.
2076 2070 2133 2111 v.
2172 2053 2311 2127 113,
2358 2053 2462 2111 ubi
2509 2055 2790 2129 spiritum

448 2155 725 2212 asperum
759 2137 940 2195 etiam
973 2136 1261 2196 editiones
1304 2136 1710 2210 retinuerunt,
1756 2138 1820 2194 et
1848 2156 1902 2195 v.
1936 2137 2078 2211 238,
2126 2137 2228 2195 ubi
2270 2137 2553 2197 librarius
2583 2144 2795 2199 noster

450 2222 574 2297 ipse
620 2222 908 2281 titubavit
951 2222 1141 2281 eidem
1186 2222 1422 2296 spiritui
1469 2222 1728 2295 primum
1775 2221 1967 2295 posito
1999 2239 2304 2296 manuque
2336 2222 2461 2281 fere
2492 2225 2791 2283 exstincto

450 2326 855 2383 superponens
885 2308 1097 2367 lenem'
1124 2307 1226 2382 ita,
1274 2311 1342 2365 ut
1386 2307 1590 2365 littera
1634 2324 1665 2360 ο
1696 2306 1972 2380 spiritum
2002 2304 2298 2381 duplicem
2328 2312 2504 2383 gerat
2533 2308 2791 2367 alterum

448 2391 618 2450 alteri
677 2393 1055 2452 insidentem.
1154 2393 1342 2451 Paulo
1398 2391 1683 2450 incertius
1742 2393 1862 2464 est,
1931 2408 2076 2448 num
2138 2392 2317 2449 etiam
2382 2410 2541 2467 eam,
2610 2413 2790 2469 quam

448 2476 821 2537 Hermannus
864 2479 992 2537 iure
1036 2477 1254 2537 Nonno
1301 2474 1657 2550 vindicavit,
1715 2475 1912 2551 legem
1968 2474 2041 2532 de
2100 2476 2326 2550 primae
2371 2476 2791 2538 declinationis

447 2562 663 2623 dativis
720 2566 955 2622 tantum
1014 2567 1116 2621 aut
1170 2564 1233 2622 in
1279 2576 1439 2642 -ῃσι
1483 2563 1589 2619 aut
1633 2561 1697 2619 in
1744 2580 1899 2630 -αις
1956 2559 2365 2619 desinentibus
2416 2567 2652 2622 secutus
2711 2564 2794 2623 sit

445 2666 659 2706 necne:
707 2649 1006 2708 consentit
1049 2665 1181 2706 cum
1228 2645 1585 2707 editionibus
1629 2639 1689 2704 P
1733 2645 1796 2704 in
1840 2646 2100 2718 θυηλαῖς
2132 2664 2187 2703 v.
2223 2648 2322 2720 39,
2368 2647 2430 2704 in
2478 2652 2792 2724 στυγεραῐς

448 2752 502 2790 v.
540 2733 690 2808 190,
740 2735 801 2792 in
846 2729 1029 2810 ὥραις
1075 2753 1128 2794 v.
1164 2734 1312 2808 279,
1360 2733 1421 2791 in
1469 2726 1662 2800 δίναις
1707 2749 1767 2788 v.
1802 2729 1958 2804 318,
2006 2730 2068 2787 in
2114 2722 2385 2799 ὀπωπαῖς
2429 2750 2487 2791 v.
2522 2735 2678 2808 330,
2725 2735 2791 2792 in

444 2814 752 2893 μερίμναις
798 2838 855 2877 v.
890 2820 1032 2891 331,
1079 2816 1260 2875 habet
1303 2836 1434 2875 cum
1462 2813 1756 2874 Vossiano
1800 2807 2162 2890 ἀμφοτέραις
2207 2835 2265 2875 v.
2299 2817 2374 2873 18
2421 2835 2531 2891 pro
2577 2816 2790 2876 editio-

446 2920 587 2959 num
636 2901 887 2962 lectioue
931 2895 1296 2982 ἀμφοτέρῃς,
1342 2900 1445 2961 sed
1491 2919 1548 2959 v.
1584 2901 1706 2957 252
1752 2891 2090 2978 ἀμφοτέρῃς
2134 2902 2196 2957 et
2238 2920 2292 2960 v.
2326 2902 2448 2960 309
2493 2900 2788 2983 χειμερίῃς

446 2985 677 3046 vitiosis
736 2988 941 3046 formis
999 2979 1332 3062 ἀμφοτέρῃς
1376 2991 1437 3045 et
1481 2982 1770 3061 χειμερίης
1814 2988 2096 3059 πνοιῇσιν
2137 2980 2312 3061 (sicl)
2369 2985 2684 3045 confirmat
2727 2992 2793 3046 et

449 3089 504 3129 v.
542 3072 683 3148 257,
730 3072 832 3129 ubi
881 3072 1060 3147 vulgo
1105 3067 1420 3151 λευγαλέῃς
1464 3064 1728 3149 αὕρῃσιν
1773 3069 2021 3145 legitur,
2080 3070 2381 3145 egregiam
2429 3071 2786 3146 scripturam

447 3157 981 3232 turpissimumque
1025 3156 1256 3230 lapsum
1301 3154 1673 3214 commiscuit
1713 3151 2029 3234 λεπταλίῃσ
2072 3148 2356 3231 αὔραισιν
2401 3151 2577 3236 (sici)
2626 3157 2787 3215 exhi·

445 3240 659 3301 hendo,
749 3240 893 3300 Mihi
954 3240 1197 3315 quidem
1254 3260 1326 3300 ex
1382 3240 1473 3300 his
1529 3257 1650 3297 non
1694 3238 1939 3297 dubium
1996 3240 2119 3314 est,
2180 3240 2323 3314 quin
2369 3240 2646 3300 Musaeus
2691 3243 2789 3300 hic

443 3346 687 3403 quoque
733 3327 926 3404 legem
972 3345 1007 3384 a
1051 3324 1268 3385 Nonno
1315 3325 1596 3384 sancitam
1645 3323 2078 3383 observaverit.

613 3411 868 3477 Contra.
894 3410 954 3469 in
1012 3429 1289 3469 versuum
1345 3409 1611 3469 clausula
1652 3428 1688 3466 a
1732 3410 2000 3485 magistri
2047 3427 2182 3466 eum
2229 3410 2549 3469 severitate
2596 3411 2783 3470 desci-

444 3498 598 3556 visse
644 3498 942 3556 monstrat
983 3493 1252 3572 γυναιξίν
1282 3516 1336 3558 v.
1365 3495 1445 3553 34
1491 3497 1551 3552 et
1600 3495 1737 3568 136,
1782 3490 2086 3570 βροτοῖσιν
2116 3513 2173 3552 v.
2203 3495 2329 3554 200
2371 3495 2434 3553 iu
2479 3498 2779 3571 postrema

442 3582 580 3641 sede
625 3581 977 3641 collocatum
1024 3580 1326 3656 sequentis
1370 3598 1579 3640 versus
1623 3579 1796 3637 initio
1841 3581 2270 3638 consonantem
2315 3579 2586 3641 habente.
2655 3580 2783 3639 Nec

443 3668 619 3725 alitor
650 3686 704 3725 v.
738 3667 856 3724 128
887 3667 1332 3746 παρθενικῇσιν
1377 3665 1667 3723 editiones
1711 3664 1960 3739 babent,
2010 3682 2368 3739 quamquam
2413 3666 2605 3740 prima
2651 3684 2778 3724 suc-

442 3750 707 3810 cedentis
740 3768 943 3809 vorsus
990 3769 1101 3809 vox
1144 3747 1393 3826 θηλείης
1436 3752 1555 3824 est3
1605 3748 1708 3808 sed
1752 3742 1812 3807 P
1859 3770 1897 3807 ν
1940 3744 2364 3823 έφελκυστικόν
2409 3749 2658 3826 omittit,
2706 3757 2775 3808 ut

442 3856 549 3895 nec
597 3836 835 3894 Musaeo
882 3834 1290 3909 antiquiorum
1335 3854 1404 3894 ea
1458 3835 1531 3893 de
1575 3852 1640 3892 re
1683 3851 1952 3893 normam
1997 3835 2140 3893 olim
2183 3853 2220 3891 a
2263 3853 2357 3893 me
2400 3835 2463 3893 in
2510 3835 2781 3911 prolego-

443 3922 630 3980 menis
660 3919 735 3979 ad
769 3920 1056 3990 Quintum
1101 3939 1160 3995 p.
1192 3919 1442 3979 XXXVI
1466 3939 1554 3994 sq.
1600 3922 1934 3978 revocatam
1978 3937 2138 3978 nunc
2184 3938 2219 3976 a
2259 3919 2534 3994 plurimis
2580 3939 2780 3996 recep-

444 4009 563 4064 tam
610 4005 874 4081 ignotam
921 4005 1104 4064 fuisse
1153 4005 1474 4065 verisimile
1518 4005 1619 4063 sit.

617 4090 732 4148 Sed
777 4090 892 4148 iam
939 4109 1006 4148 ex
1048 4089 1140 4149 his
1186 4091 1458 4150 minutiis
1501 4109 1873 4167 emergamus
1918 4092 1980 4148 et
2021 4094 2389 4149 transeamus
2433 4089 2509 4148 ad
2554 4089 2784 4148 bonas

447 4174 833 4236 lectiones,
879 4175 1019 4233 iam
1077 4174 1255 4235 aliis
1313 4196 1392 4235 ex
1451 4175 1674 4235 libris
1731 4178 2111 4254 enotatas,
2185 4193 2335 4250 quae
2390 4193 2550 4234 nunc
2603 4175 2785 4233 etiam

446 4260 704 4318 Palatini
764 4261 1117 4320 auctoritate
1172 4260 1442 4321 firmatae
1500 4260 1645 4336 quin
1703 4260 1908 4320 futuro
1965 4260 2180 4318 editori
2225 4260 2596 4336 recipiendae
2642 4261 2782 4333 sint,

444 4344 705 4404 dubitari
764 4345 991 4420 nequit.
1082 4344 1300 4404 Earum
1360 4347 1553 4423 prima
1596 4366 1655 4406 v.
1693 4347 1772 4404 47
1831 4339 1974 4403 οὐδὲ
2016 4337 2166 4421 γυνή
2211 4365 2297 4415 τις
2342 4341 2586 4422 ἔμιμνεν
2642 4339 2781 4402 ἀνὰ

442 4428 858 4507 πτολίεθρα
904 4428 1214 4510 Κυθήρων
1257 4451 1368 4508 pro
1414 4451 1503 4508 eo,
1552 4431 1712 4507 quod
1758 4431 1882 4489 fere
1927 4430 2021 4489 edi
2052 4431 2207 4489 solet
2250 4425 2359 4488 ἑνὶ
2402 4428 2781 4496 πτολίεσσι

388 4747 631 4872 ’Χ
