3132 5129
1363 411 1435 419 —
1533 374 1818 437 149—

420 535 556 592 utra
598 533 945 592 recensione
991 529 1257 610 ἔρυκεν
1298 551 1409 607 pro
1456 527 1653 627 ἔεργεν
1696 535 1760 590 et
1802 532 2169 592 Zenodotum
2221 532 2447 610 [Schol.
2479 534 2635 597 Vict.
2665 556 2761 612 ap.

417 617 606 676 Bekk.
639 638 698 693 p.
733 619 885 677 228⁸
921 617 1029 695 33]
1079 613 1145 675 ἐκ
1175 614 1341 693 νηῶν
1383 637 1506 674 και
1551 609 1852 715 πύργων
1895 615 2116 695 τάφρος
2149 621 2210 677 et
2236 620 2418 678 alium
2448 621 2761 717 antiquum

416 697 483 760 ἐκ
529 710 693 777 νηῶν
734 696 854 760 άπὸ
900 700 1190 780 τάφρου
1234 699 1514 779 πύργος
1571 703 1909 779 scripsisse,
1956 722 2210 779 quorum
2253 703 2402 762 nihil
2445 706 2758 780 quicquam

412 789 600 848 iuvat.
671 788 979 859 Quodnam
1025 787 1286 863 spatium
1330 786 1663 846 necessario
1707 787 2179 865 intellegendum
2223 790 2332 863 sit,
2380 808 2563 864 supra
2607 790 2755 848 indi-

414 873 578 932 cavi:
626 873 728 932 sed
774 874 825 932 is
869 892 1076 933 sensus
1120 871 1304 931 nullis
1349 871 1638 931 machinis
1683 890 1752 930 ex
1798 873 2045 950 vulgata
2089 874 2379 949 scriptura
2423 876 2759 950 extorqueri

415 961 645 1034 potest,
692 977 800 1034 pro
845 978 964 1034 qua
1006 960 1214 1017 auctor
1259 952 1323 1014 ἐκ
1375 957 1538 1032 νηῶν
1582 951 1704 1013 ἐπὶ
1745 954 1980 1036 πύργου
2026 953 2247 1035 τάφρος
2292 954 2449 1036 ἔεργε
2480 958 2754 1017 dederat:

413 1043 805 1102 insolentiore
875 1044 1050 1102 huius
1107 1041 1566 1118 praepositionis
1622 1060 1734 1100 usu
1794 1074 1874 1084 —-
1931 1044 2199 1119 proxime
2254 1043 2481 1104 accedit
2535 1044 2592 1100 E
2636 1046 2758 1105 700

414 1123 806 1204 προτρέποντο
858 1124 1196 1203 μελαινάων
1241 1121 1363 1184 ἐπὶ
1418 1132 1586 1202 νηῶν
1633 1159 1710 1168 ——
1757 1127 1984 1187 factum
2044 1130 2163 1203 est,
2224 1131 2294 1186 ut
2346 1128 2419 1187 ad
2478 1129 2756 1188 similitu-

413 1211 613 1272 dinem
641 1212 960 1273 verborum
1005 1208 1072 1270 ἐκ
1117 1219 1282 1288 νηῶν
1325 1212 1506 1271 etiam
1550 1204 1689 1271 άπό
1736 1208 1969 1290 πύργου
2013 1213 2410 1273 inveheretur.
2473 1213 2562 1271 De
2591 1214 2755 1274 urbis

407 1278 583 1357 fnuro
627 1298 840 1356 itidem
887 1299 920 1369 ζ
958 1298 1079 1357 262
1125 1287 1205 1373 ἣν
1247 1289 1477 1377 (πόλιν)
1523 1292 1657 1375 πέρι
1699 1293 1982 1375 πύργος
2022 1293 2032 1378 Ι
2070 1291 2308 1373 ὑψηλός
2352 1298 2596 1374 legitur.

585 1384 893 1458 Superest,
952 1389 1022 1441 ut
1078 1382 1153 1441 de
1209 1382 1647 1456 comparatione
1705 1382 1966 1458 dicatur,
2034 1402 2151 1459 qua
2207 1382 2434 1442 Hector
2491 1383 2750 1444 Achivos

411 1468 819 1545 persequendo
890 1467 1169 1526 ultimum
1228 1485 1522 1542 quemque
1582 1466 1943 1527 interficiens
1999 1469 2205 1527 338—
2213 1468 2333 1526 342
2392 1468 2524 1527 cani
2578 1487 2749 1527 vena-

410 1554 567 1613 torio
623 1553 754 1628 apri
808 1552 903 1612 vel
959 1553 1150 1611 leonis
1208 1551 1496 1628 fugientis
1552 1552 1755 1611 clunes
1811 1553 2118 1628 appetenti
2172 1552 2491 1611 confertur.
2592 1552 2750 1614 Satis

411 1642 560 1697 mire
605 1637 899 1714 prosect03
958 1655 1068 1697 nec
1111 1636 1343 1712 antiqui
1387 1638 1736 1696 tacuerunt:
1793 1629 1865 1694 οὐ
1910 1633 2198 1712 δεόντως,
2254 1635 2434 1714 φασί,
2490 1643 2570 1718 τῷ
2613 1659 2753 1697 κυνι

396 1724 473 1782 ἲν
515 1721 677 1804 ζωον
720 1719 1002 1780 διωκοντι
1043 1718 1409 1798 παραβάλλει
1450 1716 1555 1778 τὸν
1583 1714 1845 1797 ’Έκτορα
1893 1718 2181 1780 διωκοντα
2226 1718 2497 1792 πολλούς.
2558 1718 2749 1793 αλλως

409 1828 466 1867 τε
525 1801 634 1866 οὐκ
689 1802 808 1866 ἔδει
861 1803 1118 1878 εἰκάζειν
1170 1801 1277 1864 τὸν
1331 1802 1626 1863 διωκοντα
1678 1804 1853 1879 κυιί,
1912 1803 2049 1877 τοὺς
2098 1803 2160 1865 δὲ
2204 1801 2602 1883 διωκομένους
2646 1800 2743 1865 άλ·

405 1887 706 1990 κιμωτέρῳ
750 1888 900 1973 ζῴῳ,
947 1898 1026 1949 τῶ
1070 1886 1280 1949 λέοντι.
1358 1890 1522 1949 Nihil
1568 1890 1970 1968 profecerunt,
2018 1893 2122 1967 qui
2154 1892 2388 1967 utrique
2432 1893 2745 1969 reprehen-

405 1978 559 2038 sioni
604 1976 996 2036 occurrebant
1036 1977 1151 2051 ita,
1203 1979 1271 2034 ut
1314 1975 1581 2034 dicerent
1623 1994 1732 2035 nec
1776 1976 1974 2051 plures
2019 1978 2316 2054 fugientes
2362 1977 2466 2036 sed
2512 1997 2744 2053 semper

404 2063 683 2122 ultimum
742 2081 1033 2139 quemque
1090 2080 1222 2120 cum
1280 2060 1407 2119 fera
1463 2062 1827 2135 comparari,
1896 2064 1958 2120 et
2014 2061 2076 2119 in
2129 2061 2386 2120 Hectore
2441 2081 2560 2121 non
2619 2066 2743 2120 tam

406 2149 562 2206 vires
610 2166 787 2223 quam
832 2147 1213 2206 velocitatem
1259 2145 1511 2218 laudari,
1557 2146 1715 2205 feras
1746 2164 1889 2205 vero
1919 2147 1983 2204 in
2015 2147 2284 2205 venando
2316 2147 2521 2223 fugere
2556 2148 2745 2206 solere

404 2233 678 2309 quamvis
723 2231 1072 2305 validiores,
1129 2234 1199 2289 ut
1254 2231 1435 2289 etiam
1481 2230 1694 2289 Graeci
1737 2232 2009 2306 quamvis
2054 2232 2199 2290 alias
2247 2230 2521 2290 Troianis
2567 2251 2741 2306 supe-

403 2320 589 2377 riores
632 2317 742 2376 hoc
785 2316 1023 2392 quidem
1069 2321 1337 2391 tempore
1380 2334 1500 2374 non
1543 2316 1854 2390 potuerint
1897 2335 2016 2375 non
2047 2317 2272 2392 fugere.
2352 2315 2534 2375 Recte
2563 2317 2742 2375 etiam

404 2403 704 2478 Kayserus
734 2402 775 2460 l.
810 2420 858 2460 c.
890 2420 948 2476 p.
984 2403 1018 2460 7
1052 2419 1344 2476 nusquam
1387 2419 1565 2459 unam
1613 2419 1819 2459 canem
1864 2401 2096 2460 leonem
2141 2403 2245 2458 aut
2287 2420 2495 2476 aprum
2539 2420 2741 2476 perse-

401 2489 503 2564 qui
548 2487 651 2546 sed
698 2487 1027 2545 coniunctis
1074 2486 1398 2545 multorum
1442 2483 1797 2544 venatorum
1845 2490 1907 2545 et
1951 2504 2162 2544 canum
2205 2485 2434 2546 viribus
2493 2487 2568 2544 ad
2613 2505 2742 2545 eam
2774 2494 2840 2542 35

401 2593 524 2634 rem
571 2592 720 2649 opus
765 2591 891 2632 esse
935 2590 1007 2630 ex
1054 2571 1112 2627 Γ
1136 2572 1235 2630 26.
1283 2571 1340 2627 Ε
1373 2572 1519 2630 476.
1565 2574 1631 2628 Λ
1661 2572 1786 2629 414
1818 2590 1948 2649 sqq.
1999 2572 2050 2628 P
2076 2573 2153 2631 65
2179 2591 2307 2647 sqq.
2342 2573 2590 2648 monuit,
2638 2572 2739 2631 ob-

400 2662 707 2718 versatum
749 2675 891 2718 vero
936 2675 1065 2716 esse
1108 2655 1397 2715 imitatori
1445 2659 1509 2713 A
1540 2658 1661 2714 292
1694 2675 1782 2732 sq.

652 2768 735 2846 ὥς
781 2768 839 2831 δ’
886 2795 985 2833 οτε
1029 2771 1148 2832 πού
1194 2794 1280 2845 τις
1325 2769 1603 2853 θηρητὴρ
1648 2768 1837 2845 κύνας
1884 2766 2270 2852 ἀργιόδοντας

652 2858 806 2961 σεύῃ
844 2852 938 2918 ἐπ’
985 2853 1276 2939 ἀγροτέρῳ
1320 2854 1421 2916 συὶ
1464 2857 1697 2938 καπρίῳ
1740 2852 1808 2935 ἠὲ
1850 2855 2073 2935 λέοντι,

652 2934 732 3016 dig
778 2939 875 3003 ἐπ’
920 2937 1247 3020 Ἀχαιοῖσιν
1288 2949 1425 3003 σευε
1474 2946 1682 3022 Τρῶας
1725 2939 2113 3046 μεγαθύμους

634 3027 870 3109 ’Ἕκτωρ
917 3026 1277 3107 Πριαμίδης,
1321 3028 1674 3112 βροτολοιγῷ
1718 3021 1840 3100 ἶσος
1872 3021 2063 3107 Ἄρηι.

397 3151 463 3208 Id
509 3170 579 3209 eo
622 3149 1003 3211 verisimilius
1048 3152 1156 3224 est,
1200 3148 1360 3246 quod
1405 3167 1587 3225 supra
1635 3150 1832 3207 172-
1848 3150 1966 3209 178
2013 3149 2076 3207 in
2119 3150 2322 3209 eadem
2358 3150 2408 3208 Α
2423 3169 2735 3226 gamem·

396 3237 607 3294 nonis
663 3234 959 3293 Aristia
1023 3234 1264 3310 egregia
1320 3234 1683 3309 fugientium
1742 3234 2137 3293 Troianorum
2205 3239 2267 3294 et
2321 3235 2734 3310 persequentis

398 3318 859 3396 Agamemnonis
917 3320 1112 3396 imago
1169 3317 1479 3377 exhibetur
1535 3320 1971 3394 comparatione
2018 3338 2151 3378 cum
2195 3320 2391 3379 bubus
2435 3319 2731 3393 instituta,

394 3425 539 3480 quas
596 3423 801 3463 omnes
854 3404 1028 3480 fugat
1081 3404 1175 3462 leo
1233 3422 1415 3463 unam
1470 3407 1887 3480 prosternenS,
1954 3406 2057 3479 qui
2120 3404 2285 3465 locus
2341 3403 2553 3465 iisdem
2610 3404 2732 3463 fere

392 3494 572 3565 atque
616 3491 822 3548 noster
865 3488 1072 3547 finitur
1115 3489 1414 3549 versibusz

650 3619 733 3694 ὥς
777 3620 914 3695 τοὺς
954 3619 1253 3701 Ἀτρεΐδης
1299 3621 1482 3699 ἔφεπε
1523 3622 1739 3702 κρείων
1774 3617 2162 3703 Ἀγαμέμνων

651 3704 819 3768 αἰὲν
861 3703 1336 3768 ἀποκτείνων
1381 3705 1503 3768 τὸν
1544 3703 1976 3768 ὀπίστατον·
2025 3708 2093 3767 οἳ
2136 3704 2195 3767 δ’
2246 3705 2615 3786 ἐφέβοντο.

395 3845 566 3905 Unde
621 3845 781 3904 haud
846 3846 1047 3921 inepte
1102 3846 1440 3921 suspiceris
1476 3846 1585 3905 hos
1641 3846 1879 3921 quidem
1940 3865 2145 3905 versus
2201 3849 2407 3904 nostro
2467 3847 2596 3905 loco
2655 3847 2726 3904 ad

391 3931 711 3990 Hectorem
778 3931 1099 3989 translatos
1163 3931 1443 4005 primitus
1510 3931 1665 3990 circa
1728 3931 1916 4006 ipsius
1984 3931 2146 3990 illius
2213 3932 2491 3989 carminis
2549 3930 2726 3988 finem

391 4015 591 4091 fuisse,
638 4015 740 4074 sed
786 4034 821 4073 a
864 4018 1180 4074 consutore
1225 4016 1400 4075 huius
1445 4016 1582 4074 libri
1627 4034 1759 4074 cum
1804 4016 2076 4092 propriae
2120 4015 2381 4074 fabricae
2427 4030 2727 4090 compara·

392 4102 552 4160 tione
574 4100 921 4161 coniunctos
943 4099 1252 4159 decurtato
1277 4101 1504 4176 Apatae
1541 4101 1877 4177 fragmento
1915 4101 2299 4176 interpositos
2330 4118 2479 4158 esse.
2550 4099 2725 4160 Certe

390 4188 458 4243 ut
500 4186 562 4244 in
605 4184 1178 4261 Agamemnonis
1221 4184 1519 4244 Aristia
1560 4185 1717 4245 idem
1763 4186 2022 4261 primum
2068 4185 2243 4243 huius
2287 4188 2417 4243 tum
2448 4185 2724 4245 Hectoris

392 4271 633 4329 victoris
680 4289 980 4329 successus
1027 4269 1237 4330 iisdem
1285 4270 1404 4330 fere
1450 4271 1649 4329 verbis
1693 4271 1968 4345 deinceps
2013 4269 2475 4345 praedicaretur,
2523 4290 2557 4328 a
2602 4271 2723 4329 sin·

394 4355 587 4430 gulari
645 4355 807 4413 iuius
858 4356 1134 4414 carminis
1188 4354 1389 4417 indole
1443 4374 1564 4414 non
1623 4355 1938 4415 abhorrere
1992 4355 2257 4430 videtur,
2321 4356 2477 4431 quod
2525 4358 2719 4415 totum

392 4439 614 4498 versari
670 4440 732 4499 in
788 4441 1012 4499 mutuis
1067 4439 1376 4515 utriusque
1430 4439 1628 4499 herois
1671 4440 1933 4501 victoriis
1976 4441 2400 4515 componendis
2444 4459 2577 4499 cum
2620 4439 2722 4498 alii
