3132 5129
1424 384 1885 447 -290—

482 542 970 602 Wernickianum
1001 543 1306 601 inventum
1342 538 1446 620 [ad
1468 542 1690 619 Tryph.
1716 562 1776 617 p.
1806 538 1958 620 288]
1992 538 2235 617 πληθὺς
2281 535 2608 618 ἐρχομένων
2637 541 2823 602 verbo

426 636 459 683 ὅ
487 628 725 687 laborat
769 627 982 689 otioso,
1069 627 1258 685 Poeta
1299 623 1542 703 πληθὺς
1588 623 2041 704 σπερχομένων
2084 629 2418 703 scripserat,
2476 627 2634 701 quod
2689 647 2820 686 ver-

483 714 627 771 bum
682 718 744 772 et
796 713 942 771 alibi
993 712 1155 786 apud
1211 731 1345 770 eum
1403 713 1627 788 legitur
1682 716 1743 771 et
1811 712 1869 769 h.
1916 713 1956 772 1.
2005 713 2220 771 extrita
2262 712 2464 770 littera
2506 727 2542 768 σ
2586 714 2647 771 in
2694 712 2823 772 vul-

483 800 686 875 gatam
741 797 1040 856 detortum
1095 800 1204 856 est.
1295 796 1588 856 Vitiosam
1647 798 1907 857 eiusdem
1965 797 2404 856 terminationis
2462 798 2821 872 prosodiam,

481 902 600 958 qua
641 882 796 942 infra
823 902 882 942 v.
916 881 1038 940 515
1073 882 1254 958 vulgo
1299 879 1466 957 τοίην
1510 895 1659 957 σφιν
1703 876 1963 939 ἐνέλλιπε
2010 872 2274 940 θελκτύν
2315 874 2533 954 ἀοιδῆς
2578 884 2817 959 legitur,

485 968 892 1043 expellendam
922 986 1052 1026 esse
1083 967 1184 1041 ita,
1233 969 1301 1024 ut
1331 958 1496 1025 τοῖόν
1525 981 1673 1042 σφιν
1704 962 1885 1024 ἔνέλλ.
1914 962 2207 1039 θέλκτρον
2247 960 2458 1043 ἀοιδῆς
2503 967 2820 1043 scribatur,

489 1053 856 1128 comparanti
900 1052 1171 1111 lectionis
1217 1052 1561 1111 varietatem
1594 1052 1924 1127 apparebit.
1993 1051 2122 1111 Vox
2150 1071 2302 1127 rara,
2349 1051 2454 1111 sed
2499 1054 2659 1111 recte
2706 1053 2820 1110 for·

484 1142 648 1196 mata
691 1137 863 1196 facile
907 1137 1240 1195 oblitterari
1283 1139 1538 1212 poterat.

657 1222 964 1297 Similiter,
1008 1225 1078 1280 ut
1119 1222 1285 1297 prior
1312 1222 1494 1298 locus,
1541 1223 1724 1281 etiam
1754 1242 1813 1282 v.
1847 1224 1968 1282 267
2004 1224 2316 1297 corruptus
2349 1224 2459 1298 est,
2507 1221 2610 1280 ubi
2640 1221 2822 1298 vulgo

486 1306 707 1384 legitur

897 1424 970 1433 —
1018 1383 1278 1467 δμώεσσι
1323 1384 1382 1447 δ’
1431 1384 1612 1469 ἀρήια
1657 1386 1850 1469 τεύχε’
1896 1386 2120 1470 ἀείρειν

888 1472 1228 1553 πέφραδεν·
1274 1474 1333 1533 οἳ
1375 1472 1442 1533 δὲ
1487 1480 1624 1555 σῖγα
1668 1471 1959 1552 κατηφέες
2002 1469 2285 1555 ἠείροντο.

655 1613 1075 1688 Apollonium,
1138 1631 1271 1670 cum
1326 1612 1546 1672 infiniti
1607 1616 1810 1672 essent
1861 1614 2025 1672 modi
2069 1632 2306 1672 versum
2351 1613 2467 1671 rite
2511 1612 2819 1686 condendi,

488 1720 559 1757 ex
603 1698 821 1774 quibus
865 1716 1050 1755 unum
1096 1696 1156 1754 οἳ
1202 1691 1259 1751 δ’
1306 1693 1424 1774 ἄρα
1469 1700 1608 1776 σῖγα
1653 1717 1978 1756 memorare
2023 1698 2263 1772 sufficit,
2309 1699 2435 1757 sine
2479 1697 2604 1756 ulla
2645 1716 2822 1756 causa

483 1787 690 1860 aperto
734 1783 883 1842 vitio
929 1783 1283 1841 delectatum
1328 1802 1456 1842 esse
1499 1800 1744 1858 prorsus
1788 1783 2147 1843 incredibile.
2177 1786 2290 1844 est.
2364 1783 2489 1841 Nec
2529 1785 2667 1860 σῖγα
2696 1783 2822 1858 qui-

487 1869 623 1927 dem
667 1867 882 1943 placet,
928 1886 1045 1943 quo
1089 1867 1139 1926 si
1184 1866 1557 1943 significatur
1600 1885 1800 1927 servos
1842 1886 2093 1943 propere
2122 1868 2468 1927 obedientes
2500 1866 2586 1925 nil
2618 1871 2823 1926 contra

483 1952 731 2028 dixisse,
792 1953 852 2010 id
900 1953 1058 2028 quod
1116 1971 1352 2027 semper
1410 1952 1603 2011 facere
1655 1971 1966 2011 servorum
2010 1956 2123 2029 est,
2170 1953 2363 2011 otiose
2407 1952 2605 2027 posito
2653 1969 2820 2011 voca-

481 2038 627 2096 bulo
674 2037 1030 2112 declaratur,
1077 2037 1169 2095 sin
1216 2054 1527 2113 servorum
1572 2056 1805 2096 maeror
1846 2037 2175 2113 indicatur,
2219 2037 2272 2096 is
2317 2040 2606 2112 sequente
2648 2056 2821 2111 κατη-

483 2117 624 2196 φέες
681 2122 893 2181 melius
951 2121 1370 2198 signatiusque
1427 2121 1775 2180 declaratur.
1867 2121 2004 2180 Alia
2058 2141 2153 2181 res
2209 2126 2304 2180 est
2348 2121 2468 2196 ΙΙΙ,
2520 2122 2659 2179 123.
2750 2121 2821 2179 In

484 2207 614 2266 cod.
639 2206 777 2266 Vat.
803 2206 853 2264 B
895 2206 1119 2284 legitur
1157 2201 1495 2283 πέφραδεν
1544 2205 1604 2264 οἳ
1633 2197 1694 2262 δ’
1741 2196 1897 2279 αἶψα
1928 2227 2080 2281 aaa,
2124 2225 2245 2282 qua
2276 2207 2572 2281 scriptura
2600 2206 2820 2264 abusus

483 2290 825 2352 Gerhardus
857 2292 918 2349 in
959 2292 1159 2367 priore
1202 2292 1547 2350 recensione
1591 2291 1825 2350 foedius
1868 2291 2048 2349 etiam
2094 2292 2309 2350 vitium
2354 2287 2688 2369 πέφραδεν·
2734 2286 2825 2348 τοὶ

482 2370 534 2431 δ’
586 2367 743 2450 αἶψα
773 2396 900 2434 κατ.
949 2375 1268 2452 Apollonio
1299 2376 1589 2451 placuisse
1618 2371 2124 2451 suspicabatur1).
2185 2375 2399 2435 Melius
2431 2393 2499 2433 ea
2528 2376 2823 2451 scriptura

479 2480 621 2521 usus
678 2465 771 2521 cst
824 2461 1204 2520 Wernickius
1261 2457 1364 2538 [ad
1411 2458 1636 2536 Tryph.
1684 2481 1744 2537 p.
1793 2459 1942 2537 399]
2002 2451 2159 2535 αἶψα
2225 2455 2292 2519 δὲ
2356 2463 2492 2535 σῖγα
2556 2479 2685 2517 κατ.
2744 2459 2819 2518 ab

478 2546 806 2623 Apollonio
865 2547 1155 2622 scriptum
1207 2564 1335 2605 esse
1390 2545 1707 2606 coniciens.
1795 2543 2022 2604 Verum
2077 2563 2404 2622 pronomen
2450 2564 2624 2622 aegre
2668 2544 2818 2603 desi-

480 2632 727 2691 deratur
770 2633 1110 2707 importune
1153 2630 1551 2691 insidentibus
1596 2631 1711 2690 sibi
1755 2632 2080 2705 particulis.
2168 2631 2260 2690 Ne
2306 2631 2528 2689 multa:
2575 2629 2820 2706 Apollo-

482 2717 616 2775 nius
673 2712 1012 2793 πέφραδεν·
1069 2713 1130 2772 οἳ
1184 2710 1252 2772 δέ
1306 2712 1371 2772 οἱ
1417 2706 1577 2789 αἶψα
1631 2734 1757 2774 κατ.
1804 2716 2069 2791 scripsit,
2128 2714 2288 2791 quod
2334 2717 2682 2791 corruptum
2730 2718 2824 2773 est

482 2803 729 2876 propter
773 2800 1136 2876 syllabarum
1181 2819 1237 2857 οι
1279 2802 1339 2859 et
1383 2814 1441 2856 σι
1483 2798 1959 2860 similitudinem.

651 2885 803 2944 Ibid.
848 2885 970 2944 268
1002 2903 1131 2960 sqq.

783 2999 1009 3080 Μήτηρ
1053 2997 1115 3058 δ’
1164 2990 1244 3072 ὦς
1289 2998 1360 3060 τὰ
1403 2996 1602 3079 πρῶτ’
1649 2996 1965 3080 ἐπεχεύατο
2006 2995 2184 3080 πήχεε
2226 3000 2425 3078 παιδί,

780 3083 863 3158 οὓς
910 3083 1072 3163 ἔχετο
1114 3076 1387 3145 κλαίουσ’
1433 3079 1822 3165 ἀδινώτερονγ
1856 3079 2000 3162 ἠύτε
2044 3081 2231 3164 κούρη

783 3169 991 3231 οἰόθεν
1032 3165 1342 3242 ἀσπασίως
1385 3168 1601 3248 πολιὴν
1643 3169 1865 3248 τροφὸν
1906 3164 2328 3248 ἀμφιπεσοῦσα

782 3255 1052 3334 μύρεται,
1095 3247 1140 3337 ᾗ
1181 3250 1291 3314 οὐκ
1336 3253 1490 3316 εἰσὶν
1534 3250 1619 3315 ἔτ’
1666 3253 1834 3315 ἄλλοι
1877 3254 2269 3335 κηδεμονῆες,

783 3335 915 3398 ἀλλ’
962 3334 1084 3399 ὑπὸ
1126 3348 1382 3423 μητρυιῇ
1424 3339 1627 3419 βίοτον
1668 3337 1866 3419 βαρὺν
1907 3333 2210 3419 ἡγηλάζει,

782 3423 889 3484 καί
928 3421 1139 3484 ἓ·νέον
1180 3421 1487 3484 πολέεσσιν
1528 3420 1822 3485 ὀνείδεσιν
1864 3421 2219 3503 ἐστυφέλιξε.

650 3544 869 3604 Totum
915 3545 1201 3620 adscripsi
1247 3546 1474 3620 locum,
1532 3549 1602 3604 ut
1647 3544 2045 3605 membrorum
2073 3586 2076 3594 ,
2102 3547 2399 3621 copulatio
2444 3546 2667 3622 legenti
2711 3565 2818 3621 ap-

407 3637 438 3685 6
479 3634 738 3706 pareret.
814 3627 1000 3699 Quam
1047 3631 1148 3705 qui
1191 3631 1578 3705 reputaverit,
1625 3630 1836 3688 ultima
1878 3630 2129 3690 relativo
2175 3631 2413 3689 vinculo
2457 3631 2647 3689 multo
2678 3649 2814 3689 con·

477 3716 710 3857 (ἐίωέἰιιε
733 3714 1247 3859 darilizecfzdentibus
1304 3714 1542 3774 adnecti
1588 3715 1895 3773 fatebitur.
1982 3715 2192 3790 Itaque
2236 3716 2390 3792 vide,
2434 3736 2513 3775 an
2557 3720 2736 3792 poeta
2775 3704 2818 3792 ἥ

555 3822 592 3858 ν
656 3821 692 3858 ν
774 3819 806 3859 e
849 3818 937 3860 en
972 3845 987 3859 .

616 3983 670 4048 1)
707 3980 919 4034 Eodem
967 3980 1136 4034 modo
1183 3978 1507 4034 Gerhardus
1541 3980 1846 4048 Apollonio
1890 3982 2154 4036 iniuriam
2188 3982 2351 4046 fecit,
2387 3996 2511 4034 cum
2550 3999 2605 4050 p.
2643 3987 2710 4034 44
2744 3980 2816 4033 de

479 4048 609 4114 illo,
653 4048 804 4115 quod
849 4048 904 4113 Ι,
953 4054 1052 4103 689
1099 4048 1157 4101 in
1193 4046 1322 4102 Vat.
1362 4046 1408 4100 B
1455 4047 1691 4117 legitur,
1740 4042 1937 4120 ἤματα
1982 4047 2336 4114 ὃανύεσκον,
2384 4050 2525 4102 haec
2567 4047 2814 4116 scripsit:

371 4159 380 4162 -
481 4114 659 4183 „nihil
704 4117 894 4184 potest
941 4115 1094 4170 aliud
1140 4116 1320 4170 latere
1366 4132 1537 4184 quam
1576 4117 1944 4184 δαινύεσκον,
1990 4134 2048 4171 re
2092 4133 2310 4188 ugnans
2356 4115 2497 4169 illud
2534 4118 2595 4169 et
2627 4132 2815 4186 gram-

478 4183 699 4262 maticis
735 4184 794 4237 et
843 4184 1156 4253 prosodicis
1208 4182 1262 4261 le
1307 4183 1458 4251 'bus,
1521 4184 1775 4239 attamen
1821 4185 1995 4254 priori
2040 4134 2326 4253 Kpollonfi
2369 4183 2680 4238 recensioni
2727 4183 2817 4261 vix

479 4250 973 4307 abludicandum.“
1033 4252 1209 4306 Recte
1244 4269 1265 4303 1
1313 4268 1343 4305 e
1380 4253 1672 4306 inventum
1709 4271 1871 4307 suum
1907 4253 2203 4317 iudicavit3
2241 4269 2339 4305 cur
2361 4266 2494 4305 vero
2518 4253 2564 4305 A
2647 4251 2818 4305 llomo

478 4321 696 4373 tantam
753 4318 1130 4398 stribliginem
1183 4319 1595 4374 obtrudendam
1648 4321 1909 4390 putavit?
1977 4317 2172 4375 Potius
2216 4318 2478 4374 librarius
2529 4320 2567 4373 il
2595 4336 2654 4386 e,
2706 4318 2817 4372 nisi

477 4402 692 4507 mgr-ut?
732 4388 1012 4442 commisit
1049 4387 1332 4442 scribendi
1367 4404 1630 4454 errorem,
1668 4384 1864 4458 ἤματα
1898 4386 2271 4458 δηθύνεσκον
2308 4387 2553 4442 scribere
2578 4386 2816 4442 voluisse

477 4470 536 4507 vl
578 4470 608 4508 e
675 4471 718 4509 r.
