3132 5129
1312 417 1392 447 ·:-
1477 380 1604 442 533
1691 406 1819 426 ——·

370 537 629 612 querelis
690 556 1109 612 responsurum
1168 556 1295 595 esse
1353 538 1683 611 promittit,
1744 521 2005 595 omnium
2054 540 2333 597 facillime
2379 543 2441 597 et
2485 539 2710 614 simpli-

371 623 633 694 cissime,
683 623 912 696 itaque,
964 624 1030 679 ut
1077 621 1138 679 in
1182 641 1244 680 re
1291 641 1572 696 perquam
1617 622 1872 693 incerta,
1933 625 2157 698 optime
2204 624 2520 682 constituit
2563 624 2707 681 Her·

371 724 622 764 mannus
666 707 994 783 Musgravii
1041 710 1217 780 atque
1263 706 1603 765 Marklandi
1650 707 2160 767 emendationibus
2206 710 2491 784 receptis:

944 833 1357 912 ἀντιψάλμους
1402 831 1560 912 ὦδάς
1606 836 1800 917 ὕμνον
1844 830 1893 899 τ’

855 918 1131 998 Ἀσιήταν
1174 944 1295 1003 σοι,
1341 924 1653 1019 βάρβαρον
1697 922 1948 1023 ἰαχάν,

862 1004 1231 1084 δέσποιν’,
1279 1002 1614 1086 ἐξαυδάσω,
1663 1032 1773 1069 ταν
1815 1006 1881 1069 έν

858 1090 1158 1171 θρήνοις
1203 1095 1437 1171 μοῦσαν
1483 1092 1690 1154 νέκυσι
1729 1093 2185 1171 μελομέναν,

861 1174 973 1236 τάν
1017 1174 1081 1236 ἕν
1121 1183 1373 1255 μολπαῖς
1401 1177 1617 1251 ’Ἅιδας
1661 1174 1840 1256 ὑμνεῖ

856 1263 992 1340 δίχα
1036 1261 1331 1323 παιάνων.

371 1405 567 1462 Unum
617 1402 1030 1477 corrigendum
1075 1400 1394 1477 reliquerat
1450 1400 1627 1477 ἰαχὰν
1668 1402 1855 1461 altero
1900 1423 2072 1462 versu
2121 1404 2398 1478 positum,
2446 1423 2553 1478 pro
2587 1423 2702 1478 quo

368 1489 670 1546 Nauckius
715 1490 870 1545 recte
915 1480 1110 1561 άχάν
1154 1487 1410 1562 scripsit.
1501 1488 1616 1546 Hic
1672 1488 1828 1545 idem
1876 1507 2014 1548 vero
2058 1489 2216 1563 quod
2263 1507 2395 1546 eum
2442 1488 2573 1545 aliis
2617 1508 2700 1546 se-

370 1576 588 1649 quente
633 1591 803 1631 versu
850 1569 1132 1651 δεσποίνα
1177 1564 1233 1648 γ’
1285 1566 1595 1643 ἐξαυδάσω
1638 1573 1903 1647 retinuit,
1950 1573 2076 1631 iure
2109 1573 2311 1630 mirari
2345 1573 2520 1641 subit,
2567 1592 2700 1630 cum

366 1663 429 1717 et
484 1658 776 1732 particula
828 1652 893 1733 γέ
949 1660 1019 1714 ut
1073 1658 1250 1714 toties
1308 1658 1392 1715 ita
1451 1657 1544 1715 hic
1599 1676 1835 1732 quoque
1893 1658 2404 1732 importunissime
2471 1658 2700 1715 intrusa

369 1744 448 1801 sit
492 1747 553 1799 et
596 1742 767 1799 herae
814 1741 1035 1799 diserta
1078 1741 1360 1800 allocutio
1408 1742 1779 1801 desideretur
1821 1761 1928 1801 nec
1974 1741 2219 1801 obscure
2250 1734 2487 1817 turpem
2516 1743 2697 1799 inter-

368 1827 727 1901 polationem
777 1825 999 1884 indicet
1044 1826 1171 1899 ipsa
1215 1826 1501 1885 librorum
1547 1827 1871 1901 scriptura,
1930 1826 2001 1886 de
2048 1847 2166 1902 qua
2210 1827 2319 1885 hoc
2364 1825 2537 1927 mpdo
2582 1830 2695 1884 ret-

369 1912 509 1975 tulit
553 1910 986 1968 Kiichhoffius:
1034 1908 1364 1983 „damnem
1409 1903 1460 1967 τ’
1511 1906 1820 1982 ἐξαυδάσω
1858 1873 1994 1989 ²(sed
2039 1911 2256 1970 litteris
2300 1932 2337 1967 α
2382 1904 2437 1967 τ’
2487 1911 2699 1970 deletis

366 2017 400 2053 a
455 2016 534 2054 m.
597 1993 736 2071 sec.)
808 1995 867 2051 B
926 1988 1189 2052 δέσποιν’
1260 1989 1365 2070 α”γ
1429 1989 1736 2066 ἐξαυδάσω
1796 1995 1848 2054 C
1897 2015 2008 2053 sec,
2067 1996 2336 2070 Furiam,
2413 1993 2695 2054 δεσποίνα

409 2072 777 2152 ’ἐξαυδάσω
825 2098 935 2138 sec.
987 2078 1320 2139 Victoriam
1366 2084 1427 2139 et
1482 2100 1621 2155 app.
1655 2079 1859 2138 Parr.“
1940 2080 2093 2138 Tum
2129 2080 2288 2155 quod
2324 2084 2459 2155 post
2494 2077 2698 2138 νέκυσι

366 2169 430 2224 in
475 2166 650 2224 libris
694 2165 918 2240 legitur
960 2158 1167 2239 μέλεον
1209 2169 1368 2223 recte
1413 2166 1475 2223 in
1519 2161 1944 2239 μελομέναν
1998 2168 2295 2223 mutatum
2344 2184 2468 2223 esse
2513 2165 2693 2237 locuS‚

366 2269 485 2325 quo
531 2252 622 2307 usi
669 2253 826 2324 sunt,
877 2250 1203 2307 consimilis
1249 2249 1420 2308 docet
1461 2251 1525 2308 in
1570 2249 1794 2307 Phoen.
1834 2251 1990 2308 1301
2020 2267 2147 2324 sqq.
2192 2247 2309 2347 βοᾷ
2350 2242 2636 2327 βαρβάρω
2684 2247 2690 2325 1

367 2334 588 2408 ἰαχὰν
616 2349 937 2393 στενακταν
974 2330 980 2413 Ι
1013 2328 1331 2408 μελομέν
1346 2354 1381 2388 α
1401 2355 1436 2391 ν
1465 2336 1698 2405 νεκροῖς
1730 2330 1986 2405 δάκρυσι
2014 2329 2325 2427 θρηνησω.
2373 2332 2696 2391 Schoenius

363 2420 602 2494 quidem
648 2440 716 2477 ex
741 2419 866 2478 Alc.
891 2439 946 2477 v.
976 2420 1096 2475 453
1114 2437 1200 2493 sq
1245 2416 1411 2475 τοίαν
1453 2415 1644 2487 ἔλιπες
1688 2419 1965 2475 θανοῦσα
2008 2407 2241 2492 μολπαν
2258 2413 2544 2513 μελέων
2571 2411 2691 2474 άοι-

366 2504 493 2574 δοῖς
548 2505 642 2562 hic
685 2522 916 2580 quoque
961 2497 1243 2579 μελέων
1285 2522 1393 2579 pro
1436 2498 1645 2579 μέλεον
1689 2503 1953 2579 scripsit,
2013 2503 2115 2560 sed
2172 2503 2304 2579 quis
2347 2502 2496 2560 hanc
2540 2502 2695 2561 ferat

366 2593 697 2648 contortam
764 2606 1236 2665 synonymorum
1306 2589 1795 2648 cumulationem.
1868 2582 2113 2666 νέκυσιν
2173 2582 2396 2663 μελέων
2460 2578 2566 2643 τάν
2628 2583 2695 2645 έν

363 2675 612 2749 μολπαῖς
642 2670 857 2742 ’Ἅιδας
903 2666 1088 2748 ὑμνεῖ
1122 2671 1256 2748 δίχα
1300 2669 1579 2730 παιάνων
1622 2673 1732 2731 hoc
1779 2691 1985 2730 sensu.
2031 2674 2185 2741 „den
2232 2673 2692 2747 Τναιιοιῃοεαηῃ,

368 2761 610 2818 welehcn
664 2761 765 2817 der
820 2758 1024 2817 Hades
1078 2761 1146 2817 in
1206 2759 1407 2816 To‘ncn
1461 2778 1575 2818 von
1628 2759 1886 2817 Liedern
1936 2759 2082 2816 ohne
2138 2759 2389 2817 Pitanen
2442 2759 2548 2829 fiir
2602 2759 2694 2817 dic

369 2845 587 2903 Todtcn
640 2846 1002 2903 anstim'mtf‘
1080 2842 1207 2901 Hoc
1262 2846 1417 2900 recte
1476 2843 1579 2918 qui
1624 2843 1924 2918 improbat
1967 2841 2217 2902 Kvicala
2261 2863 2319 2918 p.
2370 2844 2487 2900 227
2537 2843 2690 2900 haud

363 2930 574 2987 melius
620 2929 886 3004 profecto
933 2922 1244 2984 νέκυσιν
1285 2923 1572 3001 μεδέων
1616 2928 1880 3003 scripsit,
1942 2931 2000 2985 et
2057 2928 2371 2985 verborum
2420 2928 2692 2986 coniunc-

364 3015 522 3071 tione
578 3032 698 3071 non
757 3013 953 3070 minus
1010 3012 1157 3070 dura
1219 3017 1278 3070 et
1332 3012 1448 3087 ipsi
1508 3017 1876 3071 mortuorum
1935 3014 2061 3088 regi
2128 3011 2372 3069 insolita
2435 3012 2693 3069 cantoris

363 3099 667 3172 provincia.
712 3098 870 3172 data,
918 3115 1050 3154 cum
1097 3098 1298 3171 potius
1327 3097 1470 3155 haec
1501 3096 1580 3155 sit
1608 3096 1937 3155 audacioris
1967 3096 2346 3171 metaphorae
2377 3095 2689 3169 sententia,

363 3183 669 3241 funebrem
719 3182 946 3240 Musam
993 3180 1243 3239 mortuis
1287 3184 1460 3256 atque
1495 3180 1648 3240 Orco
1697 3184 1997 3256 propriam
2044 3200 2190 3239 esse.
2267 3180 2479 3237 Melius
2525 3181 2688 3239 fecis-

366 3271 500 3326 sent
557 3266 777 3340 eritici,
839 3268 886 3324 si
932 3265 1002 3324 de
1046 3265 1244 3324 verbis
1290 3262 1355 3323 ἐν
1396 3268 1647 3341 μολπαῖς
1710 3266 1964 3361 amplius
2019 3266 2483 3340 quaesivissent,
2543 3284 2691 3337 quae

365 3372 725 3427 quamquam
771 3351 1040 3425 intellegi
1095 3354 1343 3426 possunt
1397 3353 1599 3409 tamen
1643 3350 1802 3408 haud
1848 3350 2092 3407 iniuria
2108 3349 2495 3423 suspicionem
2543 3348 2689 3404 Har-

363 3444 549 3511 tungo
594 3439 928 3508 moverunt,
974 3438 1044 3492 ut
1091 3455 1159 3494 ea
1203 3455 1335 3494 cum
1381 3435 1768 3494 antecedente
1801 3426 1908 3491 τάν
1938 3438 2006 3492 ut
2036 3433 2503 3531 dittographiam
2536 3433 2689 3506 prio-

362 3539 497 3606 rum
544 3517 655 3579 τὰν
700 3517 766 3578 ἐν
808 3515 1063 3596 θρηνοις
1107 3519 1369 3578 tollenda
1399 3519 1691 3578 iudicaret
1722 3523 1897 3594 atque
1929 3519 2001 3578 ab
2032 3519 2167 3576 his
2154 3518 2301 3592 lpsis
2330 3536 2448 3575 uno
2482 3522 2687 3575 tenore

361 3597 562 3664 omnia
604 3626 789 3681 usque
834 3607 908 3664 ad
955 3602 1089 3678 δίχα
1133 3596 1409 3662 παιάνων
1454 3605 1807 3663 deduceret:

851 3775 933 3781 -
1019 3773 1102 3782 -
1190 3772 1270 3781 -
1364 3773 1439 3781 -
1530 3736 1642 3795 ταν
1688 3735 1754 3796 έν

855 3821 1110 3898 θρήνοις
1153 3830 1406 3900 μοῦσαν,
1453 3819 1658 3881 νέκυσι
1701 3817 2054 3898 μελομέναν,

833 3905 1047 3979 ’Ἅιδας
1092 3903 1277 3984 ὑμνεῖ
1313 3905 1444 3983 δίχα
1490 3905 1781 3965 παιάνων.

361 4049 527 4106 Ferri
585 4049 696 4107 hoc
753 4065 921 4122 posse
979 4045 1110 4121 quis
1167 4044 1518 4120 negaverit?
1612 4043 1728 4102 Sed
1785 4042 2024 4101 omnino
2084 4042 2146 4099 in
2189 4041 2317 4100 loco
2363 4060 2685 4114 versamur,

362 4133 463 4207 qui
522 4134 697 4191 variis
756 4130 948 4190 modis
1006 4129 1282 4188 adornari
1338 4128 1545 4203 possit.
1636 4128 1804 4186 Licet
1860 4127 2045 4202 igitur
2108 4126 2283 4183 aliam
2348 4126 2686 4201 apposuisse

365 4217 782 4276 coniecturam.
875 4215 1029 4273 Vide
1072 4216 1248 4288 enim,
1294 4233 1439 4271 num
1485 4211 1802 4286 Euripides
1848 4210 2110 4269 dederit:

851 4346 962 4408 τᾶν
1006 4345 1070 4407 έν
1111 4350 1429 4424 μολπαῖς
1470 4342 1763 4423 μούναν
1804 4345 2097 4421 μοῦσαν

851 4431 1060 4494 νέκυσι
1102 4428 1452 4510 μελομέναν,
