3132 5129
298 532 358 580 13
393 524 479 580 uti
535 522 687 594 dixi,
743 539 979 579 severus
1035 538 1192 594 esse,
1248 518 1349 576 sed
1392 537 1513 579 non
1559 537 1795 594 possum
1844 538 1963 579 non
2006 522 2245 593 notare,
2303 538 2477 595 quam
2523 521 2724 595 inepte

395 627 463 665 ex
511 606 671 663 Γ44
729 606 877 664 illud
931 598 1155 679 πρόμος
1201 599 1442 678 ἔμμεναι
1496 604 1611 662 huc
1655 605 1718 662 in
1762 624 1818 664 v.
1869 606 1945 662 75
1992 604 2346 664 translatum
2392 604 2497 678 sit,
2554 606 2724 679 quasi

394 685 612 770 πρόμος
644 709 766 749 non
811 693 1452 766 propugnatorem
1497 689 1810 764 significet,
1857 689 1961 748 sed
2005 689 2557 763 adversarium,
2603 709 2726 764 quo

393 797 462 836 ex
518 777 755 835 nomine
810 775 910 850 qui
964 774 1187 849 pendet
1240 774 1481 832 dativus
1517 769 1761 848 Έκτορι
1821 770 1945 853 δίῳ
1991 774 2089 832 vix
2133 774 2325 850 magis
2367 774 2596 849 placeat
2636 793 2725 848 eo,

394 862 550 937 quod
606 853 997 936 ἆκαιροτέρως
1054 860 1265 933 etiam,
1324 877 1501 932 quam
1549 858 1852 918 Menelaus
1902 859 1958 914 Γ
1982 860 2102 917 352
2149 858 2453 932 Paridem,
2511 859 2607 918 hic
2661 878 2725 917 se

394 947 593 1022 ipsum
637 944 860 1004 Hector
904 945 1147 1002 divini
1191 942 1454 1019 epitheto
1499 947 1690 1002 ornat.

566 1029 862 1105 Sequente
918 1047 1092 1087 versu
1143 1032 1509 1103 quantopere
1563 1027 1879 1087 abhorreat
1936 1016 2053 1086 ωδε
2110 1023 2176 1085 δὲ
2231 1023 2606 1104 μυθέομαι
2651 1028 2726 1086 ab

393 1116 723 1175 indicendis
777 1114 1116 1174 certaminis
1171 1112 1649 1187 condicionibus,
1718 1131 1923 1186 nemo,
1979 1113 2082 1189 qui
2143 1114 2267 1172 eius
2324 1112 2488 1172 verbi
2552 1131 2724 1171 usum

391 1200 774 1260 Homericum
818 1201 1038 1271 teneat,
1084 1197 1307 1256 infitias
1351 1197 1481 1270 ibit,
1528 1216 1637 1255 nec
1683 1199 1839 1257 unde
1882 1198 2204 1273 arripuerit
2247 1197 2563 1257 obscurum
2610 1199 2730 1256 erit

392 1286 761 1361 comparanti
804 1305 843 1340 α
889 1284 1011 1341 273

603 1381 1167 1461 μῦθον’πέφραδε
1211 1383 1388 1459 πᾶσι,
1431 1378 1565 1441 θεοὶ
1613 1377 1670 1439 δ’
1723 1379 2215 1463 ἕπιμάρτυροι
2260 1380 2508 1446 ἔστων.

564 1522 681 1581 Sed
740 1541 813 1580 ne
859 1522 1097 1596 iniquus
1155 1521 1266 1579 sim
1312 1521 1374 1578 in
1421 1523 1691 1578 nostrum
1740 1520 2057 1594 hominem,
2105 1539 2239 1578 eum
2283 1520 2541 1581 libenter
2587 1538 2725 1580 con·

395 1609 564 1666 fiteor
616 1606 690 1664 ad
750 1609 906 1682 ipsas
963 1606 1302 1664 certaminis
1361 1603 1739 1663 condiciones
1793 1604 2208 1679 proponendas
2263 1605 2419 1664 haud
2498 1605 2730 1664 inficete

390 1711 566 1751 usum
611 1710 739 1750 esse
789 1690 850 1746 X
877 1690 1210 1750 254—259

602 1804 730 1867 ἀλλ’
779 1828 885 1885 αγε
930 1806 1106 1883 δεῦρο
1148 1804 1332 1877 θεοὺς
1379 1803 1756 1882 ἐπιδώμεθα·
1807 1803 1891 1865 τοὶ
1938 1804 2051 1886 γὰρ
2094 1803 2322 1887 αριστοι

599 1887 987 1989 μάρτυροι
1003 1888 1341 1950 ἔσσονται
1390 1887 1488 1948 καὶ
1536 1887 1844 1950 ἐπίσκοποι
1885 1887 2245 1971 ἁρμονιάων.

601 1969 673 2035 οὐ
718 1973 831 2055 γὰρ
877 1970 987 2055 ἐγώ
1034 1970 1091 2034 σ’
1143 1973 1435 2055 ἔκπαγλον
1478 1972 1712 2053 αεικιῶ,
1761 1975 1838 2034 αἶ’
1874 1998 1979 2037 κεν
2024 1974 2150 2055 ἐμοὶ
2196 1968 2348 2050 Ζευς

601 2061 755 2165 δώῃ
798 2061 1167 2138 καμμοιίην,
1214 2059 1329 2138 σὴν
1374 2056 1439 2119 δὲ
1484 2058 1696 2138 ψυχὴν
1737 2055 2149 2138 οἷφέλωμαι.

599 2141 727 2205 ἄλλ’
778 2144 902 2205 ἐπει
943 2169 1021 2224 αρ
1065 2142 1131 2203 κε’
1174 2163 1237 2205 σε
1283 2139 1582 2218 συλήσω
1627 2144 1810 2205 κλυτα
1844 2143 2125 2242 τεύχε’,
2164 2141 2466 2224 Ἀχιλλεῦ,

605 2229 874 2309 νεκρὸν
913 2226 1239 2308 Ἀχαιοῖσιν
1282 2229 1316 2288 δ
1331 2248 1489 2290 ωσω
1533 2229 1734 2290 πάλιν.
1826 2223 1907 2302 ὡς
1952 2229 2018 2290 δὲ
2064 2230 2140 2290 σύ
2186 2229 2398 2309 ῥέζειν.

391 2369 485 2428 Ad
553 2387 701 2445 quas
766 2368 1141 2432 condiciones
1206 2369 1540 2427 accuratius
1609 2369 2026 2428 describendas
2092 2368 2238 2429 duos
2305 2387 2510 2428 versus
2577 2369 2726 2427 ibid.

391 2456 510 2513 342
544 2474 801 2616 ξκισῶμα
845 2533 922 2596 δὲ
968 2531 1212 2597 οἴκαδ’
1246 2533 1422 2614 ἐμὸν
1453 2534 1768 2614 δόμεναι
1798 2535 2058 2613 πάλιν,
2089 2533 2286 2617 ὄφρα
2317 2533 2549 2617 πυρός
2577 2558 2660 2615 με

607 2624 841 2703 Τρῶες
887 2621 1009 2681 καὶ
1059 2620 1324 2700 Τρώων
1364 2619 1617 2699 ἄλοχοι
1663 2620 2026 2699 λελάχωσι
2069 2622 2312 2682 θανόι
2298 2645 2403 2681 τα

395 2764 555 2818 totos
600 2761 996 2834 transcripsit.
1084 2758 1293 2834 Neque
1349 2761 1558 2817 ceteris
1618 2759 1973 2817 exornandis
2018 2762 2307 2818 memoria
2351 2759 2575 2818 defuit:
2645 2759 2727 2817 ad

388 2866 442 2903 v.
493 2847 568 2902 77
617 2845 883 2918 proxime
926 2843 1154 2902 accedit
1199 2842 1262 2900 Ω
1296 2845 1417 2902 754
1463 2849 1571 2900 σεῦ
1616 2836 1677 2900 δ’
1729 2840 1855 2902 ἐπεὶ
1919 2841 2204 2916 ἐξέλετο
2248 2832 2454 2920 ψυχὴν
2497 2865 2726 2900 τανα-

386 2925 554 3003 ήκεϊ
594 2931 806 3008 χαλκῷ,
851 2929 925 2986 ad
971 2934 1315 3003 sequentem
1362 2946 1598 2986 versum
1650 2927 1713 2983 Π
1742 2931 1865 2988 664
1897 2948 1981 3003 sq.
2030 2924 2101 2986 τᾶ
2147 2925 2259 3005 μὲν
2304 2926 2520 3029 (ἔντεα)
2565 2928 2727 2986 κοί-

388 3016 520 3083 λας
589 3008 705 3070 ἐπὶ
783 3012 959 3088 νῆας
1018 3011 1028 3089 Ι
1090 3010 1245 3071 δῶκε
1319 3010 1575 3090 φέρειν
1648 3003 1899 3089 ἕταροισι
1968 3019 2027 3074 et
2077 3014 2292 3073 Ψ883
2360 3005 2725 3090 ἡμιπέλεκκα

387 3095 617 3175 φέρεν
683 3095 944 3167 κοίλας
1007 3093 1127 3155 ἐπι
1193 3104 1395 3174 νῆας.
1486 3096 1636 3154 Tum
1685 3118 1741 3156 v.
1790 3098 1867 3156 78
1922 3118 1991 3155 ex
2051 3098 2113 3154 Π
2160 3100 2278 3157 725
2337 3099 2534 3173 (cf.1p
2574 3099 2723 3157 338.

388 3204 422 3259 χ
455 3178 521 3259 7)
568 3184 928 3258 desumpsit.

598 3280 672 3340 αἴ
709 3279 815 3340 κέν
857 3277 983 3353 πώς
1026 3304 1131 3360 μιν
1175 3280 1375 3366 ἕλῃς,
1423 3275 1578 3363 δώῃ
1622 3279 1697 3340 δέ
1743 3302 1848 3340 τοι
1896 3273 2115 3361 εὖχος
2156 3278 2537 3344 Ἀπόλλων.

386 3419 614 3498 Contra
659 3438 945 3495 suspensa
987 3420 1064 3478 ad
1113 3420 1407 3495 Apollinis
1453 3420 1744 3493 templum
1791 3420 1983 3494 spolia
2028 3421 2103 3477 de
2149 3439 2256 3479 suo
2302 3421 2552 3479 addidit.

555 3502 629 3561 V.
677 3505 759 3563 84
804 3504 958 3562 haud
1001 3506 1179 3563 nimis
1225 3504 1476 3563 feliciter
1517 3503 1879 3562 locutionem
1946 3500 2123 3562 νέκυν
2168 3501 2285 3562 ἐπὶ
2331 3511 2514 3581 νῆας
2560 3501 2727 3562 ἐυσ-

387 3584 711 3663 σέλμους
756 3582 1118 3647 ἀποδώσω
1164 3590 1480 3648 formatam
1527 3606 1651 3646 csse
1682 3590 1816 3662 quis
1844 3607 1961 3648 non
1994 3588 2201 3648 videt?
2275 3590 2439 3660 Quae
2470 3609 2726 3665 sequun-

388 3677 488 3729 tur
531 3671 602 3730 de
648 3674 880 3731 tumulo
926 3674 1205 3749 erigendo
1248 3678 1624 3749 posterorum
1670 3673 1849 3730 etiam
1896 3673 2096 3732 oculos
2140 3675 2203 3731 in
2248 3692 2311 3733 se
2341 3693 2723 3749 conversuro,

385 3758 567 3815 variis
620 3774 688 3816 ex
747 3757 891 3816 locis
948 3777 1065 3816 non
1122 3758 1274 3815 male
1320 3760 1689 3832 comportata
1734 3763 1892 3816 sunt.
1984 3760 2127 3827 Quis
2171 3776 2290 3817 non
2336 3764 2476 3818 ante
2523 3762 2727 3817 omnia

384 3842 725 3899 meminerit
767 3842 1086 3917 Elpenoris
1130 3844 1429 3918 precantis
1475 3843 1504 3896 λ
1539 3844 1617 3899 75
1651 3861 1740 3916 sq.

595 3956 791 4035 σῆμά
838 3955 911 4017 τὲ
953 3980 1074 4036 μοι
1118 3966 1334 4036 χεῦαι
1379 3963 1586 4036 πολιῆς
1633 3956 1727 4017 ἐπὶ
1774 3957 1905 4017 θινὶ
1947 3954 2261 4036 θαλάσσης

595 4038 815 4122 ἀνδρὸς
860 4036 1208 4122 δυστήνοιο,
1255 4041 1354 4102 καὶ
1399 4040 1875 4120 ἐσσομένοισι
1920 4042 2271 4121 πυθέσθαι,

382 4162 539 4221 unde
584 4165 785 4221 utrum
830 4165 994 4239 prior
1038 4168 1241 4222 noster
1285 4183 1390 4223 sua
1435 4162 1745 4222 deduxerit
1800 4183 1875 4220 an
1931 4183 2120 4239 aeque
2179 4166 2435 4225 recentis
2494 4165 2723 4223 feturae

382 4250 593 4306 auctor
645 4266 691 4303 ω
734 4248 816 4307 80
859 4267 988 4324 sqq.
1049 4246 1277 4326 τύμβον
1324 4248 1335 4323 Ι
1384 4244 1705 4325 χεύαμεν
1751 4279 1827 4288 —-
1889 4242 1984 4304 ἐπὶ
2046 4251 2261 4306 πλατεῖ
2310 4240 2724 4330 Ἑλλησπόντω

383 4331 622 4390 difficile
683 4332 843 4390 dictu
901 4337 1018 4391 est:
1084 4331 1216 4392 ποτὶ
1273 4330 1559 4391 πλατὺν
1606 4326 2156 4407 Ἑλλήσποντον
2209 4331 2493 4394 habemus
2539 4336 2724 4393 etiam

286 4424 346 4471 14
382 4417 432 4473 Ρ
466 4418 608 4474 432.
698 4416 1078 4491 Alloquentis
1134 4421 1427 4477 tumulum
1484 4434 1737 4491 persona
1793 4436 1862 4474 ex
1925 4419 1978 4471 A
2012 4420 2251 4493 176sq.
2311 4423 2552 4495 sumpta
2608 4422 2721 4495 est,
