3132 5129
1403 385 1849 447 —122—

456 544 807 603 Homericos
853 563 915 618 p.
952 542 1065 600 VII
1112 546 1348 602 secutus
1408 543 1706 618 singulas,
1766 562 1915 618 quae
1962 543 2026 598 H
2058 546 2178 602 313
2216 573 2291 584 —
2325 541 2378 599 Θ
2408 544 2529 601 252
2586 542 2791 618 depre-

456 629 814 704 henduntur,
862 628 1218 687 narrationis
1265 627 1618 687 offensiones
1664 631 1843 703 atque
1874 629 2131 703 ineptias
2162 646 2428 702 nervosa,
2473 647 2591 702 qua
2619 627 2791 703 solet,

454 715 746 773 brevitate
804 713 1122 788 indicavit,
1181 713 1561 787 Kayserus
1608 713 1669 771 in
1714 713 1844 786 illa,
1904 732 2079 789 quam
2137 731 2327 787 nuper
2369 714 2487 771 iam
2531 712 2790 786 laudavi,

390 805 422 852 4
459 800 544 857 de
601 798 1152 874 interpolatore
1208 798 1600 856 Homerico
1660 798 2076 857 dissertatione
2134 800 2290 856 totas
2334 797 2679 873 rhapsodias
2726 798 2796 854 H

458 883 722 958 exceptis
765 903 824 945 v.
862 885 1065 941 1—-16
1098 886 1158 941 et
1193 882 1245 941 Θ
1289 882 1546 958 exceptis
1595 903 1651 941 v.
1689 884 1891 940 1—27
1939 902 1973 940 a
2017 883 2497 957 conglutinatore
2542 884 2793 958 scriptas

455 987 525 1026 eo
571 968 852 1043 consili0,
901 971 1011 1044 „ut
1055 965 1356 1045 Πρεσβεία
1401 967 1624 1042 includi
1670 971 1875 1043 posset
1917 967 2206 1027 volumini
2250 967 2500 1026 Iliadis“
2533 999 2607 1007 -—-
2641 986 2794 1042 quae

454 1054 580 1112 eius
638 1057 781 1112 sunt
824 1053 1005 1112 verba
1047 1073 1106 1128 p.
1152 1057 1214 1109 11
1261 1086 1366 1128 —-,
1424 1054 1758 1114 accuratius
1811 1053 2092 1112 tractavit
2147 1055 2207 1110 et
2263 1053 2587 1127 permulta,
2642 1072 2793 1127 quae

456 1142 562 1197 aut
609 1138 682 1196 ad
729 1141 1149 1213 argumentum
1195 1142 1300 1196 aut
1345 1137 1420 1196 ad
1466 1138 1673 1195 stilum
1704 1139 2090 1212 pertinerent,
2137 1137 2356 1212 partim
2387 1140 2455 1195 ut
2485 1137 2792 1212 impuden-

455 1223 682 1282 tissime
715 1223 955 1281 aliunde
986 1223 1177 1296 petita
1204 1223 1420 1298 partim
1453 1224 1522 1280 ut
1550 1223 1923 1296 ineptissime
1955 1224 2202 1280 inventa
2233 1240 2338 1279 suo
2370 1221 2496 1279 iure
2538 1222 2791 1282 notavit.

458 1308 611 1379 Quid
656 1307 814 1382 quod
860 1307 1006 1365 adeo
1054 1307 1372 1366 Faesius
1416 1310 1644 1381 noster,
1689 1308 1792 1381 qui
1839 1306 2156 1383 diligenter
2216 1324 2422 1365 cavere
2478 1308 2662 1381 solet,
2719 1326 2794 1365 ne

454 1393 624 1469 pueri
668 1393 986 1450 utilissima
1029 1392 1156 1451 eius
1203 1394 1437 1450 utentes
1483 1392 1747 1450 editione
1776 1392 2025 1450 nimium
2061 1391 2121 1448 in
2151 1390 2497 1466 castigando
2526 1391 2793 1450 Homero

455 1496 702 1553 „sapere
748 1476 1062 1551 audeant“,
1119 1480 1277 1535 certe
1330 1477 1572 1551 septimi
1628 1476 1766 1535 libri
1825 1477 2050 1535 exitum
2096 1479 2298 1550 aperte
2345 1476 2625 1534 damnare
2670 1495 2792 1535 non

455 1562 755 1621 dubitavit
799 1565 942 1620 nota
972 1562 1044 1619 ad
1079 1561 1142 1616 H
1175 1563 1295 1620 334
1327 1561 1645 1636 adscripta,
1694 1561 1795 1619 ubi
1841 1565 1981 1636 post
2023 1561 2359 1635 iudicatam,
2410 1580 2587 1635 quam
2615 1561 2793 1620 huius

454 1651 516 1705 et
571 1646 875 1722 sequentis
933 1665 1140 1706 versus
1199 1647 1337 1705 fecit
1384 1646 1787 1720 Aristarchus,
1847 1645 2138 1704 athetesin
2195 1645 2344 1703 hanc
2402 1645 2475 1703 de
2521 1649 2647 1704 tota
2689 1645 2795 1704 illa
2878 1663 2881 1668 “

453 1735 621 1807 parte
652 1731 1000 1806 pronuntiat
1030 1732 1419 1789 sententiam:
1469 1729 1705 1798 „Allez‘n
1748 1733 1850 1790 der
1887 1748 2118 1807 yanze
2146 1729 2549 1788 Abschnitt
2582 1732 2788 1790 313—

454 1816 576 1873 482
634 1816 850 1874 cnthc‘ilt
905 1834 967 1874 so
1023 1816 1295 1874 manches
1337 1814 1747 1887 Auffallendc,
1793 1818 1898 1875 wie
1940 1816 2290 1874 namenllich
2333 1816 2445 1873 den
2490 1821 2601 1874 ersi
2647 1818 2793 1888 jctzt

454 1898 587 1978 (vyl.
622 1918 697 1959 zu
727 1898 878 1975 436)
911 1901 1039 1958 und
1080 1900 1220 1960 doch
1267 1901 1504 1959 beinahe
1547 1901 1694 1959 olmc
1737 1901 1845 1959 alle
1888 1898 2323 1974 Veranlassuny
2369 1901 2793 1959 besclelossevwn

452 1987 580 2044 und
635 1987 701 2043 in
755 1985 1289 2044 wundcrlilmliclaer
1341 1985 1741 2059 Schnelliykcit
1794 1985 2143 2057 vollsie'hrtcn
2186 1985 2325 2043 Bau
2382 1986 2479 2043 des
2524 1982 2795 2045 Grabens

453 2072 581 2129 und
623 2072 725 2128 der
755 2070 972 2129 Maucr
1011 2070 1378 2144 433—-441,
1425 2070 1625 2142 former
1668 2074 1794 2129 cine
1832 2089 1989 2146 yanz
2032 2071 2501 2144 eiycnthilmlichc
2539 2070 2791 2129 Unklar-

459 2157 572 2214 lecit
615 2157 720 2215 der
763 2154 1187 2230 Zeitrecknuny
1231 2148 1589 2229 421—441,
1636 2156 1774 2214 dass
1815 2174 1961 2214 man
2005 2157 2124 2214 ihm
2167 2156 2313 2214 wohl
2355 2156 2489 2213 loein
2541 2154 2794 2214 Unrccht

455 2242 609 2309 thus,
667 2257 839 2299 wenn
903 2258 1047 2299 man
1101 2243 1257 2298 seinc
1310 2240 1682 2315 Etdstehuny
1736 2243 1803 2298 in
1861 2242 1986 2299 cino
2039 2242 2141 2299 der
2201 2244 2441 2313 spatern
2506 2240 2796 2299 Perioclen

443 2328 558 2384 der
604 2358 681 2366 —-
729 2326 931 2385 bercits
972 2326 1295 2385 sinkcnden
1332 2357 1416 2367 —
1458 2326 1848 2384 leomerischcn
1890 2325 2092 2384 Poesie
2143 2329 2315 2394 seez&
2360 2343 2423 2382 er
2463 2326 2620 2384 sollte
2664 2328 2795 2385 eine

454 2416 615 2470 sonat
659 2410 975 2484 allcrdz’nys
1017 2411 1389 2469 vorhandene
1429 2409 1629 2468 Lito-ke
1672 2413 1740 2468 in
1783 2412 1885 2470 der
1928 2409 2272 2484 Erzcihlunq
2313 2409 2674 2481 ausli’illcnf‘

627 2495 786 2554 Haec
832 2495 1016 2572 igitur
1062 2496 1242 2553 etiam
1286 2494 1563 2553 Faesius!
1658 2494 1774 2553 Sed
1822 2494 1965 2572 quid
2008 2494 2118 2553 hoc
2165 2494 2239 2551 ad
2285 2512 2550 2552 securam
2596 2495 2794 2553 unita-

458 2583 679 2640 riorum
727 2600 947 2655 curam,
998 2581 1097 2655 qui
1146 2582 1237 2639 his
1284 2613 1364 2622 —-
1410 2581 1757 2639 necessariis
1803 2599 1941 2640 sane
1987 2579 2061 2638 ad
2116 2579 2533 2639 continendam
2584 2580 2794 2639 Iliadis

457 2683 800 2740 compagem
825 2697 904 2708 —
929 2664 1267 2741 quisquiliis
1298 2665 1382 2723 ita
1413 2668 1681 2740 utuntur,
1727 2666 1897 2741 quasi
1939 2665 2198 2724 eiusdem
2232 2665 2465 2740 generis
2496 2665 2796 2739 pretiique

458 2752 580 2809 sint
634 2753 812 2824 atque
870 2750 1382 2825 praestantissima
1436 2750 1571 2825 illa,
1639 2770 1790 2826 quae
1857 2749 2260 2825 superioribus
2327 2748 2497 2807 libris
2562 2750 2797 2809 inclusa

455 2834 730 2909 vidimus,
777 2835 1057 2894 carmina.
1147 2834 1346 2893 Unum
1391 2838 1507 2910 est,
1573 2853 1690 2910 quo
1735 2835 1999 2894 excusari
2049 2837 2230 2910 queat
2272 2834 2607 2893 voluntaria
2663 2834 2796 2893 illo·

457 2938 590 2977 rum
637 2918 907 2994 caecitas,
958 2920 1114 2994 quod
1145 2919 1324 2977 etiam
1355 2920 1683 2978 carminum
1713 2923 2024 2979 venatores
2055 2919 2248 2977 adhuc
2278 2918 2423 2977 satis
2455 2918 2799 2978 habuerunt

455 3004 829 3079 gravissimis
892 3005 1052 3064 vitiis
1107 3005 1331 3063 notatis
1377 3004 1579 3063 omnia
1622 3006 1790 3080 quasi
1835 3005 2038 3063 cadem
2082 3023 2264 3062 manu
2309 3022 2379 3060 ex
2422 3003 2621 3062 eadem
2670 3023 2793 3062 ma-

459 3089 607 3147 terie
653 3089 1064 3165 conglutinata
1109 3089 1407 3147 communi
1439 3089 1735 3148 sententia
1766 3090 2064 3147 damnare.
2141 3088 2365 3147 Contra
2395 3106 2631 3147 necesse
2663 3092 2796 3147 crat

454 3178 514 3232 et
558 3173 749 3231 obiter
805 3174 1027 3249 legenti
1084 3175 1372 3250 quaedam
1428 3192 1536 3232 nec
1595 3174 1748 3233 male
1792 3176 2039 3233 inventa
2081 3192 2188 3232 nec
2233 3172 2466 3231 exiliter
2509 3177 2795 3232 exornata

454 3257 789 3333 placerent,
849 3263 917 3315 ut
974 3260 1065 3318 vel
1110 3259 1630 3318 Lachmannus
1685 3260 2007 3334 septimum
2064 3277 2237 3317 suum
2282 3276 2519 3315 carmen
2562 3257 2794 3317 scilicet

455 3342 626 3400 init-io
682 3360 885 3402 carens
951 3342 1003 3401 Θ
1045 3344 1402 3402 253-484
1459 3344 1748 3402 contineri
1805 3344 2069 3418 putavit,
2138 3347 2200 3402 et
2252 3342 2448 3401 sobrie
2503 3342 2795 3401 iudicanti

457 3427 851 3503 improbabile
895 3428 1200 3486 videretur
1244 3447 1406 3503 eum,
1465 3428 1570 3503 qui
1616 3428 1805 3504 „hanc
1851 3428 2099 3488 Iliadem
2143 3448 2213 3487 ex
2259 3426 2616 3486 carminibus
2662 3428 2788 3502 plu-

454 3511 618 3571 ribus
675 3513 1091 3587 componeret“
1139 3546 1219 3553 —
1265 3513 1446 3572 verba
1504 3518 1647 3571 sunt
1702 3512 2023 3589 Kayseri
2079 3533 2138 3588 p.
2186 3515 2283 3587 10,
2344 3511 2560 3587 quibus
2615 3531 2792 3569 suum

453 3596 935 3672 interpolatorem
987 3598 1321 3674 designavit
1349 3631 1449 3672 —,
1497 3600 1726 3656 tantam
1770 3598 1897 3657 sine
1941 3597 2065 3655 ulla
2108 3598 2464 3656 necessitate
2507 3615 2791 3655 versuum

453 3681 901 3740 multitudinem
941 3682 1300 3742 fabricatum
1344 3701 1494 3741 esse.
1572 3683 1725 3740 Eum
1757 3683 1910 3741 enim
1944 3682 2135 3741 multo
2167 3682 2397 3741 facilius
2431 3680 2794 3756 breviusque

454 3785 559 3825 suo
612 3767 856 3842 negotio
913 3767 1190 3843 perfungi
1247 3768 1510 3842 potuisse
1569 3786 1742 3825 nemo
1801 3767 2023 3826 infitias
2079 3767 2218 3842 ibit,
2276 3766 2377 3842 qui
2436 3766 2796 3843 cogitaverit

452 3851 602 3909 nihil
659 3871 689 3909 e
746 3852 991 3911 consilio
1048 3872 1226 3927 supra
1278 3854 1488 3912 notato
1543 3854 1773 3910 narrari
1818 3871 1963 3928 opus
2010 3852 2192 3911 fuisse
2236 3851 2355 3910 nisi
2399 3869 2641 3927 gravem
2687 3851 2792 3909 ali-

455 3955 633 4010 quam
678 3936 903 3995 cladem
951 3935 1112 3996 Iovis
1146 3938 1453 3996 voluntate
1483 3937 1730 3996 Achivis
1776 3938 2119 4012 immissam,
2166 3956 2300 4013 qua,
2348 3940 2418 3995 ut
2459 3938 2791 3994 castrorum

456 4020 823 4080 munimenta
877 4025 1281 4096 exstruerent,
1341 4022 1806 4098 impellerentur.
1895 4022 2207 4081 Eiusmodi
2268 4039 2407 4080 sane
2452 4020 2679 4079 cladem
2724 4023 2797 4079 ut

456 4105 691 4163 unicam
724 4107 1078 4165 aedificandi
1122 4106 1348 4166 decimo
1388 4125 1545 4166 anno
1590 4107 1747 4165 muri
1788 4125 2023 4166 causam
2065 4108 2184 4165 iam
2214 4106 2314 4164 alii
2343 4126 2521 4182 aegre
2552 4105 2789 4163 deside-

456 4193 740 4250 raverunt
783 4191 857 4248 ad
902 4192 1172 4251 Nestoris
1217 4191 1545 4251 orationem
1591 4189 1973 4265 firmandam,
2021 4192 2188 4251 cuius
2232 4191 2539 4250 exordium
2571 4189 2635 4246 Η
2665 4192 2792 4250 328

388 4295 420 4341 5
859 4272 1114 4334 πολλοὶ
1155 4266 1267 4354 γὰρ
1311 4278 1564 4334 τεθνᾶσι
1610 4272 2093 4353 καρηκομόωντες
2135 4270 2363 4352 Ἀχαιοί

455 4379 586 4418 cum
635 4359 929 4436 omnibuS,
975 4380 1125 4436 quae
1170 4362 1576 4437 superioribus
1619 4360 1787 4420 libris
1833 4360 1905 4420 de
1951 4361 2176 4422 invicta
2205 4360 2512 4420 Diomedis
2540 4360 2796 4419 saevitia

454 4448 517 4507 ct
548 4445 620 4504 de
651 4444 907 4505 Hectore
952 4447 1080 4505 eius
1124 4447 1211 4506 rei
1257 4464 1431 4506 causa
1474 4465 1680 4524 preces
1726 4446 2058 4522 imperante
2105 4446 2381 4524 legimus,
2430 4448 2552 4505 tam
2584 4448 2794 4520 aperte
