3132 5129
1523 1203 1735 1288 XVI.

627 1378 719 1447 De
757 1378 1023 1465 aliquot
1061 1376 1293 1455 Quinti
1333 1376 1688 1465 Smyrnaei
1726 1376 1896 1446 locis
1936 1376 2234 1466 epistula
2272 1375 2513 1446 critica
2551 1375 2639 1445 ad

978 1498 1434 1569 Franciscum
1469 1497 1908 1588 Spitzmcrum
1946 1501 2204 1589 scripta
2222 1490 2291 1596 ¹).

328 1682 426 1730 701
632 1672 793 1729 Duae
836 1673 1211 1748 potissimum
1257 1689 1462 1730 causae
1493 1671 1767 1746 fuerunt,
1814 1690 1965 1747 quae
1998 1690 2123 1745 me,
2170 1678 2239 1729 ut
2280 1670 2430 1728 hanc
2474 1669 2548 1727 ad
2590 1669 2673 1728 Te
2703 1668 2801 1727 da·

463 1775 589 1814 rem
633 1756 976 1832 epistulam,
1035 1757 1423 1830 impulerunt.
1500 1756 1793 1830 Primum,
1855 1775 2018 1831 cum,
2084 1773 2236 1831 quae
2281 1773 2392 1829 ego
2457 1754 2528 1812 de
2575 1754 2796 1824 Quinto

465 1840 829 1899 emendando
876 1843 1024 1900 actis
1070 1842 1373 1899 societatis
1417 1839 1675 1899 Graecae
1735 1838 1902 1919 [Vol.
1949 1841 2039 1915 II,
2093 1843 2122 1897 1
2172 1860 2229 1915 p.
2283 1842 2399 1898 163
2432 1834 2585 1917 sqq.]
2646 1840 2801 1897 inse·

466 1926 586 1998 rui,
634 1944 840 1984 eorum
886 1925 975 1983 Tu
1034 1944 1345 1984 censuram
1402 1927 1530 1999 pari
1588 1925 1862 1985 doctrina
1916 1929 2097 2001 atque
2153 1925 2525 1983 humanitate
2578 1925 2801 1999 egisses

469 2007 738 2088 [Annall.
771 2011 959 2086 antiq.
993 2009 1077 2068 IV
1112 2008 1331 2087 (1837)
1362 2030 1422 2086 p.
1463 2013 1615 2068 1161
1653 2029 1781 2086 sqq.
1813 2037 1895 2058 =
1927 2010 2216 2070 Observv.
2250 2010 2408 2070 critt.
2441 2011 2503 2067 et
2545 2027 2799 2084 gramm.

466 2097 526 2153 in
575 2094 642 2165 Q.
674 2094 733 2153 S.
782 2090 975 2175 (Lips.
1014 2091 1206 2170 1839)
1261 2115 1318 2170 p.
1367 2097 1442 2153 21
1479 2094 1665 2173 sqq.],
1728 2095 2033 2171 publicum
2069 2094 2315 2170 aliquod
2361 2096 2591 2152 exstare
2635 2093 2798 2152 volui

468 2188 921 2238 monumentum
965 2180 1294 2256 gratissimi
1338 2180 1401 2238 in
1433 2181 1515 2240 Te
1561 2181 1770 2255 animi,
1818 2199 1934 2256 quo
1983 2180 2059 2238 ob
2106 2179 2401 2254 insignem
2449 2178 2798 2237 benevolen-

467 2266 641 2339 tiam,
690 2284 807 2340 qua
851 2269 912 2323 et
952 2264 1272 2324 laudavisti
1317 2284 1412 2324 me
1460 2269 1520 2324 et
1563 2265 2027 2340 reprehendisti,
2075 2264 2329 2322 maxime
2374 2263 2512 2321 Tibi
2557 2282 2653 2321 me
2699 2262 2800 2321 ob-

468 2350 741 2408 strictum
789 2368 913 2408 esse
959 2354 1018 2408 et
1062 2350 1401 2409 devinctum
1447 2349 1842 2409 libentissime
1885 2349 2215 2426 profiterer.
2291 2348 2552 2423 Dehinc,
2612 2365 2800 2423 quon-

468 2435 587 2493 iam
643 2453 778 2510 eg0,
840 2435 928 2492 uti
983 2435 1140 2493 inter
1195 2453 1305 2493 nos
1375 2436 1585 2506 Quinti
1655 2434 1866 2493 edendi
1936 2453 2135 2492 euram
2189 2434 2444 2508 partitos
2502 2433 2796 2507 convenit,

465 2520 592 2578 eius
637 2526 847 2595 poetae
906 2521 1232 2579 orationem
1290 2522 1350 2578 et
1406 2520 1592 2583 verba
1644 2539 1947 2581 recensere
2005 2522 2182 2596 atque
2238 2517 2547 2578 emendare
2605 2535 2799 2577 susee-

466 2606 719 2679 pissem,
767 2622 886 2662 non
933 2605 1100 2679 prius
1143 2605 1272 2663 eius
1316 2607 1545 2682 negotii
1590 2605 1703 2663 rite
1751 2625 1841 2663 me
1886 2605 2182 2663 facturum
2231 2621 2357 2663 esse
2402 2602 2643 2661 initium
2689 2622 2801 2678 pu-

466 2689 621 2763 tavi,
671 2709 848 2765 quam
897 2696 955 2747 et
998 2708 1131 2748 cum
1188 2689 1270 2747 Te
1327 2694 1385 2748 et
1431 2708 1562 2748 cum
1626 2691 1760 2749 aliis
1805 2690 1980 2748 huius
2036 2706 2282 2765 poeseos
2338 2688 2549 2763 peritis
2608 2706 2795 2746 meam

467 2773 538 2830 de
584 2774 815 2850 aliquot
869 2774 1013 2832 locis
1058 2774 1322 2832 nondum
1375 2776 1647 2833 tractatis
1705 2776 2057 2834 sententiam
2113 2773 2672 2845 communicassem,
2731 2776 2800 2829 ut

467 2862 573 2916 aut
615 2858 964 2917 confirmata
1008 2859 1287 2933 opinione
1332 2863 1437 2919 aut
1480 2860 1719 2919 sublato
1766 2878 1960 2918 errore
2006 2858 2079 2917 ad
2127 2878 2254 2916 eam
2287 2857 2652 2932 provinciam
2699 2876 2795 2915 ae-

347 2970 354 2980 ·
468 2943 754 3002 cederem.
833 2943 993 3013 Quae
1051 2962 1162 3020 ego
1208 2944 1521 3002 conamina
1580 2944 1710 3002 Tuo
1766 2944 1992 3002 nomini
2048 2943 2371 3002 inscribere
2427 2961 2606 3001 ausus
2664 2961 2794 3001 sum

467 3030 806 3102 propterea,
855 3029 1013 3103 quod
1045 3028 1418 3104 paucissimis
1464 3029 1661 3088 verbis
1694 3030 1986 3088 rationem
2017 3046 2248 3101 eorum,
2296 3046 2448 3102 quae
2493 3027 2793 3099 sentirem,

467 3117 528 3170 et
572 3132 774 3171 causas
822 3131 1113 3188 exponere
1158 3113 1304 3171 mihi
1350 3114 1518 3172 licuit
1576 3133 1775 3172 eoram
1823 3114 1937 3188 Te,
1996 3114 2100 3189 qui
2157 3132 2266 3189 pro
2313 3112 2605 3187 singulari
2662 3131 2793 3170 eum

468 3197 729 3256 omnium
777 3197 1097 3273 Epicorum
1143 3201 1271 3256 tum
1306 3197 1510 3268 Quinti
1541 3198 1791 3258 scientia
1833 3216 1942 3265 nec
1986 3198 2135 3257 falsa
2165 3197 2369 3256 multis
2415 3196 2658 3255 defensa
2687 3215 2794 3272 pro

468 3283 620 3341 veris
665 3300 820 3342 esses
864 3282 1202 3357 habiturus„
1262 3302 1370 3342 nec
1414 3302 1556 3343 vera
1600 3283 1853 3343 strictim
1901 3284 2148 3359 probata
2189 3301 2300 3358 pro
2346 3281 2530 3340 falsis.

636 3366 747 3426 Est
793 3367 977 3442 enim,
1039 3367 1197 3443 quod
1242 3368 1368 3442 ipse
1414 3369 1637 3443 optime
1682 3368 1822 3443 scis,
1883 3369 1945 3427 in
1989 3368 2101 3427 hoc
2143 3385 2362 3444 genere
2420 3366 2622 3442 aliqua
2671 3365 2797 3426 veri

466 3455 778 3527 tamquam
825 3452 1141 3526 divinatio,
1204 3470 1353 3526 quae
1401 3454 1643 3529 quidem
1688 3473 1811 3512 non
1855 3457 2100 3529 paratur
2143 3451 2452 3529 magnifice
2495 3451 2796 3527 loquendo

466 3538 569 3594 aut
612 3537 730 3595 alia
772 3542 952 3613 atque
997 3537 1111 3595 alia
1156 3537 1482 3596 desultorie
1512 3538 1951 3615 percurrendo,
1999 3538 2100 3598 sed
2146 3540 2391 3613 paratur
2434 3536 2690 3594 multum
2737 3538 2797 3593 et

468 3627 739 3680 accurate
786 3622 985 3680 eadem
1036 3621 1393 3697 lectitando,
1443 3641 1617 3697 quam
1653 3623 2024 3699 diligentiam
2055 3624 2362 3682 molestam
2395 3640 2533 3680 sane
2577 3624 2640 3679 et
2684 3620 2796 3678 dif-

464 3705 677 3764 ficilem
722 3706 1165 3781 perhorrescere
1210 3707 1406 3765 solent
1450 3707 1755 3782 nonnulli,
1806 3709 1908 3784 qui
1954 3710 2158 3767 inanes
2204 3727 2329 3782 etta,
2376 3725 2523 3782 quas
2570 3705 2793 3779 dicunt,

467 3791 749 3850 minutias
793 3791 991 3867 perosi
1046 3791 1277 3865 pulchri
1337 3811 1396 3850 se
1440 3792 1629 3867 ipsius
1674 3793 1997 3869 perfectam
2053 3797 2336 3868 appetere
2395 3790 2817 3868 cognitionem.

463 3875 674 3950 grandi
702 3894 800 3934 ore
827 3876 1120 3934 iactitant.
1168 3875 1389 3934 Verum
1415 3878 1485 3951 ii,
1511 3878 1654 3935 dum
1681 3877 2023 3955 intellegere
2049 3878 2164 3936 sibi
2188 3877 2483 3951 videntur,
2504 3874 2796 3951 quomodo

465 3959 715 4032 pulchra
760 3960 1001 4036 pulchre
1047 3961 1319 4019 dicantur
1377 3965 1434 4021 et
1492 3963 1971 4038 conformentur,
2018 3960 2175 4020 haud
2206 3980 2341 4020 raro
2384 3981 2451 4019 ea
2480 3961 2793 4020 verborum

465 4043 905 4120 iungendorum
957 4046 1203 4103 rationis
1255 4047 1456 4121 reique
1513 4048 1791 4105 metricae
1849 4047 2124 4106 laborant
2177 4046 2442 4118 inscitia,
2510 4048 2581 4103 ut
2647 4062 2794 4119 quos

465 4129 762 4203 proiciunt
807 4129 1034 4187 edendo
1089 4131 1438 4206 scriptoreS,
1497 4150 1595 4190 eos
1649 4151 1722 4191 ne
1781 4131 2169 4207 apertissimis
2228 4130 2463 4206 quidem
2525 4129 2794 4188 foedissi-

465 4215 695 4288 misque
741 4213 991 4273 liberare
1037 4215 1198 4273 vitiis
1243 4217 1495 4289 possint.
1571 4216 1700 4275 Hoc
1760 4217 2029 4291 profecto
2087 4219 2178 4275 est
2229 4214 2540 4290 pulchrum
2600 4217 2797 4272 mente

605 4414 654 4481 ι)
696 4410 942 4481 [Annall.
984 4413 1158 4479 antiq.
1197 4413 1328 4466 vm
1368 4419 1545 4476 (1841)
1584 4414 1685 4472 No,
1724 4420 1786 4468 84
1814 4430 1893 4481 sq.
1935 4420 2009 4482 (p.
2050 4412 2380 4481 701-712.)]
