3132 5129
356 1935 421 1983 27

1397 361 1694 424 *274
1785 398 1857 407 —

993 521 1049 580 A
2215 517 2267 575 B

460 634 703 719 πρώτην
754 635 865 715 μὲν
918 632 1144 715 κούρην
1184 632 1449 718 γλαυκιό-
1627 525 1635 634 l
1681 647 1781 695 895
1810 630 2050 717 πρώτην
2103 632 2216 714 μὲν
2258 632 2488 713 κούρην
2527 625 2797 711 γλαυκώ-

632 724 780 783 πιδα
829 720 1272 803 Τριτογένειαν,
1986 722 2134 783 πιδα
2184 716 2613 800 Τριτογένειαν,

1816 824 1946 877 ἶσον
1991 825 2232 889 ἔχουσαν
2277 820 2448 885 πατρὶ
2495 817 2656 881 μένος
2705 816 2794 867 καὶ

1988 907 2271 971 ἐπίφρονα
2306 901 2542 968 βουλήν·

460 992 651 1079 αὐτὰρ
697 988 882 1055 ε”πειτ
915 993 1036 1075 ἄρα
1066 996 1255 1055 παῖδα
1285 994 1452 1055 θεῶν
1892 990 2257 1074 αὐτὰρέπειτ
2266 986 2799 1093 ἀραπαῖδαθεῶν

631 1081 888 1160 βασιλῆα
932 1079 1032 1141 καὶ
1075 1074 1333 1160 ἀνδρῶν.
1478 1090 1576 1137 897
1983 1082 2240 1159 βασιλῆα
2284 1078 2385 1140 καὶ
2427 1071 2670 1156 ἀνδρῶν

1817 1182 2063 1244 ἤμελλεν
2087 1181 2343 1234 τέξεσθαι
2367 1177 2635 1243 ὑπέρβιον
2654 1174 2796 1239 ἦτορ

1984 1266 2208 1331 ἔχοντα.

1681 1361 1779 1411 899
1809 1347 1939 1413 ἀλλ’
1954 1348 2273 1434 αραμινΖε
2280 1346 2797 1431 ὐςπρόσθεΙδόλῳ

1988 1436 2213 1516 φρένας
2238 1435 2609 1513 ἐξαπατήσας
2697 1443 2796 1492 889

1682 1533 1783 1580 890
1804 1524 2123 1602 αἱμυλίοισι
2144 1522 2402 1604 λόγοισιν
2430 1519 2497 1604 1⁹
2468 1545 2575 1600 εην
2598 1513 2791 1600 ἐγκάτ-

1988 1615 2131 1670 θετο
2174 1607 2400 1686 νηδύν,
2699 1614 2800 1663 899

1811 1692 1893 1766 ὥς
1924 1696 1986 1755 οἵ
2008 1712 2480 1773 συμφρασσαιτο
2509 1682 2625 1752 θεα
2647 1686 2797 1770 ἄγα-

1987 1776 2109 1840 θόν
2153 1802 2212 1840 τε
2257 1776 2448 1839 κακόν
2492 1800 2571 1838 τε.

633 1932 751 1992 Sed
798 1933 1328 2009 quomodocunque
1375 1933 1448 1991 de
1492 1933 1605 1991 hoc
1647 1933 1779 1994 loco
1825 1937 2137 2010 statuitur,
2185 1936 2246 1993 id
2294 1934 2494 2011 quivis
2541 1933 2803 1991 fateatur

462 2036 700 2078 necesse
744 2021 836 2077 est
881 2039 936 2077 v.
985 2019 1127 2092 900,
1173 2018 1277 2093 qui
1321 2016 1539 2075 mirum
1584 2022 1875 2091 quantum
1923 2020 2378 2080 commonefacit
2418 2017 2582 2077 illius
2614 2014 2799 2089 ξύλου

459 2110 565 2162 τοῦ
620 2120 936 2181 γινωσκειν
987 2099 1172 2160 καλὸν
1225 2099 1326 2160 καὶ
1374 2094 1674 2180 πονηρόν,
1733 2107 1898 2164 cuius
1946 2106 2144 2165 fructu
2188 2109 2494 2165 vescentes
2540 2098 2799 2179 ,,ἔσεσθε

459 2179 539 2260 ὥς
595 2186 803 2256 θεοί“,
862 2188 1038 2248 hodie
1091 2190 1434 2285 importuno
1486 2187 1618 2249 loco
1674 2191 1933 2266 positum
1993 2210 2149 2267 esse,
2206 2211 2385 2267 quem
2448 2190 2549 2266 qui
2593 2189 2803 2246 contra

459 2275 682 2351 Heynii
726 2274 1047 2350 Wolfiique
1093 2274 1454 2349 suspiciones
1500 2292 1748 2350 operose
1796 2276 2066 2334 defendit
2095 2275 2505 2353 Goettlingius
2548 2292 2668 2332 non
2713 2272 2798 2329 vi-

461 2360 552 2419 dit
607 2359 976 2421 devorandae
1032 2358 1275 2418 Metidis
1330 2377 1463 2417 eam
1514 2378 1695 2418 unam
1746 2359 1876 2420 Iovi
1930 2362 2224 2420 rationem
2282 2361 2495 2434 fuisse,
2566 2378 2641 2416 ne
2696 2357 2803 2414 illa

459 2446 691 2521 prolem
735 2447 977 2520 pareret
1020 2444 1138 2503 sibi
1183 2443 1605 2520 periculosam,
1652 2465 1771 2520 qua
1814 2465 1948 2505 cum
1993 2449 2223 2506 ratione
2269 2447 2595 2546 pugnaret,
2642 2443 2693 2502 si
2739 2441 2801 2499 id

460 2529 554 2590 hic
610 2530 817 2590 fecisse
877 2530 1172 2589 diceretur
1214 2522 1296 2600 ὥς
1343 2523 1417 2606 δή
1460 2528 1523 2588 οῖ
1558 2523 1887 2609 φρασσαιτο
1929 2527 2048 2591 θεὰ
2090 2525 2333 2610 ἀγαθόν
2377 2552 2435 2591 τε
2480 2524 2674 2588 κακόν
2719 2546 2797 2585 τε.

461 2615 591 2675 Ηοο
633 2616 835 2691 potius
880 2615 1124 2674 consilio
1170 2634 1301 2674 eam
1343 2635 1379 2674 a
1409 2615 1550 2675 Iove
1596 2617 1659 2675 in
1703 2619 2151 2677 matrimonium
2198 2618 2436 2677 ductam
2480 2635 2607 2675 esse
2646 2613 2799 2673 anti-

462 2701 635 2776 quior
678 2702 1027 2758 narraverat
1069 2702 1265 2775 poeta.
1344 2699 1653 2759 Posterior
1695 2721 1835 2762 vero
1881 2722 2013 2761 cum
2057 2722 2179 2762 non
2226 2704 2289 2762 vi
2332 2703 2437 2761 sed
2481 2700 2692 2759 fraude
2736 2700 2800 2757 et

458 2781 780 2860 αἱμυλίοισι
825 2777 1085 2861 λόγοισιν
1111 2783 1320 2844 Iovem
1366 2784 1628 2845 effecisse
1672 2791 1958 2863 narraret,
2005 2791 2076 2847 ut
2104 2787 2391 2846 Metidem
2434 2787 2499 2844 in
2528 2787 2801 2845 ventrem

459 2870 778 2944 reciperet,
834 2888 910 2928 ne
965 2869 1217 2929 obscura
1259 2873 1526 2929 maneret
1569 2872 1863 2948 narratio,
1923 2873 2239 2932 insidiosae
2286 2872 2570 2931 orationis
2615 2869 2799 2929 etiam

459 2955 877 3030 argumentum
921 2954 1181 3013 indicare
1227 2955 1513 3030 debebat,
1558 2956 1720 3030 quod
1765 2957 1907 3017 fecit
1951 2958 2154 3016 addito
2198 2957 2293 3017 hie
2338 2956 2539 3032 potius
2582 2954 2802 3013 leviter

459 3041 755 3097 mutatum
799 3039 951 3097 illud
983 3034 1067 3107 ὥς
1110 3039 1182 3097 οἱ
1219 3035 1699 3117 συμφράσσαιτο
1728 3038 1846 3100 θεὰ
1877 3035 2117 3118 ἀγαθόν
2144 3062 2203 3101 τε
2233 3039 2428 3100 κακόν
2456 3061 2549 3114 τε,
2594 3058 2796 3116 quem-

459 3123 780 3183 admodum
825 3124 944 3182 iam
987 3124 1364 3184 Hermannus
1407 3125 1641 3185 invenit
1670 3124 1990 3204 Chrysippi
2034 3146 2178 3187 usus
2222 3127 2565 3187 testimonio
2608 3144 2644 3182 a
2677 3123 2798 3183 Ga·

460 3208 595 3267 leno
642 3209 843 3267 citati:
894 3209 1029 3269 vide
1073 3209 1370 3269 Muetzell.
1418 3229 1476 3286 p.
1524 3211 1649 3269 498
1669 3229 1758 3287 sq.

628 3293 757 3352 Hae
802 3294 987 3370 igitur
1029 3294 1406 3369 reliquiae
1449 3299 1769 3371 supersunt
1811 3298 2297 3373 antiquarum
2330 3293 2803 3371 Theogonia-

460 3397 622 3437 rum
682 3381 913 3437 mature
968 3379 1089 3437 iam
1145 3379 1684 3438 contaminatarum
1746 3399 1854 3440 nec
1904 3382 2260 3458 corruptelis
2305 3400 2416 3440 nec
2458 3380 2686 3440 lacunis
2730 3378 2800 3435 li-

457 3463 649 3538 berae,
701 3463 917 3539 quibus
961 3482 1111 3540 quae
1158 3464 1322 3522 varia
1351 3465 1654 3524 variorum
1687 3467 1948 3526 carmina
1980 3467 2429 3542 carminumque
2458 3465 2801 3541 fragmenta

462 3550 567 3606 aut
610 3548 728 3605 iam
771 3551 910 3608 ante
953 3552 1060 3608 aut
1101 3567 1206 3624 per
1247 3548 1439 3623 ipsam
1484 3549 1725 3608 demum
1768 3551 2259 3612 Pisistrateorum
2305 3550 2800 3626 compositionem

464 3664 540 3675 —
587 3632 650 3690 id
717 3633 877 3709 quod
942 3633 1150 3692 hodie„
1187 3632 1442 3691 discerni
1508 3634 1720 3710 nequit
1764 3668 1846 3678 —
1890 3638 2211 3698 commixta
2277 3640 2444 3711 sunt,
2513 3636 2576 3695 in
2640 3637 2801 3692 tres

460 3718 748 3777 classes
795 3717 1229 3778 diversissimas
1271 3717 1603 3794 discedunt,
1652 3739 1902 3795 quarum
1947 3723 2204 3797 primam
2233 3719 2800 3800 genealogicam

460 3802 713 3860 alteram
755 3802 1279 3878 hymnodicam
1322 3803 1562 3862 tertiam
1606 3806 1891 3879 epicam
1935 3808 2058 3867 sive
2103 3807 2573 3867 Homericam
2602 3802 2803 3878 appel·

459 3886 580 3945 lare
636 3887 795 3949 licet.
881 3888 971 3947 De
1014 3888 1105 3947 his
1149 3888 1338 3963 igitur
1384 3905 1561 3963 quam
1606 3888 1956 3951 brevissime
1999 3892 2330 3952 necessaria
2374 3905 2799 3967 proponamus.

632 3971 728 4030 Ad
758 3973 1064 4047 primam
1097 3975 1298 4031 autem
1322 3971 1662 4048 classem,
1687 3993 1836 4050 quae
1857 3979 1919 4035 et
1947 3978 2077 4052 ipsa
2107 3996 2315 4036 manus
2344 3977 2546 4052 prodit
2563 3979 2627 4036 et
2654 3976 2800 4033 tem·

462 4075 604 4132 pore
624 4058 687 4115 et
699 4076 968 4117 sermone
984 4057 1239 4116 maxime
1254 4057 1611 4134 inaequales,
1632 4060 1891 4134 primum
1908 4062 2174 4137 pertinet
2194 4064 2223 4120 t
2236 4081 2267 4120 e
2281 4081 2312 4120 r
2323 4080 2364 4120 ιι
2377 4081 2412 4119 a
2423 4081 2456 4119 r
2467 4062 2486 4120 i
2498 4080 2535 4120 a
2554 4057 2802 4133 stropha

463 4141 536 4200 de
557 4141 747 4201 Nocte
777 4143 1109 4202 123—125
1134 4142 1386 4202 fortasse
1410 4143 1674 4202 omnium
1698 4145 2137 4223 antiquissima,
2160 4147 2530 4222 retinuitque
2552 4142 2801 4205 eandem

461 4226 712 4285 formam
754 4227 857 4302 qui
900 4228 975 4286 ad
1021 4228 1200 4287 aliam
1244 4227 1455 4288 Noctis
1500 4232 1777 4289 naturam
1820 4231 1928 4291 hos
1974 4232 2275 4292 terniones
2319 4231 2685 4308 composuit·

582 4352 680 4400 211
810 4341 947 4416 Νὺξ
992 4339 1053 4402 δ’
1102 4342 1259 4404 ἔτεκε
1304 4342 1587 4448 στυγερόν
1628 4369 1686 4408 τε
1734 4345 1956 4427 Μόρον
1997 4344 2100 4407 καὶ
2144 4347 2316 4427 Κῆρα
2358 4345 2648 4427 μέλαιναν

725 4426 824 4487 και
870 4423 1176 4506 Θάνατον,
1223 4425 1434 4489 τέκεδ
1489 4426 1761 4510 “Tavum
1808 4430 1989 4493 ἔτικτε
2034 4429 2097 4491 δὲ
2142 4433 2337 4509 φῦλον
2374 4429 2689 4513 Ὀνείρων,
