3132 5129
1433 369 1889 434 -562—

497 528 569 587 In
611 528 827 603 quibus
872 545 993 586 non
1037 527 1231 587 solum
1277 527 1576 586 sententia
1618 529 1829 601 aperta
1871 529 1964 585 est
2004 559 2086 568 —
2129 545 2166 583 a
2197 525 2462 586 Seidlero
2507 527 2599 585 his
2629 526 2829 586 verbis

394 620 462 669 20
495 613 811 688 explicata:
861 616 1127 687 „vento
1156 611 1324 671 vela
1366 615 1539 672 ante
1584 612 1753 670 mali
1799 611 2040 670 funem
2085 631 2120 669 a
2161 630 2382 686 prora
2426 630 2645 685 super
2674 615 2828 671 sto-

496 700 652 756 lum
714 697 1205 772 explicabunt
1256 698 1479 772 pedes
1535 696 1752 756 navis
1809 697 2168 755 celeriter
2212 695 2515 755 euntis“
2562 729 2661 770 —,
2720 696 2826 755 sed

497 783 675 841 etiam
733 781 1066 841 emendatio
1122 782 1407 841 facillima
1462 783 1775 856 utriusque
1842 782 2213 855 corruptelae
2273 781 2429 839 mala
2491 781 2832 841 coniectura

498 868 787 927 invectae.
886 866 1041 925 Nam
1096 886 1231 925 cum
1285 868 1533 943 propter
1587 867 1927 925 litterarum
1982 866 2405 941 repetitionem
2460 870 2599 925 ante
2652 884 2827 942 προ-

495 947 674 1009 τόνου
728 970 915 1027 prono
973 971 1169 1011 errore
1225 953 1442 1012 omissa
1494 955 1651 1011 esset
1715 951 2071 1025 praepositio
2135 947 2314 1026 πρό,
2379 970 2565 1025 paene
2630 969 2830 1010 neces·

495 1037 717 1097 sarium
760 1040 891 1095 erat
933 1036 998 1095 in
1040 1039 1305 1112 genetivi
1349 1037 1546 1096 locum
1590 1037 2023 1095 nominativum
2068 1054 2178 1111 pro
2220 1036 2484 1094 subiecto
2524 1035 2828 1110 substitui,

496 1140 610 1197 quo
655 1121 913 1182 admisso
960 1140 1325 1197 consequens
1370 1125 1524 1196 erat,
1572 1124 1641 1179 ut
1685 1140 1889 1179 verum
1936 1121 2267 1180 subiectum
2311 1120 2374 1178 in
2429 1121 2830 1179 accusativum

494 1209 847 1270 mutaretur.
922 1206 1107 1265 Doleo
1153 1207 1368 1283 igitur,
1425 1207 1588 1280 quod
1631 1205 2012 1264 Hermannus
2055 1199 2428 1265 coniecturae
2472 1206 2591 1279 illi,
2648 1224 2831 1280 quam

495 1292 963 1367 ingeniosam
1008 1292 1134 1366 ipse
1177 1293 1444 1366 vocavit,
1492 1294 1694 1350 tamen
1737 1291 2085 1350 adversatus
2129 1294 2246 1364 est,
2292 1290 2485 1366 magis
2514 1292 2694 1350 etiam
2726 1289 2830 1347 do-

496 1377 616 1450 lce,
663 1376 822 1451 quod
865 1377 1214 1436 adversatus
1259 1381 1350 1436 est
1378 1377 1581 1435 dicens
1623 1374 1747 1451 „sic
1775 1375 1952 1434 nimis
1982 1380 2253 1435 accurate
2285 1376 2483 1435 omnia
2511 1374 2829 1448 describi“‚

497 1460 777 1535 quoniam
833 1461 944 1520 hoc
1000 1461 1195 1537 ipsum
1248 1463 1552 1538 proprium
1614 1461 1761 1519 mihi
1819 1462 2053 1521 videtur
2106 1459 2463 1520 Graecorum
2516 1463 2830 1536 poetarum

496 1545 695 1603 media
723 1546 786 1603 in
818 1547 944 1604 vita
974 1546 1269 1622 variisque
1314 1546 1620 1606 hominum
1666 1545 1925 1622 negotiis
1957 1546 2350 1621 versantium,
2399 1550 2484 1621 ut,
2531 1544 2830 1621 quomodo

496 1629 698 1705 aliqua
741 1648 835 1689 res
880 1629 1363 1707 administretur,
1412 1631 1774 1705 descripturi
1819 1631 1925 1691 has
1970 1632 2128 1705 ipsas
2172 1632 2460 1707 imagines
2503 1632 2576 1689 ad
2621 1650 2831 1691 verum

493 1714 764 1772 habitum
810 1715 933 1773 suis
978 1715 1162 1774 oculis
1209 1718 1591 1792 conspectum
1637 1716 1960 1776 clarissime
2005 1716 2359 1791 exprimant.
2422 1718 2474 1774 A
2506 1734 2623 1792 quo
2668 1734 2831 1773 rea-

494 1798 796 1871 listioo,
854 1803 922 1857 ut
977 1800 1228 1859 barbaro
1282 1801 1394 1860 hoc
1450 1805 1587 1860 utar
1629 1802 2088 1861 aestheticorum
2137 1806 2476 1861 nostrorum
2523 1800 2830 1876 vocabu10,

495 1882 774 1958 antiquae
816 1902 1061 1958 poeseos
1107 1884 1303 1944 studio
1347 1887 1497 1944 nihil
1541 1886 1733 1962 magis
1780 1887 2039 1945 alienum
2084 1890 2241 1960 erat,
2288 1906 2467 1962 quam
2512 1885 2833 1945 verborum

497 1970 687 2026 certas
711 1970 856 2027 artis
882 1969 1188 2028 cuiusdam
1220 1972 1519 2030 machinas
1549 1970 2089 2031 machinationesve
2110 1971 2553 2047 designantium
2581 1972 2835 2029 vitiosus

495 2052 747 2128 abusuS,
809 2073 984 2129 quem
1046 2054 1143 2112 hic
1203 2055 1446 2130 quidem
1491 2055 1766 2132 Euripidi
1812 2057 2018 2115 intulit
2060 2055 2439 2115 Hermannus
2485 2054 2832 2115 scribendo:

1070 2165 1196 2249 ἆέρι
1244 2168 1304 2232 δ’
1355 2172 1510 2232 ἱστία
1555 2195 1624 2233 τε
1668 2168 1950 2247 πρότονοι
1995 2162 2143 2232 κατὰ

898 2256 1148 2339 πρῷραν
1189 2252 1344 2331 ὑπὲρ
1388 2252 1601 2317 στόλον
1645 2254 2035 2318 ἐκπετάσουσι
2078 2251 2309 2330 πόδας
2354 2281 2426 2318 τε

1069 2335 1217 2414 ναός
1266 2335 1661 2422 ὠκυπόμπου,

494 2477 578 2535 ita
621 2481 688 2535 ut
731 2474 1084 2553 ,,πρότονοι,
1130 2482 1197 2536 ιιι
1242 2481 1584 2555 saepissime
1628 2499 1780 2556 non,
1840 2498 1988 2557 quae
2031 2482 2277 2556 propria
2321 2481 2677 2557 significatio
2721 2486 2830 2556 est,

494 2561 567 2619 de
612 2562 732 2621 illis
790 2563 1170 2639 rudentibus,
1230 2566 1445 2640 quibus
1499 2566 1693 2625 malus
1747 2563 2105 2641 affirmatur,
2164 2568 2266 2626 sed
2325 2567 2396 2625 de
2449 2568 2552 2642 iis»,
2614 2567 2833 2641 quibus

494 2645 626 2705 vela
668 2648 763 2706 vel
810 2649 1244 2707 contrahuntur
1287 2652 1383 2709 vel
1429 2652 1871 2725 expanduntur,
1930 2652 2117 2710 dicti“
2178 2654 2321 2710 sint.
2412 2652 2480 2710 Id
2538 2671 2649 2727 ego
2693 2670 2834 2710 con-

495 2731 677 2871 ἓιιᾶο
732 2733 1037 2876 micfflalibi
1095 2734 1316 2792 factum
1377 2754 1503 2794 esse
1559 2754 1695 2810 nec,
1756 2754 1875 2811 quo
1932 2736 2063 2795 loco
2120 2738 2389 2796 abutitur
2431 2737 2830 2811 HermannuS,

557 2834 643 2877 ec.
689 2835 745 2877 v.
929 2837 1018 2893 sq.

900 2932 1005 3005 τὰς
1051 2931 1454 3010 ποντοπόρους
1501 2929 1554 2994 δ’
1607 2934 1738 3014 ἔσχε
1784 2936 2017 3015 σχεδίας

899 3018 1087 3094 λαίφη
1129 3015 1504 3098 προτόνοισιν
1549 3019 1945 3098 ἕρειδομὲνας,

505 3152 605 3209 ubi
651 3172 894 3226 prorsus
950 3156 1257 3232 similiter,
1315 3161 1496 3232 atque
1553 3161 1759 3219 nostro
1804 3159 1936 3218 loco
1983 3159 2114 3218 vela
2156 3160 2404 3235 pedibus
2448 3161 2701 3234 expandi
2748 3161 2833 3218 di-

502 3242 718 3296 cuntur
773 3241 942 3299 ante
999 3245 1429 3319 protonum,
1489 3245 1694 3303 eadem
1752 3244 1956 3302 eodem
2004 3244 2236 3303 inniti
2284 3246 2564 3304 dicuntur
2610 3246 2831 3320 quippe

499 3342 534 3378 a
578 3342 808 3382 summo
867 3326 1020 3385 malo
1066 3347 1268 3387 versus
1327 3347 1564 3402 proram
1624 3333 1888 3388 extensa.
1978 3329 2158 3387 Recte
2216 3330 2403 3404 igitur
2458 3333 2518 3387 et
2561 3329 2829 3388 Klotzius

498 3410 561 3463 et
591 3407 916 3468 Schoenius
951 3410 1281 3470 Seidlerum
1315 3415 1503 3472 secuti
1548 3417 1689 3472 sunt
1732 3433 1915 3472 novas
1950 3414 2156 3472 turbas
2187 3417 2462 3473 movente
2492 3414 2829 3491 HartungO,

495 3492 634 3566 qui,
683 3511 815 3551 cum
873 3487 1195 3572 προτόνους
1239 3501 1301 3554 et
1342 3491 1531 3567 πόδας
1586 3498 1820 3557 eosdem
1876 3518 2004 3556 esse
2060 3501 2241 3573 atque
2299 3490 2455 3555 πόδα
2514 3494 2656 3566 ναὸς
2704 3502 2831 3574 ipsa

495 3576 627 3634 vela
648 3578 763 3636 dici
785 3578 1172 3639 rudentibus
1157 3583 1363 3639 innixa
1387 3583 1500 3641 sibi
1531 3585 1943 3658 persuasisset,
1976 3583 2087 3642 hoc
2115 3583 2291 3642 modo
2315 3584 2508 3642 locum
2533 3586 2825 3658 corrupit:

898 3690 1028 3775 αέρι
1075 3692 1130 3755 δ’
1180 3691 1316 3757 ἱστί’
1364 3695 1482 3758 ἐπὶ
1527 3693 1929 3779 προτόνοις
1972 3721 2120 3758 κατα

901 3783 1150 3862 πρῷραν
1193 3779 1342 3859 ὑπὲρ
1389 3776 1599 3844 στόλον
1645 3780 2077 3859 ἕκπετᾰσεις,

899 3863 1091 3926 πόδα
1136 3860 1278 3939 ναὸς
1322 3863 1701 3947 ωκυπόμπον.

670 4001 739 4059 Ιιι
783 4005 1376 4080 antistrophicis
1422 4007 1683 4104 primum
1730 4007 1872 4066 ferri
1916 4009 2084 4066 nullo
2129 4010 2298 4082 pacto
2342 4011 2543 4083 potest
2583 4029 2639 4073 v.
2668 4011 2831 4066 1144

497 4081 800 4162 παρθένος
844 4081 1177 4165 εὐδοκίμων
1220 4085 1458 4168 γάμων,
1517 4093 1642 4151 sive
1693 4093 1957 4169 genetivi
2012 4112 2047 4151 a
2090 4089 2390 4167 παρθένος
2433 4094 2555 4168 apti
2602 4094 2830 4152 intelle-

496 4173 751 4247 guntur,
812 4175 1030 4248 quibus
1077 4176 1273 4235 verbis
1321 4175 1646 4252 indicetur,
1705 4182 1775 4236 ut
1820 4177 2094 4235 Schoenii
2140 4178 2336 4236 verbis
2394 4182 2553 4251 utar,
2615 4179 2830 4253 virgo

497 4254 744 4314 nobili
804 4262 1155 4336 coniugio
1213 4261 1625 4336 destinata,
1694 4265 1819 4322 sive
1881 4282 2013 4320 cum
2069 4265 2262 4338 χοροῖς
2314 4224 2671 4338 iunguntur,
2738 4265 2833 4321 cui

499 4343 926 4401 constructioni
960 4345 1051 4402 vel
1084 4346 1430 4420 particulam
1482 4342 1593 4403 ’ὅθι
1624 4348 1929 4407 adversari
1973 4347 2049 4405 ad
2093 4348 2341 4406 verbum
2388 4343 2660 4419 ἐσκίαζον
2702 4367 2834 4422 per-

499 4425 697 4482 tinens
753 4429 988 4486 monuit
1041 4429 1375 4504 Seidlerus‚
1433 4432 1560 4492 sive
1618 4451 1749 4492 cum
1803 4433 1913 4492 hoc
1970 4433 2098 4506 ipso
2155 4433 2412 4506 pendere
2464 4435 2753 4509 putantur
2799 4453 2833 4491 a
