3132 5129
1306 349 1766 412 -517-

376 505 659 581 quoniam
706 504 778 563 de
821 503 932 563 hae
975 504 1107 580 ipsa
1149 505 1459 565 voluntate
1504 506 1770 565 dubitari
1816 508 1993 582 plane
2036 527 2157 568 non
2203 510 2430 585 potuit,
2476 511 2703 570 nullam

373 589 645 659 equidem
689 589 862 649 video
907 608 1173 666 causam,
1233 609 1337 649 cur
1379 592 1490 650 hoc
1534 591 1731 666 ipsum
1779 595 1946 651 tanto
1993 612 2171 668 opere
2218 595 2271 652 ei
2316 596 2702 670 premendum

372 674 570 734 fuerit.
644 674 854 733 Potius
897 674 1115 750 igitur,
1162 675 1308 751 quin
1351 675 1739 735 Marklandus
1783 695 1893 752 pro
1938 679 2126 737 altero
2169 674 2331 736 θέλω
2375 681 2703 739 rectissime

369 755 604 817 πάλιν
646 757 1078 857 emendaverit,
1103 758 1388 819 dubitari
1432 761 1608 836 plane
1637 780 1757 820 non
1787 766 2006 836 potest.
2080 763 2309 823 Deinde
2353 764 2549 824 verbis
2582 765 2703 824 illis

373 837 502 921 οὐχι
550 842 628 925 τῷ
671 835 951 901 κτανόντι
993 862 1064 919 με
1096 840 1454 942 θυμουμένη
1482 865 1667 922 grave
1700 865 1890 921 nuper
1919 847 2144 906 bellum
2174 848 2392 907 indixit
2422 849 2698 909 Kvicala:

370 931 661 989 absonum
719 926 947 988 scilicet
1000 948 1154 1006 esse,
1210 930 1259 988 si
1314 930 1626 1007 Iphigenia
1679 930 1858 989 etiam
1913 950 2072 991 nunc
2128 932 2277 990 iram
2333 934 2396 992 in
2452 938 2700 1009 patrem,

369 1034 547 1091 quem
575 1013 777 1091 ‚modo
833 1016 1136 1072 mortuum
1195 1034 1322 1074 esse
1388 1015 1710 1091 audiverit,
1778 1020 2119 1092 conceptam
2190 1022 2496 1078 memoret.
2585 1019 2702 1078 Sed

370 1120 547 1176 quam
594 1098 713 1158 alte
758 1098 1014 1158 immane
1057 1098 1209 1157 illud
1253 1099 1439 1175 patris
1496 1101 1723 1159 facinus
1780 1101 1842 1159 in
1894 1106 2131 1161 nostrae
2174 1102 2522 1178 Iphigeniae
2577 1104 2701 1161 ani-

368 1205 531 1243 mum
575 1182 975 1258 descenderit,
1022 1185 1162 1243 viva
1204 1184 1311 1244 illa
1355 1184 1601 1243 nefandi
1645 1184 1917 1245 sacrificii
1975 1190 2038 1246 et
2081 1186 2313 1261 prolixa
2355 1187 2560 1263 prodit
2601 1188 2695 1245 de-

369 1270 648 1345 scriptiO,
696 1286 874 1343 quam
920 1287 1098 1343 supra
1140 1288 1198 1327 v.
1246 1270 1368 1328 359
1399 1288 1536 1345 sqq.
1597 1270 1869 1346 legimus,
1947 1270 2065 1329 Sed
2111 1290 2245 1330 cum
2290 1272 2353 1330 in
2398 1271 2700 1332 codicibus

365 1373 485 1414 non
531 1350 813 1410 κτανόντι
855 1353 1096 1430 legatur
1138 1353 1243 1412 sed
1287 1354 1709 1430 κτανοῦντι,
1766 1358 1930 1414 recte
1974 1359 2120 1431 puto
2165 1375 2234 1414 ex
2281 1374 2350 1415 eo
2406 1356 2700 1432 pluralem

369 1442 521 1508 τοῖς
567 1435 912 1496 κτανοῦσί
960 1457 1032 1514 με
1086 1437 1462 1497 emendatum
1520 1457 1651 1499 esse
1705 1438 1778 1497 ab
1834 1438 2206 1516 HermannO,
2269 1440 2371 1516 qui
2431 1441 2701 1517 „confert

368 1523 655 1600 aliquid“,
701 1523 929 1598 inquit,
979 1522 1268 1598 „pluralis
1314 1523 1388 1581 ad
1431 1523 1741 1582 lenitatem
1787 1524 2176 1584 sententiae“.

534 1608 740 1685 Pergit
783 1607 1093 1684 Iphigenia
1136 1608 1250 1666 sie:

773 1725 1010 1804 σφαγῆς
1054 1746 1114 1784 τε
1143 1721 1257 1805 γὰρ
1302 1724 1410 1801 σῆς
1455 1721 1606 1802 χεῖρ’
1654 1719 2101 1803 ἀπαλλάξαιμεν
2144 1748 2242 1822 αν,

768 1808 1021 1887 σώσαιμι
1066 1806 1124 1868 δ’
1173 1807 1409 1881 οἴκους·
1471 1807 1586 1887 τὴν
1629 1807 1782 1870 θεὸν
1824 1806 1884 1869 δ’
1932 1831 2096 1882 οπως
2142 1803 2311 1870 λαθω

771 1892 1012 1954 δέδοικα
1057 1891 1155 1953 καὶ
1202 1888 1531 1970 τύραννον,
1577 1890 1737 1973 ἡνίκ’
1787 1919 1869 1954 αν
1912 1916 2090 1968 κενας

769 1976 1060 2056 κρηπῖδας
1104 2001 1253 2062 ευρῃ
1299 1981 1507 2052 λαΐνας
1552 1975 1902 2059 ἆγαλματος.

370 2119 534 2177 Haec
577 2137 718 2177 vero
764 2117 901 2175 ferri
949 2135 1070 2176 non
1115 2135 1290 2193 posse
1334 2120 1494 2176 recte
1540 2119 1842 2193 perspexit
1884 2116 2136 2177 Kvicala
2180 2136 2240 2192 p.
2275 2118 2396 2176 259
2411 2137 2520 2193 sq.,
2567 2137 2699 2176 cum

369 2203 593 2301 priores
638 2203 898 2262 editores
942 2202 1092 2260 nihil
1138 2202 1419 2265 fecissent
1462 2202 1579 2261 nisi
1624 2205 1693 2260 ut
1721 2234 1804 2244 —
1848 2205 2006 2260 recte
2050 2201 2287 2276 quidem
2318 2235 2389 2243 —-
2426 2195 2707 2277 σώσαιμί

365 2277 422 2342 τ’
471 2284 682 2357 οἴκους
725 2287 1036 2345 inferrent.
1111 2285 1559 2344 Intolerabilem
1618 2286 1721 2344 ille
1779 2286 1933 2344 dixit
1974 2286 2126 2343 hanc
2168 2289 2306 2361 post
2351 2286 2700 2345 anteceden-

364 2374 450 2431 tia
495 2372 920 2448 tautologiam,
967 2370 1130 2446 quod
1162 2389 1337 2445 quam
1382 2390 1521 2429 vere
1565 2370 1668 2428 ille
1713 2371 1954 2445 dixerit,
2001 2388 2072 2428 ex
2115 2370 2512 2445 interpretum
2545 2388 2698 2428 com-

365 2457 580 2515 mentis
637 2457 861 2531 optime
917 2455 1013 2514 vel
1067 2475 1163 2513 me
1219 2454 1450 2513 nullum
1525 2453 1775 2514 verbum
1829 2454 2087 2514 addente
2141 2455 2528 2531 intellegitur.
2604 2454 2699 2513 Ita

363 2542 520 2600 enim
577 2541 987 2602 Hermannus:
1055 2540 1284 2616 „Immo
1340 2539 1450 2599 hoc
1495 2538 1554 2598 in
1612 2543 1815 2599 mente
1874 2539 2081 2598 habet:
2141 2539 2308 2599 volo
2369 2543 2437 2599 et
2492 2542 2562 2599 te
2618 2558 2698 2598 ex

363 2627 577 2685 malis
621 2626 987 2701 liberare,
1036 2630 1108 2684 et
1154 2625 1429 2684 salvam
1473 2625 1722 2684 facere
1766 2625 2089 2701 patriam
2135 2624 2443 2683 domum.
2517 2623 2697 2683 Nam

363 2713 469 2771 sic
530 2715 598 2769 et
652 2711 739 2769 ab
797 2710 1116 2770 infanda
1171 2709 1719 2768 interfectione
1778 2705 2049 2768 fratris
2104 2728 2356 2785 puram
2409 2708 2696 2768 habebo
2773 2735 2786 2746 ·

362 2815 674 2870 manum,
743 2794 967 2854 simul
1035 2798 1282 2853 autem
1352 2796 1603 2869 patria
1669 2793 1928 2854 domus
1992 2797 2065 2852 te
2131 2794 2494 2853 incolumi
2560 2813 2699 2854 non

362 2884 508 2941 erit
562 2879 920 2940 deserta.“
995 2878 1208 2954 Vides,
1269 2898 1447 2954 quam
1507 2878 1699 2937 multa
1755 2880 1856 2938 ille
1909 2880 2144 2938 menti
2201 2879 2506 2954 Euripidis
2563 2899 2696 2956 sug·

361 2969 562 3043 gerat,
609 2966 681 3023 de
724 2964 941 3041 quibus
985 2964 1085 3023 ille
1140 2983 1217 3023 ne
1259 2970 1373 3040 γρῦ
1420 2962 1663 3039 quidem
1717 2963 2070 3023 enuntiavit.
2148 2964 2500 3040 Hartungus
2556 2983 2696 3023 vero

368 3052 477 3110 hoc
521 3050 698 3109 modo
741 3050 937 3108 locum
985 3050 1307 3109 convertit:

616 3169 764 3238 „Ich
807 3169 942 3237 will,
988 3186 1110 3228 was
1154 3170 1236 3227 du
1277 3169 1476 3236 wiust,
1520 3169 1689 3227 dich
1731 3169 1948 3227 erlosen
1992 3185 2104 3226 aus
2146 3169 2247 3226 der
2289 3165 2465 3234 Nom,

629 3253 796 3322 Una,
841 3254 986 3312 olmc
1032 3252 1197 3312 Groll
1239 3272 1342 3311 um
1384 3254 1571 3312 moine
1618 3253 1916 3328 Todtuny,
1960 3253 2273 3312 wicderum

619 3337 969 3410 Aufrichtcn
1012 3355 1192 3396 zmser
1231 3355 1390 3412 yanz
1431 3342 1703 3397 zerrimet
1759 3335 2159 3395 Vaterhaus.

619 3423 696 3482 So
739 3422 878 3481 halt’
924 3423 1014 3481 ich
1054 3424 1240 3481 meino
1283 3422 1501 3482 Ηιῖηάε
1543 3423 1675 3480 rein
1717 3440 1830 3482 von
1873 3421 2098 3480 deincm
2141 3421 2286 3479 Bzut

623 3508 759 3568 Una
801 3512 938 3566 reite
979 3525 1160 3567 unser
1201 3505 1685 3566 AhnenhauS.“

366 3645 487 3704 Ubi
532 3643 698 3704 vides
742 3660 852 3700 nec
895 3641 1281 3701 vernaculum
1329 3641 1479 3717 „‘so
1486 3640 1773 3700 ‘Graeco
1818 3659 1952 3717 γαρ
1998 3639 2361 3714 respondere
2405 3641 2466 3697 et
2508 3638 2700 3696 varia-

366 3731 526 3789 tione
585 3727 688 3785 illa
758 3724 1237 3801 „“Vaterhaus
1305 3731 1365 3785 et
1420 3724 1917 3801 „Ahnenhaus“
1985 3724 2139 3783 male
2204 3723 2393 3784 velari
2459 3741 2701 3797 prorsus

362 3813 629 3873 eiusdem
673 3812 761 3869 rei
807 3811 1449 3870 commemorationem.
1514 3797 1611 3869 De
1654 3810 1747 3869 his
1792 3810 1979 3887 igitur
2008 3809 2262 3884 amplius
2307 3807 2656 3868 videndum.

536 3895 655 3956 Sed
714 3896 778 3954 in
833 3894 1226 3990 sequentibus
1280 3895 1535 3955 Nauckii
1593 3914 1703 3972 ego
1755 3893 2186 3970 suspicionem,
2245 3911 2365 3968 qua
2422 3891 2521 3950 ille
2576 3883 2699 3947 τὸν
2725 3901 2757 3949 ὅ

361 3976 544 4042 λεών
608 3999 717 4057 pro
782 3967 895 4055 τὴν
959 3970 1107 4037 θεὸν
1171 3980 1549 4039 scribendum
1609 3980 1876 4055 putavit,
1941 3978 2195 4053 probare
2250 3996 2370 4037 non
2436 3995 2698 4052 possum.

363 4067 711 4128 Rectissime
754 4064 894 4140 hoc,
944 4064 1103 4140 quod
1150 4065 1212 4122 in
1255 4064 1425 4125 libris
1470 4063 1724 4141 legitur,
1771 4067 1833 4125 et
1863 4063 2094 4124 Orestis
2139 4062 2594 4123 ratiocinatione
2625 4080 2696 4120 ex

364 4154 600 4212 oraculo
642 4150 833 4227 petita
874 4150 1402 4212 v.1012—1014
1447 4152 1508 4208 et
1550 4150 1738 4224 ipsius
1781 4147 2127 4225 Iphigeniae
2180 4147 2593 4224 deprecatione
2640 4167 2696 4208 v.

371 4238 535 4297 1400
575 4234 801 4293 firmari
844 4234 998 4295 vidit
1039 4234 1575 4294 Bauchensteinius
1618 4255 1676 4310 p.
1722 4232 1854 4293 XV.

533 4319 771 4418 Optime
816 4321 869 4378 ei
914 4319 1118 4379 timori
1164 4319 1510 4395 respondet,
1569 4319 1729 4394 quod
1772 4317 1940 4378 addit
1962 4316 2328 4394 {phigeniaq
2377 4317 2698 4380 dummodo

366 4405 660 4482 particula
706 4394 760 4462 δ’
809 4408 947 4466 ante
991 4398 1063 4464 οὐ
1109 4404 1386 4465 tollatur:
