3132 5129
372 923 432 971 13

1398 346 1859 410 -584—

463 523 524 561 τε
566 499 670 562 καὶ
711 499 777 562 τὸ
824 492 1179 578 ἐπιτήδευμα
1236 500 1353 561 εἴτε
1409 524 1497 573 τις
1554 501 1934 580 κρυπτοὺς
1989 502 2106 563 εἴτε
2150 495 2617 582 ἀγρονόμους
2662 498 2798 563 εἴθ’

462 586 501 649 δ’
530 609 586 646 τι
628 587 832 647 καλῶν
874 585 1063 664 χαίρει
1107 586 1276 646 τοῦτο
1307 586 1799 685 προσαγορεύων,
1842 583 2174 692 προθύμως
2205 588 2322 659 πᾶς
2368 583 2523 666 ἀνὴρ
2567 588 2649 659 εἰς
2693 583 2801 647 δυ’-

468 695 649 751 νοιμιν
693 669 1112 748 ἐπιτηδευέτω,
1174 668 1310 730 ὅσοι
1365 668 1642 750 μέλλουσι
1689 664 1802 752 τὴν
1843 668 2046 732 αὐτῶν
2089 671 2268 733 πόλιν
2312 671 2531 744 ἱκανῶς
2574 671 2803 745 σωζειν.

467 761 580 820 His
624 760 812 836 igitur
856 758 1089 817 duobus
1134 759 1196 817 in
1244 759 1388 818 locis
1442 778 1516 817 ne
1575 761 1825 819 verbum
1871 760 2112 835 quidem
2159 760 2231 818 de
2274 759 2632 819 Helotarum
2678 779 2804 819 cae·

471 844 645 904 dibus
689 845 753 903 in
783 844 1015 918 cryptis.
1042 846 1400 919 perpetratis
1430 843 1669 919 legitur.
1749 847 1834 903 At
1861 864 2032 919 vero,
2067 845 2152 903 ait
2173 844 2378 903 Mauso
2410 845 2455 903 l.
2487 864 2535 905 c.
2568 865 2628 920 p.
2667 845 2802 919 145,

468 931 641 988 Plato
708 929 868 988 illius
938 929 1198 990 instituti
1267 929 1560 987 rationem
1618 948 1738 988 non
1795 930 1869 988 ad
1923 931 2238 989 veritatem
2299 930 2643 1005 descripsit,
2702 929 2805 988 sed

469 1015 765 1075 coloribus
810 1013 1078 1088 depinxit
1133 1013 1570 1090 pulchrioribus
1614 1019 1955 1090 propterea,
2014 1015 2174 1090 quod
2218 1015 2331 1075 hoc
2388 1018 2596 1091 aptum
2655 1018 2807 1074 esset

471 1101 558 1175 ei,
605 1118 781 1175 quem
837 1099 1336 1176 persequebatur,
1390 1098 1526 1173 fini,
1585 1104 1654 1157 ut
1698 1100 2026 1174 perfectam
2071 1101 2428 1175 exprimeret
2481 1101 2567 1160 rei
2612 1100 2803 1175 publi·

470 1204 571 1244 cae
617 1184 1121 1243 constitutionem.
1196 1184 1324 1243 Hoc
1355 1202 1495 1243 vero
1540 1184 1604 1243 in
1648 1186 1905 1260 priorem
1949 1185 2143 1243 locum
2189 1203 2431 1259 prorsus
2473 1203 2598 1243 non
2629 1185 2800 1243 cadit.

471 1269 566 1328 Ibi
609 1269 767 1327 enim
816 1269 1092 1345 Megillus
1146 1268 1682 1345 Lacedaemonius,
1738 1289 1889 1344 quae
1947 1269 2009 1326 in
2064 1266 2261 1345 patria
2321 1270 2556 1345 legibus
2612 1271 2807 1328 essent

389 1372 392 1375 “
478 1355 849 1429 praescripta
893 1358 951 1411 et
982 1354 1289 1429 instituta,
1337 1354 1623 1413 describit
1654 1354 1728 1412 ad
1760 1354 2100 1429 veritatem,
2148 1355 2361 1429 hospes
2390 1358 2592 1413 autem
2623 1353 2805 1412 Athe·

474 1439 727 1514 niensis,
775 1438 943 1497 cuius
987 1440 1095 1499 sub
1125 1455 1380 1515 persona
1410 1439 1561 1498 latet
1594 1439 1721 1514 ipse
1750 1439 1957 1514 Plato,
2007 1440 2406 1513 demonstrat,
2453 1440 2634 1497 etiam
2663 1438 2807 1498 vitia

476 1525 538 1583 in
581 1523 655 1582 iis
700 1523 986 1599 inveniri,
1045 1542 1241 1600 neque
1298 1524 1532 1583 civilem
1579 1523 1842 1600 Lycurgi
1900 1526 2343 1583 institutionem
2387 1524 2662 1583 omnibus
2704 1543 2806 1582 nu·

477 1609 656 1667 meris
700 1626 826 1666 esse
869 1609 1223 1668 absolutam.
1300 1608 1395 1666 Ibi
1452 1608 1643 1684 igitur
1689 1610 2037 1684 neutiquam
2081 1608 2383 1668 laudasset
2434 1609 2628 1685 legem
2686 1613 2805 1667 tam

478 1692 908 1751 detestabilem.
985 1693 1195 1752 Altero
1225 1696 1426 1752 autem
1472 1692 1634 1767 loce,
1682 1695 1953 1768 quamvis
1987 1689 2189 1752 revera
2235 1712 2426 1754 sermo
2472 1695 2553 1752 sit
2599 1694 2671 1752 de
2701 1693 2808 1751 ali-

477 1795 594 1852 quo
649 1777 955 1852 instituto,
1023 1778 1182 1852 quod
1239 1778 1410 1836 Plato
1472 1779 1600 1852 ipse
1657 1779 1888 1837 civitati
1945 1779 2350 1854 commendat,
2418 1779 2667 1854 ideoque
2723 1797 2806 1851 ea,

478 1880 628 1937 quae
674 1861 758 1918 ibi
803 1863 1276 1937 praecipiuntur,
1324 1880 1444 1920 non
1487 1867 1708 1921 temere
1752 1863 1825 1921 ad
1872 1863 2475 1923 Lacedaemoniorum
2521 1864 2810 1939 cryptiam

479 1945 788 2005 referenda
832 1947 980 2020 sint,
1028 1950 1227 2005 tamen
1271 1948 1381 2005 hoc
1426 1947 1895 2023 demonstratur,
1955 1967 2075 2007 non
2132 1949 2315 2007 fuisse
2372 1948 2637 2024 cryptiae
2681 1967 2813 2006 eum

482 2030 687 2103 finem,
737 2033 804 2087 ut
849 2031 1098 2091 Helotae
1144 2032 1639 2092 interficerentur.
1715 2033 2002 2108 Alioquin
2032 2033 2192 2091 enim
2228 2034 2400 2092 Plato
2431 2035 2557 2092 eius
2600 2051 2817 2091 nomen

482 2116 557 2174 ad
600 2116 844 2175 iuvenes
889 2116 1036 2175 istos
1080 2135 1203 2175 non
1247 2118 1681 2193 transtulisset,
1729 2119 1944 2193 quibus
1975 2118 2277 2194 publicam
2329 2122 2521 2177 terrae
2565 2118 2818 2176 salutem

488 2200 653 2259 cordi
698 2218 824 2258 esse
872 2201 1082 2260 voluit.

650 2285 740 2343 Ex
787 2284 1017 2345 duobus
1062 2287 1219 2346 hisce
1266 2287 1441 2361 locis,
1492 2306 1744 2362 quorum
1790 2288 2018 2346 firmam
2064 2306 2189 2347 esse
2237 2288 2654 2346 auctoritatem
2700 2287 2816 2344 iam

482 2373 753 2445 apparet,
821 2370 963 2429 haec
1022 2372 1144 2430 fere
1203 2372 1275 2430 de
1330 2372 1595 2448 cryptiae
1661 2372 1777 2430 fine
1835 2375 2011 2447 atque
2072 2373 2298 2431 ratione
2354 2373 2485 2431 erui
2544 2374 2816 2447 possunt.

483 2455 633 2513 Erat
676 2455 780 2512 illa
825 2459 1142 2531 propterea
1197 2456 1500 2531 instituta,
1559 2460 1630 2514 ut
1683 2459 1925 2516 iuvenes
1983 2460 2044 2514 et
2073 2458 2180 2515 .ad
2235 2457 2458 2515 bellum
2512 2457 2817 2515 laboribus

483 2559 552 2599 ac
595 2538 885 2599 molestiis
940 2544 1379 2616 exercerentur,
1435 2546 1498 2600 et
1553 2542 1828 2618 propriae
1874 2545 2067 2601 terrae
2113 2547 2448 2601 accuratam
2494 2542 2608 2601 sibi
2652 2560 2818 2617 para-

485 2629 621 2683 rent
661 2626 959 2683 notitiam.
1033 2626 1220 2700 quue
1264 2627 1445 2701 priori
1491 2628 1553 2684 in
1610 2628 1739 2686 loco
1786 2627 1922 2686 inde
1968 2631 2162 2703 patet,
2217 2628 2373 2702 quod
2420 2625 2708 2704 κρύπτεια
2753 2630 2813 2685 in

487 2709 559 2767 iis
613 2709 909 2768 institutis
965 2712 1356 2785 memoratur,
1418 2730 1568 2786 quae
1624 2713 1745 2770 sint
1801 2709 1897 2789 (ut
1952 2714 2079 2786 ipse
2138 2712 2283 2770 dicit
2338 2733 2398 2788 p.
2442 2714 2575 2773 632
2607 2708 2688 2791 Ε)
2750 2708 2817 2768 τὰ

488 2791 589 2867 τῆς
632 2786 879 2870 ἀνδρίας
926 2788 1376 2870 ἐπιτηδεύματα.
1457 2795 1647 2853 Simul
1693 2815 1831 2855 vero
1863 2798 2045 2854 etiam
2080 2797 2230 2854 illud
2260 2797 2518 2856 alterum
2550 2798 2819 2856 effectum

488 2896 642 2952 esse,
689 2897 825 2936 cum
868 2898 939 2936 ex
982 2881 1067 2937 rei
1123 2883 1339 2937 natura
1382 2883 1549 2954 patet
1594 2912 1675 2920 —-
1720 2880 1985 2955 alioquin
2043 2882 2200 2939 enim
2255 2882 2317 2940 in
2375 2884 2521 2941 urbe
2575 2883 2706 2957 ipsa
2748 2882 2822 2938 ad

489 2962 702 3021 bellica
765 2965 1005 3039 negotia
1058 2964 1275 3022 instrui
1330 2964 1668 3039 potuissent
1720 2998 1800 3006 -—
1856 2968 1985 3023 tum
2041 2987 2109 3025 ex
2168 2967 2496 3041 posteriore
2555 2967 2822 3025 Platonis

490 3047 616 3106 loco
650 3047 849 3123 colligi
885 3051 1097 3123 potest,
1144 3049 1248 3107 ubi
1279 3049 1331 3106 ei
1377 3048 1462 3106 rei
1493 3068 1779 3124 magnum
1817 3051 2104 3109 tribuitur
2131 3055 2525 3125 momentum,
2557 3053 2627 3108 ut
2656 3071 2821 3109 suam

492 3132 746 3206 quisque
790 3134 1045 3206 patriam
1090 3135 1312 3209 optime
1343 3137 1680 3209 pernoscat.
1756 3133 2027 3194 Oonferri
2072 3136 2214 3194 ibid.
2260 3157 2319 3211 p.
2354 3138 2477 3195 760
2508 3137 2560 3193 D
2604 3139 2821 3210 potest,

492 3214 594 3272 ubi
626 3216 799 3274 Plato
846 3217 1052 3292 docet,
1101 3218 1246 3315 quid
1272 3218 1611 3277 faciendum
1656 3221 1766 3293 sit,
1814 3221 1881 3278 u't-
1925 3220 2012 3277 illi
2043 3221 2312 3295 iuvenes,
2361 3220 2506 3295 quid
2549 3220 2821 3295 quolibet

491 3301 631 3358 anni
675 3303 944 3376 tempore
994 3304 1056 3361 in
1100 3304 1282 3364 variis
1329 3307 1523 3361 terrae
1568 3305 1838 3378 partibus
1885 3306 2224 3380 contingat,
2283 3305 2564 3364 ediscant.
2642 3304 2815 3362 Hunc

492 3385 678 3461 igitur
721 3386 795 3443 ad
839 3387 1015 3445 finem
1072 3392 1140 3446 ut
1182 3390 1424 3447 iuvenes
1469 3389 1878 3463 pervenirent,
1948 3409 2051 3463 per
2106 3394 2268 3447 certa
2327 3391 2615 3465 quaedam
2671 3393 2821 3447 tem-

494 3472 655 3546 poris
701 3471 1016 3531 intervalla
1061 3461 1186 3547 (διὰ
1227 3465 1452 3549 χρόνου
1503 3473 1829 3549 Plutarch.)
1870 3475 2101 3569 singuli
2148 3493 2218 3532 ex
2264 3476 2407 3532 urbe
2453 3476 2514 3533 in
2562 3475 2823 3533 diversas

397 3560 459 3608 14
488 3561 680 3613 terrae
733 3556 1055 3615 Laconicae
1110 3561 1307 3633 partes
1375 3558 1768 3615 mittebantur
1832 3549 2038 3632 (ἄλλον
2089 3551 2295 3616 ἄλλοσ’
2356 3555 2679 3636 ἐξέπεμπον
2742 3559 2822 3619 id.

495 3638 662 3714 ibid.)
712 3640 785 3698 ab
829 3642 932 3716 iis,
997 3642 1099 3716 qui
1156 3645 1472 3716 praeerant
1522 3642 1855 3701 educationi
1910 3646 2089 3718 atque
2143 3644 2457 3704 iuvenibus
2517 3640 2822 3720 (ἄρχοντες

495 3730 612 3780 τῶν
656 3719 871 3804 νέων),
919 3726 975 3784 h.
1024 3745 1073 3788 e.
1090 3728 1394 3802 ,opinor,
1450 3746 1484 3784 a
1523 3727 1781 3786 Bidiaeis
1824 3729 1918 3787 vel
1964 3749 1998 3786 a
2045 3729 2444 3804 Paedonom0‚
2493 3730 2563 3787 de
2606 3728 2820 3803 quibus

495 3809 570 3865 cf.
615 3809 788 3871 Paus
836 3810 944 3886 III,
997 3813 1092 3885 11,
1143 3813 1198 3868 2.
1255 3812 1403 3870 Xen.
1449 3812 1588 3870 Lac.
1636 3831 1760 3886 rep.
1808 3812 1894 3886 II,
1944 3815 2001 3871 2
2059 3814 2361 3872 Plutarch.
2410 3775 2668 3889 Lycurg.
2722 3814 2818 3870 17.

497 3892 648 3950 Nam
673 3896 833 3969 quod
858 3894 1243 3954 Muellerusl.
1270 3914 1319 3955 c.
1346 3915 1409 3971 p.
1443 3899 1559 3954 125
1591 3893 1677 3973 [ρ.
1708 3899 1824 3954 121
1852 3897 1941 3956 ed.
1967 3896 2291 3976 alt.]dicit,
2317 3898 2587 3973 Ephoros
2610 3915 2824 3954 munus

495 3977 769 4037 ineuntes
816 3980 1052 4040 edicto
1037 4000 1279 4040 luvenes
1323 3982 1394 4040 ad
1450 3981 1744 4055 cryptiam
1788 3983 2077 4057 emisisse,
2124 4003 2195 4041 ex
2239 3985 2508 4042 veterum
2557 3982 2824 4041 testimo-

496 4062 612 4120 niis
654 4082 776 4122 non
819 4066 1019 4139 potest
1058 4067 1312 4141 probari.
1388 4063 1674 4137 Quamvis
1704 4068 1862 4124 enim
1895 4068 2116 4143 Ephori
2147 4087 2380 4143 quoque
2412 4068 2823 4126 educationem

497 4165 850 4223 puerorum,
910 4149 1011 4208 ubi
1057 4168 1203 4226 opus
1260 4153 1444 4226 esset,
1503 4150 1955 4210 moderarentur
2001 4147 2102 4230 (cf.
2148 4153 2297 4215 Xen.
2344 4154 2483 4211 Lac.
2541 4172 2669 4228 rep.
2713 4150 2822 4226 IV,

500 4233 536 4289 3
583 4235 643 4289 et
689 4235 745 4292 6.
819 4233 1050 4294 Aelian.
1097 4255 1220 4298 var.
1266 4236 1405 4295 hist.
1452 4235 1623 4317 ΧΠ,
1674 4235 1777 4311 7),
1835 4237 1946 4296 hoc
2002 4241 2203 4296 tamen
2265 4238 2525 4297 officium
2581 4255 2705 4296 non
2758 4242 2826 4296 ut

499 4318 833 4392 proprium,
881 4319 985 4377 sed
1030 4323 1345 4395 propterea
1388 4322 1624 4378 tantum
1656 4321 1729 4379 ad
1773 4340 1872 4380 eos
1916 4324 2279 4398 pertinebat,
2330 4323 2487 4398 quod
2532 4341 2824 4382 summam

499 4400 658 4474 apud
689 4401 1185 4462 Lacedaemonios
1214 4405 1500 4463 tenebant
1528 4407 1903 4479 potestatem.
1977 4408 2189 4482 Itaque
2233 4408 2293 4465 hi
2323 4404 2822 4481 non'simpliciter
