3132 5129
1291 402 1737 468 ,395-

352 561 628 637 duxerat,
677 561 972 621 Bacchum
1016 580 1143 621 esse
1186 563 1380 637 ratuS,
1427 562 1514 622 ita
1557 560 1804 621 clamat:

654 676 902 756 δήσατε,
951 675 1162 759 δήσατε
1206 684 1505 755 τοῦτον,
1552 674 1708 756 ἐμῶν
1754 675 2047 757 συλήτορα
2092 675 2337 745 θώκων

652 756 862 834 οὗτος
907 762 1067 843 ἐμοῖς
1109 760 1456 841 σκήπτροισι
1500 760 1878 841 κορύσσεται·
1925 758 2144 833 αυτὸς
2188 760 2414 834 ἱκάνει,

659 848 961 925 Καδμείην
1006 847 1234 911 ἐθέλων
1277 847 1540 926 Σεμέλης
1582 846 1883 927 πατρώιον
1926 844 2120 925 εδρην.

353 972 665 1031 Cumrnon
709 969 1122 1047 intellegatur,
1167 990 1283 1046 qua
1327 972 1387 1030 vi
1433 970 1492 1030 h.
1538 970 1579 1029 l.
1624 971 1888 1045 positum
1934 971 2013 1028 sit
2054 987 2382 1065 pronomen
2434 961 2683 1042 αυτός,

353 1058 479 1116 sinc
527 1056 708 1115 dubio
754 1074 862 1132 pro
907 1074 976 1113 eo
1021 1055 1462 1115 rescribendum
1519 1056 1662 1115 erit:
1725 1043 1811 1112 οὗ
1825 1073 1938 1122 τος
1995 1046 2214 1121 ἱκάνει,
2270 1073 2386 1130 quo
2446 1053 2683 1112 demum

354 1142 550 1217 posito
597 1142 888 1202 concinna
929 1139 1131 1200 evadit
1175 1142 1384 1201 oratio.
1461 1139 1688 1199 Eodem
1722 1138 1898 1197 modo
1931 1157 2111 1213 supra
2140 1138 2403 1199 Bacchus
2436 1138 2682 1213 diam-,at

352 1226 563 1286 bovem
610 1226 877 1288 Pentheo
923 1228 1248 1302 ostentans,
1294 1245 1350 1285 v.
1387 1227 1508 1285 246
1533 1245 1620 1302 sq.

657 1352 829 1431 οὗτος
873 1353 1056 1461 ἀνήρ,
1102 1366 1472 1439 σκηπτοῦχε,
1517 1356 1657 1437 τεὴν
1701 1356 2012 1435 οἴστρησεν
2050 1351 2340 1437 Ἀγαύην·

659 1437 832 1516 οὗτος
872 1438 1026 1524 ἀνὴρ
1071 1442 1263 1506 ἐθέλει
1305 1441 1624 1525 βασιληίδα
1676 1441 1945 1513 Πενθέος
1990 1440 2187 1520 ἕδρην

523 1583 888 1660 XLV1‚357
923 1602 1054 1660 sqq.
1128 1583 1394 1645 Bacchus
1425 1583 1667 1661 Agaves
1696 1587 1761 1641 et
1789 1582 2098 1644 Autonoes
2130 1581 2202 1639 de
2234 1580 2498 1641 Pentheo
2529 1599 2683 1640 mae·
2715 1586 2811 1635 657

354 1690 548 1731 rorem
594 1669 824 1730 disicit·

928 1773 1010 1796 -—·
1055 1749 1467 1829 φιλοθρήνους
1514 1749 1583 1814 δὲ
1626 1755 1917 1831 γυναῖκας

660 1836 1004 1916 μυρομένας
1048 1830 1370 1914 ἀνέκοψεν,
1416 1833 1537 1896 ἐπει
1586 1835 1895 1916 στοιχηδὸν
1941 1834 2158 1920 ἑκάστῃ

660 1918 1037 2003 λυσιπόνῳ
1081 1920 1329 1999 κεράσας
1371 1921 1633 2001 μελιηδὲι
1677 1921 1995 2002 φάρμακον
2037 1922 2181 2005 οἴνῳ

663 2007 814 2067 δωκε
858 2005 1043 2068 ποτὸν
1090 2011 1364 2086 ληθαιον.

355 2131 470 2188 Per
526 2148 588 2188 se
644 2129 882 2205 quidem
941 2129 1146 2188 vinum
1201 2131 1360 2187 recte
1413 2126 1736 2187 λυσίπονον
1787 2129 2025 2188 dicitur.
2116 2129 2232 2188 Sed
2277 2130 2331 2187 h.
2380 2128 2418 2185 1.
2466 2130 2518 2187 ei
2572 2147 2692 2188 non

355 2219 501 2291 puto
558 2214 709 2273 illud
763 2213 1070 2288 epitheton
1125 2212 1384 2272 inditum
1444 2213 1656 2289 fuisse,
1727 2233 1865 2272 nam
1922 2215 1971 2272 si
2027 2214 2150 2273 vini
2210 2214 2394 2273 solius
2449 2215 2692 2289 potione

355 2299 704 2358 mulieribus
748 2299 865 2357 iam
911 2317 1085 2357 curae
1129 2300 1331 2358 essent
1372 2301 1716 2373 exemptae,
1762 2316 1883 2357 non
1928 2316 2077 2374 opus
2123 2303 2252 2358 erat
2296 2300 2365 2357 ut
2406 2297 2690 2357 admisce·

359 2386 525 2443 retur
571 2379 908 2458 φάρμακον.
996 2382 1127 2442 Nisi
1181 2384 1314 2458 quis
1371 2387 1433 2441 et
1484 2382 1597 2441 hoc
1650 2377 1969 2458 φάρμακον
2026 2386 2087 2442 et
2146 2383 2397 2442 verbum
2443 2378 2692 2459 κεράσας

361 2469 585 2528 dictum
629 2467 930 2526 existimet
974 2468 1047 2526 de
1091 2469 1221 2542 ipso
1268 2467 1436 2539 vino,
1485 2467 1644 2542 quod
1688 2471 1992 2543 tamquam
2038 2467 2319 2527 desiderii
2363 2467 2693 2526 remedium

356 2552 618 2613 Bacchus
663 2552 899 2614 feminis
944 2553 1293 2629 porrexerit.
1383 2552 1465 2612 Et
1507 2552 1592 2612 sic
1634 2552 1792 2628 XIX,
1845 2554 1919 2611 17
1951 2572 2087 2629 sqq.
2134 2553 2397 2612 dolorem
2444 2552 2690 2628 Methes,

361 2657 513 2716 quae
557 2639 632 2697 ob
675 2637 946 2714 Staphyli
991 2639 1191 2697 mariti
1237 2641 1489 2697 mortem
1534 2639 1931 2697 maestissima
1975 2642 2132 2714 erat,
2180 2637 2308 2698 solo
2340 2656 2502 2696 mero
2532 2638 2694 2697 Deus

356 2726 694 2821 compescit.
788 2723 904 2782 Sed
964 2742 1155 2800 neque
1216 2723 1299 2782 ibi
1362 2723 1435 2781 de
1492 2715 1783 2820 φαρμάκῳ
1838 2722 2066 2800 aliquid
2118 2683 2377 2799 dictum,
2444 2726 2508 2781 et
2561 2742 2691 2782 cum

357 2810 601 2869 omnino
632 2808 835 2867 Methe
879 2807 994 2867 illa
1025 2808 1174 2868 nihil
1218 2808 1382 2868 aliud
1428 2808 1508 2867 sit
1549 2809 1670 2867 nisi
1699 2808 2024 2868 Ebrietatis
2068 2809 2232 2867 notio
2276 2809 2339 2867 in
2383 2826 2694 2884 personam

355 2895 656 2969 traducta,
715 2896 1178 2952 consentaneum
1225 2895 1345 2968 est,
1401 2894 1583 2951 etiam
1627 2894 1833 2952 vinum
1878 2893 2293 2952 tantummodo
2339 2894 2393 2954 ei
2438 2893 2692 2970 largien-

361 2979 502 3038 dum
565 2978 763 3041 fuisse.
856 2976 1024 3049 Quod
1083 2997 1250 3038 secus
1306 2981 1401 3037 est·
1454 2978 1514 3036 h.
1562 2979 1634 3054 1.,
1693 2979 1755 3037 in
1800 2997 1916 3054 qno
1961 2978 2036 3036 N.
2085 2979 2389 3054 scripsisse
2433 2978 2695 3037 arbitror

353 3062 728 3122 λυσίπονον
783 3059 1037 3140 κεράσας
1091 3067 1238 3139 ete.;
1293 3064 1381 3122 ita
1423 3066 1493 3122 ut
1534 3062 1799 3123 Bacchus
1844 3064 1984 3122 vino
2028 3062 2415 3123 admiscuisse
2463 3064 2696 3122 dicatur

354 3148 598 3224 aliquod
643 3148 990 3223 remedium,
1038 3168 1154 3225 quo
1200 3147 1419 3207 doloris
1465 3148 1749 3207 memoria
1791 3148 2125 3208 tolleretur.
2215 3147 2543 3208 Confirmat
2585 3148 2696 3206 hoc

355 3234 719 3293 clarissimus
764 3233 1008 3293 Homeri
1052 3234 1216 3293 locus
1263 3228 1298 3287 δ
1336 3234 1460 3292 220
1488 3252 1622 3309 sqq.
1669 3233 1741 3293 de
1784 3233 2041 3308 Helena,
2098 3251 2274 3309 quem
2330 3234 2458 3293 sine
2512 3232 2693 3291 dubio

361 3319 437 3378 N.
483 3321 619 3378 ante
665 3318 866 3378 oculos
911 3318 1147 3377 habuit.

610 3430 814 3494 αὐτίκ’
861 3430 962 3537 ἄρ’
1011 3436 1094 3505 εἰς
1129 3425 1298 3497 οἶνον
1339 3430 1484 3516 βάλε
1527 3431 1868 3513 φάρμακον,
1915 3431 2098 3496 ἔνθεν
2141 3432 2368 3509 ἔπινον,

614 3514 991 3598 νηπενθές
1035 3515 1092 3577 τ’
1138 3516 1364 3602 αχολόν
1406 3540 1485 3592 τε,
1530 3528 1738 3581 κακῶν
1782 3515 2150 3598 ἐπίληθον
2190 3514 2497 3581 ἁπάντων.

610 3601 677 3676 ὃς
718 3602 785 3665 τὸ
829 3603 1265 3684 καταβρόξειεν,
1311 3595 1461 3684 ἐπὴν
1504 3611 1830 3707 κρητῆρι
1856 3605 2142 3684 μιγείη,

607 3688 684 3749 οὔ
728 3711 834 3751 κεν
879 3686 1193 3768 ἐφημέριός
1237 3712 1303 3768 γε
1345 3687 1525 3788 βάλοι
1561 3712 1712 3750 κατα
1758 3683 1945 3770 δάκρυ
1990 3690 2287 3768 παρειῶν,

609 3769 743 3835 ουδ’
793 3773 858 3836 εἴ
893 3797 949 3834 οι
994 3775 1396 3853 κατατεθναίη
1440 3767 1635 3877 μήτηρ
1679 3796 1740 3835 τε
1783 3775 1976 3854 πατήρ
2020 3798 2101 3852 τε,

607 3855 742 3920 ουδ’
791 3858 854 3920 εἴ
889 3860 954 3919 οῖ
989 3858 1402 3939 προπάροιθεν
1443 3854 1744 3933 αδελφεδν
1785 3855 1826 3938 ἢ
1870 3860 2091 3934 φίλον
2133 3852 2251 3920 vt
2225 3881 2305 3918 ον

609 3944 845 4027 χαλκῷ
893 3944 1245 4028 δηιόῳεν,
1291 3941 1323 4005 ὁ
1369 3940 1426 4003 δ’
1474 3937 1987 4022 ὀφθαλμοῖσιν
2031 3940 2276 4028 ὁρῳτο.

524 4066 769 4143 XLVII,
824 4068 942 4126 108
973 4087 1063 4144 sq.
1113 4067 1185 4125 de
1230 4067 1470 4126 rusticis
1516 4066 1753 4142 dicitur,
1799 4066 1973 4125 Icarii
2015 4067 2156 4126 vino
2200 4064 2543 4124 inebriatis:

1069 4220 1144 4228 —
1195 4177 1579 4263 φιλακρήτοις
1624 4180 1687 4243 δὲ
1730 4179 2040 4255 κυπέλλοις

758 4266 1058 4348 ἄργυφα
1104 4268 1481 4349 πορφύροντο
1525 4267 1768 4347 παρήια.

359 4386 624 4447 Graefius
668 4390 811 4449 haec
854 4389 1197 4466 adscripsit:
1246 4386 1536 4467 ,,ἇ’ργυφα
1573 4421 1644 4430 -
1678 4384 1906 4465 παρήια
1951 4388 2024 4448 de
2068 4387 2408 4449 hominibus
2454 4389 2694 4446 rusticis

365 4473 511 4533 satis
565 4472 887 4533 absurdum
944 4480 1062 4550 est3
1121 4477 1345 4535 frustra
1399 4480 1603 4535 tamen
1645 4473 2021 4550 probabilem
2064 4473 2540 4534 emendationem
2584 4472 2693 4532 cir·
