3132 5129
392 3423 455 3469 10

1429 367 1890 432 -158-

743 513 911 619 οἷζιον
955 515 1012 590 ἔς
1057 510 1381 596 ὑψόροφον
1425 518 1526 579 και
1572 513 1680 596 ἕήν
1725 517 1783 592 ἐς
1825 521 2078 599 πατρίδα
2122 526 2365 601 γαΐαν.“
2734 541 2832 588 115

782 600 858 675 ὡς
905 597 1099 679 φάτο,
1145 603 1389 683 ῥίγησεν
1435 603 1497 664 δὲ
1542 597 1811 680 Καλυψώ
1853 605 1953 666 δῖα
1996 603 2233 684 θεάων,

741 689 850 748 καί
885 711 989 765 μιν
1033 684 1342 765 φωνήσασ’
1393 688 1537 749 ἔπεα
1581 687 1900 788 πτερόεντα
1943 686 2284 768 προσηύδα·

782 772 1082 860 ,,σχέτλιοί
1120 769 1278 872 ἕστε,
1324 775 1491 854 θεοί,
1538 767 1861 878 ζηλημονες
1902 773 2104 875 ἔξοχον
2144 774 2380 857 αλλων,

739 859 806 917 οἴ
840 881 902 918 τε
946 863 1118 928 θεαῖς
1143 849 1429 957 ἀγάασθε
1475 880 1596 937 παρ
1668 853 1979 958 ανδρασιν
2004 853 2359 933 εὐνάζεσθαι

738 937 1086 1022 αμφαδίην,
1133 937 1213 1019 ’ήν
1255 944 1341 1015 τίς
1386 966 1446 1004 τε
1490 935 1668 1019 φίλον
1712 935 1979 1021 ποιήσετ’
2026 936 2295 1048 οἷκοίτην.
2733 964 2832 1012 120

664 1051 696 1090 e
781 1021 863 1099 οἷς
906 1026 1017 1105 μὲν
1057 1023 1150 1088 δ”τ
1193 1022 1435 1108 Ὠρίων’
1486 1026 1648 1090 ἕλετο
1693 1024 2125 1109 ῥοδοδάκτυλος
2161 1025 2353 1111 Ἠως,

739 1109 933 1193 τόφρα
973 1112 1041 1175 οἰ
1076 1104 1350 1192 ἠγάασθε
1394 1113 1530 1173 θεοὶ
1580 1114 1712 1193 ῥεῖα
1757 1111 2037 1195 ζωυντες,

739 1196 848 1270 ἕως
891 1221 996 1274 μιν
1041 1196 1106 1258 ἕν
1147 1193 1421 1282 Ὀρτυγίῃ
1463 1197 1870 1278 χρυσόθρονος
1901 1198 2178 1278 ’Ἀρτεμις
2218 1195 2376 1282 ἆγνὴ

661 1278 833 1354 οἷς
876 1277 1134 1387 ἀγανοῖς
1163 1263 1459 1350 βελέεσσιν
1503 1282 1853 1364 ἐποιχομένη
1897 1283 2283 1384 κατέπεφνεν.

668 1393 700 1431 e
785 1392 867 1440 ως
913 1362 973 1429 δ’
1020 1361 1189 1430 ὅποτ’
1231 1358 1486 1428 Ἰασίωνι
1530 1366 1904 1448 ἐυπλόκαμος
1956 1366 2283 1472 Δημήτηρ,
2737 1389 2835 1435 125

742 1480 788 1517 ω
839 1455 1018 1537 θυμῷ
1062 1452 1297 1532 εἴξασα,
1341 1455 1486 1533 μίγη
1528 1449 1799 1532 φιλότητι
1846 1452 1948 1514 καὶ
1993 1449 2140 1539 εὐνῇ

741 1520 882 1621 νειῷ
929 1538 1023 1600 ἔνι
1069 1534 1358 1621 τριπόλῳ·
1403 1535 1546 1599 οὐδὲ
1590 1533 1708 1615 δὴν
1749 1531 1930 1616 ἧεν’
1905 1533 2169 1613 ἄπυστος

740 1600 922 1732 Ζεός,
969 1617 1034 1697 ὅς
1077 1646 1182 1699 μιν
1226 1622 1555 1725 κατέπεφνε
1600 1621 1804 1702 βαλῶν
1846 1625 2060 1704 α’ργῆτι
2107 1628 2398 1730 κεραυνῷ.

675 1716 704 1773 f
788 1734 870 1783 ως
912 1702 972 1768 δ’
1018 1701 1100 1770 αὖ
1142 1712 1257 1768 νῦν
1298 1731 1400 1786 μοι
1442 1700 1705 1816 ἆγᾶστῗε,
1752 1713 1915 1788 θεοί,
1967 1709 2182 1788 βροτὸν
2223 1709 2421 1792 ανδρα
2465 1719 2768 1794 παρεῖναι.

739 1788 842 1855 τόν
884 1791 992 1870 μὲν
1040 1787 1190 1874 ἕγῶν
1235 1791 1467 1876 ἐσάωσα
1491 1817 1648 1891 περι
1692 1791 1929 1893 τρόπιος
1971 1796 2248 1875 βεβαῶτα
2731 1812 2831 1859 130

739 1875 902 1956 οἷον,
949 1876 1078 1939 ἐπεί
1117 1879 1182 1939 οἵ
1218 1880 1339 1955 νῆα
1384 1868 1550 1955 θοήν
1595 1873 1811 1957 ἆργῆτι
1853 1884 2126 1954 κεραυνοῖ

744 1964 893 2038 Ζεὺς
937 1963 1106 2036 ἔλσας
1151 1958 1424 2024 eubaea?
1433 1963 1588 2047 μέσῳ
1633 1962 1721 2024 ἐνὶ
1767 1964 1970 2025 οἴνοπι
2013 1942 2229 2048 πόντῳ.

740 2043 844 2111 τόν
885 2048 996 2129 μὲν
1017 2041 1155 2151 ἐγω
1197 2042 1405 2126 φίλεόν
1449 2071 1509 2109 τε
1547 2027 1655 2109 καὶ
1699 2048 1982 2151 ἔτρεφον,
2025 2041 2137 2126 ἠδὲ
2181 2049 2448 2128 ἔφασκον
2735 2066 2832 2113 135

739 2134 958 2212 θήσειν
999 2128 1311 2196 ἀθάνατον
1356 2133 1456 2194 καὶ
1499 2127 1767 2232 ἆγηραον
1808 2129 2005 2213 ἤματα
2047 2134 2264 2195 πάντα.

673 2226 702 2283 f
781 2213 913 2282 ἀλλ’
962 2218 1088 2280 ἐπεὶ
1131 2241 1206 2279 ου
1249 2240 1375 2293 πως
1419 2218 1538 2280 ἔστι
1586 2210 1732 2291 Διος
1775 2215 1918 2280 νόον
1959 2216 2247 2319 αἰγιόχοιο

743 2329 877 2367 ουτε
920 2308 1310 2384 παρεξελθεῖν
1351 2303 1538 2365 ἄλλον
1581 2297 1735 2364 θεὸν
1779 2298 1928 2365 οὐθ’
1974 2294 2256 2380 ἁλιῶσαι,

742 2390 985 2489 ἐρρέτω,
1032 2390 1096 2450 εἴ
1131 2412 1234 2488 μιν
1279 2396 1477 2461 κεῖνος
1520 2384 1833 2463 ἐποτρύνει
1879 2390 1980 2451 και
2022 2383 2268 2492 ἆνωγει,

740 2471 967 2538 πόντον
1009 2469 1097 2535 ἐπ
1150 2466 1503 2576 ἀτρύγετον.
1551 2472 1770 2552 πέμψω
1813 2473 1878 2535 δέ
1917 2498 2023 2551 μιν
2064 2469 2137 2536 06
2183 2497 2268 2559 πῃ
2311 2474 2425 2556 ἐγώ
2463 2497 2558 2557 γε·
2739 2490 2840 2538 140

741 2559 932 2636 αὐτάρ
977 2563 1041 2623 οἰ
1078 2556 1372 2661 πρόφρων
1394 2551 1837 2660 ὖπρθήσομαι,
1883 2553 2014 2621 οὐδ’
2064 2538 2387 2629 ἐπικεύσω,
2734 2576 2834 2623 143

745 2671 826 2719 ως
869 2669 936 2707 κε
979 2640 1120 2726 μάλ’
1167 2636 1445 2723 ἀσκηθὴς
1487 2638 1568 2725 ἣν
1610 2647 1868 2725 πατρίδα
1909 2653 2092 2725 γαῖαν
2134 2647 2351 2725 ἵκηται.
2360 2650 2401 2684 “

659 2819 792 2879 Huc
836 2838 1025 2895 usque
1069 2819 1257 2895 igitur
1300 2818 1633 2878 describere
1676 2838 1889 2893 operae
1930 2820 2192 2895 pretium
2225 2819 2342 2878 fuit
2369 2820 2625 2895 primam
2658 2822 2839 2897 rhap-

490 2905 744 2979 sodiam,
790 2906 854 2963 in
897 2924 1012 2980 qua
1058 2923 1210 2979 quos
1253 2904 1415 2963 locos
1463 2922 1784 2979 versusque
1827 2905 2178 2964 sustulimus
2223 2905 2341 2963 iam
2385 2905 2650 2964 breviter
2694 2926 2833 2981 per·

490 2989 881 3066 stringamus·

661 3077 749 3133 Ac
792 3074 864 3133 de
907 3074 1292 3150 prooemio
1335 3074 1577 3149 quidem
1640 3072 2022 3132 celeberrimo
2078 3077 2411 3133 accuratam
2466 3074 2609 3134 olim
2669 3094 2836 3136 seve-

489 3177 732 3256 ramque
778 3160 904 3236 egit
948 3178 1256 3219 censuram
1302 3158 1710 3218 Immanuel
1756 3157 2171 3234 Bekkerus,
2217 3159 2312 3219 vir
2354 3179 2487 3221 cum
2519 3159 2841 3220 Homerico

489 3244 732 3302 nomine
784 3244 846 3302 in
905 3262 1078 3303 omne
1135 3247 1370 3319 tempus
1428 3243 1978 3318 coniunctissimuS‚
2038 3244 2101 3302 in
2160 3262 2227 3302 eo
2286 3263 2583 3320 sermone,
2654 3264 2835 3321 quem

489 3349 541 3387 a.
580 3329 738 3386 1841
787 3329 847 3387 in
879 3329 1280 3389 Berolinensis
1313 3328 1669 3387 Academiae
1711 3346 1991 3387 consessu
2035 3327 2303 3387 habitum
2348 3329 2611 3389 eiusdem
2657 3332 2839 3390 socie·

494 3415 638 3473 tatis
693 3415 945 3474 notoriis
1001 3414 1321 3473 menstruis
1378 3434 1431 3471 a.
1479 3414 1641 3473 1853
1698 3433 1757 3487 p.
1806 3414 1926 3471 635
1952 3432 2082 3488 sqq.
2134 3413 2513 3473 inserendum
2580 3417 2838 3475 curavit.

494 3500 622 3570 Quo
667 3518 938 3558 sermone
983 3499 1286 3558 luculenta
1330 3498 1623 3557 brevitate
1668 3498 1986 3572 conspicuo
2032 3499 2313 3557 traditam
2359 3500 2525 3557 illam
2565 3501 2838 3575 saepissi-

491 3602 702 3660 meque
731 3586 1048 3659 repetitam
1090 3586 1270 3659 atque
1314 3583 1460 3643 adeo
1492 3582 1705 3642 Wolfio
1750 3586 2044 3641 retentam
2092 3583 2164 3642 de
2209 3583 2553 3661 „Odysseae
2584 3584 2837 3643 admira·

491 3668 598 3726 bili
642 3672 872 3729 suinma
915 3672 977 3727 et
1004 3668 1328 3744 compage“
1358 3668 1843 3744 superstitionem
1888 3669 2114 3742 primus
2145 3669 2266 3728 fere
2297 3666 2629 3730 convellere
2658 3689 2839 3729 ausus

493 3756 584 3812 est
637 3754 751 3829 ita,
809 3758 879 3812 ut
931 3757 1162 3812 tantam
1217 3773 1412 3813 rerum
1460 3753 1917 3850 repugnantiam
1958 3755 2063 3827 qui
2112 3773 2229 3813 non
2276 3757 2394 3813 iam
2437 3756 2641 3816 videat
2681 3756 2839 3814 nibil

492 3838 760 3912 profecto
804 3858 1009 3915 sapere
1053 3838 1354 3913 putandus
1400 3840 1496 3898 sit.
1575 3838 1800 3896 Verum
1845 3839 1908 3895 in
1954 3838 2083 3912 ipso
2130 3842 2435 3913 prooemio
2480 3841 2834 3917 castigando

492 3925 757 3983 acumine
801 3943 910 3984 suo
956 3923 1264 4000 paululum
1310 3926 1528 3984 abusus
1573 3924 1846 3999 argutius
1891 3922 2192 3981 interdum
2236 3943 2415 3998 quam
2459 3925 2658 3984 verius
2703 3945 2835 3984 rem

494 4009 744 4082 gessisse
773 4010 1035 4086 videtur,
1084 4009 1312 4069 scilicet
1354 4010 1545 4085 magis
1590 4011 1761 4082 aptas
1791 4008 1984 4067 acutis
2014 4007 2258 4066 naribus
2288 4009 2499 4067 horum
2527 4009 2837 4069 hominum

493 4093 791 4168 captiones
834 4114 1013 4169 quam
1060 4095 1318 4169 simplici
1361 4094 1600 4169 antiqui
1644 4095 1851 4168 poetae
1895 4092 2183 4167 vivaeque
2241 4092 2356 4152 arti
2414 4111 2702 4171 congruas
2745 4115 2837 4153 ra-

494 4176 686 4236 tiones
743 4182 1106 4253 persecutus.
1208 4179 1322 4238 Sed
1383 4180 1454 4240 de
1508 4179 1602 4238 his
1659 4177 1896 4253 quidem
1943 4176 2181 4252 longius
2226 4177 2534 4252 disputare
2577 4196 2698 4237 non
2743 4183 2839 4238 est

495 4260 669 4320 huius
712 4262 857 4339 loci3
904 4283 1090 4322 unum
1134 4264 1398 4323 breviter
1444 4265 1760 4323 adnotasse
1805 4261 1952 4321 satis
1997 4266 2090 4319 est
2119 4262 2297 4321 etiam
2343 4257 2838 4339 πολυθρύλλητον

494 4343 673 4420 illud,
740 4366 857 4422 quo
918 4348 1121 4407 Ulixes
1186 4349 1406 4407 dicitur
1460 4366 1695 4425 „mores
1751 4346 2060 4405 hominum
2116 4348 2441 4407 multorum
2498 4346 2720 4405 vidisse
2773 4352 2838 4406 et

493 4430 728 4507 urbes“‚
789 4433 935 4491 mihi
991 4451 1229 4508 quoque
1286 4437 1493 4492 contra
1548 4431 1803 4490 Bekkeri
1862 4430 2271 4492 dubitationes
2330 4432 2572 4508 probari
2630 4450 2835 4506 quam·
