3132 5129
1332 362 1792 426 „150-

397 519 511 577 loci
557 518 1001 592 demonstrant,
1046 521 1117 576 ut
1159 538 1218 576 v.
1254 519 1374 577 216
1408 536 1533 593 sqq.
1585 517 1786 577 collati
1829 537 1962 577 cum
2011 519 2131 578 296
2165 538 2330 595 sqq.,
2378 522 2509 579 tum
2552 523 2743 598 ipsius

398 604 556 663 Iovis
585 603 832 662 nuntius
862 603 936 661 ab
968 603 1124 662 Iride
1154 603 1225 661 ad
1259 603 1575 661 Hectorem
1605 603 1869 677 perlatus
1904 605 2022 662 187
2032 606 2235 663 -194
2261 632 2342 653 =
2368 607 2740 668 202—209:

733 764 738 769 ·
787 727 936 814 ὄφρ’
982 731 1065 795 ἂν
1105 733 1217 813 μέν
1259 758 1365 796 κεν
1408 731 1527 819 ὁρᾷ
1569 731 1974 816 Ἀγαμέμνονα
2019 732 2271 813 ποιμένα
2318 742 2479 800 λαῶν

657 808 916 882 θύνοντ’
965 818 1032 880 ἑν
1072 816 1478 900 προμάχοισιν,
1524 818 1835 899 ἐναίροντα
1881 819 2082 899 στίχας
2126 814 2329 902 ἄνδρῶ
2337 848 2390 900 ν,

655 901 832 987 τόφρ’
881 901 1274 984 ἀναχωρείτω,
1321 903 1425 966 τὸν
1468 902 1531 965 δ’
1581 903 1764 965 ἄλλον
1806 902 1955 965 λαὸν
1997 899 2258 983 ἀνώχθω

405 1003 501 1050 190
655 986 1005 1071 μάρνασθαι
1049 989 1266 1066 δηίοισι
1308 986 1458 1050 κατὰ
1503 987 1794 1069 κρατερὴν
1836 986 2118 1068 ὑσμίνην.

789 1067 977 1154 αὐτὰρ
1024 1072 1155 1135 ἐπεί
1191 1067 1243 1134 κ’
1296 1071 1337 1154 ἢ
1381 1072 1551 1154 δουρὶ
1598 1073 1800 1147 τυπεὶς
1843 1070 1886 1152 ἢ
1927 1073 2224 1154 βλήμενος
2269 1076 2343 1161 ἰῷ

660 1162 744 1233 εἰς
790 1160 1012 1232 ἵππους
1058 1157 1278 1238 ἅλεται,
1326 1159 1457 1221 τότε
1501 1159 1566 1220 οἱ
1603 1153 1812 1238 κράτος
1858 1158 2186 1240 ἐγγυαλίξω

660 1246 935 1322 κτείνειν,
980 1245 1063 1317 εἰς
1109 1242 1142 1305 ὅ
1186 1268 1252 1305 κε
1299 1255 1448 1324 νῆας
1494 1243 1849 1323 ἐυσσέλμους
1893 1240 2211 1325 ἀφίκηται,
2438 1297 2451 1302 -
2724 1273 2761 1307 ο

659 1328 776 1415 δύῃ
821 1327 875 1390 τ’
923 1323 1121 1405 ἠέλιος
1165 1327 1265 1390 καὶ
1313 1327 1407 1390 ἐπὶ
1453 1328 1680 1406 κνέφας
1727 1323 1889 1410 ἱερὸν
1926 1328 2096 1413 ἔλθῃ.

574 1452 712 1510 Non
771 1452 897 1510 sine
954 1469 1129 1510 causa
1182 1453 1375 1509 totum
1431 1451 1629 1510 locum
1674 1445 1986 1525 adscripsi,
2044 1451 2212 1510 cuius
2259 1452 2407 1513 duos
2451 1459 2749 1519 extremos

406 1555 611 1597 versus
656 1535 937 1595 delendos
981 1535 1220 1611 putavit
1262 1535 1676 1595 Lachmannus
1718 1556 1775 1611 p.
1816 1537 1918 1610 38,
1962 1535 2186 1612 quippe
2229 1542 2565 1614 pugnantes
2609 1562 2747 1604 cum

409 1622 571 1680 Iovis
628 1621 875 1680 consilio
923 1620 974 1678 Ο
1018 1621 1351 1686 231—235
1399 1625 1459 1679 et
1503 1639 1575 1678 ex
1624 1621 1675 1676 P
1708 1620 1832 1678 454
1864 1639 1982 1696 sq.,
2038 1621 2143 1680 ubi
2200 1641 2369 1681 suum
2415 1625 2611 1685 locum
2655 1633 2747 1688 te·

412 1711 623 1780 neant,
680 1706 794 1766 huc
838 1724 1148 1781 perperam
1194 1706 1475 1768 invectos».
1563 1705 1680 1764 Hic
1721 1704 1962 1780 quidem
2009 1709 2223 1766 summi
2269 1708 2537 1784 signiferi
2582 1732 2752 1774 error

416 1823 486 1831 —
550 1791 864 1849 dicendum
923 1791 1082 1849 enim
1137 1792 1252 1866 est,
1314 1791 1475 1866 quod
1531 1791 1723 1849 sentio
1782 1820 1856 1832 -
1917 1790 2075 1849 haud
2142 1793 2262 1851 scio
2324 1812 2401 1853 an
2460 1798 2747 1876 omnium,

412 1876 628 1951 quibus
671 1875 774 1933 ille
820 1875 1233 1934 difficillimam
1285 1877 1444 1935 viam
1499 1873 1838 1951 praeeundo
1893 1876 2165 1949 aperiens
2222 1876 2512 1939 humanae
2570 1886 2751 1944 sortis

315 1977 381 2024 36
412 1980 473 2019 se
515 1979 752 2035 quoque
795 1960 1149 2036 participem
1196 1979 1322 2019 esse
1353 1960 1635 2035 ostendit,
1681 1963 1745 2018 et
1773 1961 2031 2018 maxime
2060 1962 2351 2022 mirabilis
2381 1970 2444 2024 et
2471 1966 2751 2029 funestis—

412 2047 595 2104 simus
639 2046 738 2104 sit.
812 2044 967 2104 Nam
1010 2065 1215 2104 versus
1259 2046 1365 2121 illi,
1413 2045 1630 2121 quibus
1661 2045 1715 2103 A
1728 2047 1944 2119 patae
1989 2045 2261 2121 Iuppiter
2304 2067 2461 2109 nunc
2504 2053 2747 2127 quidem

411 2130 879 2190 adhortatoriam
927 2130 1001 2188 ad
1048 2130 1394 2206 Apollinem
1441 2131 1772 2189 orationem
1815 2129 2040 2190 claudit

614 2290 617 2294 .
663 2245 752 2306 σοὶ
796 2241 853 2306 δ’
901 2242 1062 2329 αὐτῷ
1103 2243 1341 2353 μελέτω,
1388 2243 1726 2326 ἑκατηβόλε,
1772 2246 2053 2324 φαίδιμος
2081 2245 2346 2328 ’“Ἐκτωρ·

666 2330 857 2410 τόφρα
901 2325 1010 2412 γὰρ
1055 2352 1168 2391 ουν
1211 2332 1277 2391 οἱ
1312 2330 1492 2412 ἔγειρε
1534 2329 1708 2409 μένος
1752 2330 1920 2411 μέγα,
1966 2325 2106 2409 ὄφρ’
2152 2330 2233 2394 ἂν
2269 2325 2492 2414 Ἀχαιοὶ

669 2416 987 2498 φεύγοντες
1034 2408 1180 2524 viole
1223 2439 1283 2477 τε
1328 2415 1428 2476 καὶ
1464 2412 1901 2494 Ἑλλήσποντον
1946 2418 2211 2478 ἵκωνται.

667 2507 880 2562 κεῖθεν
924 2496 980 2561 δ’
1027 2524 1198 2575 αυτις
1235 2493 1354 2581 ’ἐγώ
1400 2500 1705 2581 φράσομαι
1751 2499 1923 2581 ἔργον
1965 2526 2026 2564 τε
2072 2499 2210 2576 ἔπος
2256 2527 2338 2579 τε,

667 2585 749 2660 ὥς
794 2609 858 2648 κε
903 2585 1005 2647 καὶ
1049 2579 1218 2660 αὖτις
1259 2583 1479 2666 Ἀχαιοὶ
1519 2584 1945 2648 ἀναπνεύσωσι
1987 2585 2198 2648 πόνοιο
2241 2625 2345 2668 —‚

418 2710 481 2768 hi
535 2709 724 2786 igitur
778 2727 984 2768 versus
1037 2709 1268 2768 etiamsi
1320 2711 1476 2767 recte
1532 2709 1617 2767 ibi
1673 2708 2044 2786 legerentur,
2090 2729 2240 2786 quos
2285 2713 2437 2773 male
2480 2716 2753 2779 invectos

417 2814 541 2852 esse
599 2796 717 2853 iam
762 2793 1150 2853 Alexandrini
1211 2793 1517 2869 viderunt,
1576 2793 1718 2869 quid
1776 2794 2046 2872 tandem,
2103 2798 2307 2854 utrum
2358 2807 2631 2876 pugnent
2674 2824 2755 2864 an

415 2898 537 2938 non
583 2882 857 2955 pugnent
901 2897 1034 2937 cum
1077 2879 1182 2938 illo
1228 2878 1387 2938 Iovis
1431 2880 1495 2937 in
1539 2878 2114 2954 Agamemnonis
2146 2881 2458 2942 'Aristia
2515 2892 2750 2965 nuntio,

415 2964 589 3024 nobis
647 2964 1142 3023 Lachmannianis
1198 2983 1370 3022 curae
1430 2962 1589 3022 erit?
1679 2962 1901 3023 Contra
1954 2965 2045 3023 illi
2091 2966 2252 3026 Iovis
2300 2968 2374 3026 ad
2418 2977 2755 3034 maerentes

416 3049 666 3108 Achillis
711 3068 893 3125 equos
938 3049 1208 3123 orationi,
1256 3068 1406 3125 quae
1449 3068 1592 3107 num
1638 3049 1917 3123 primitus
1949 3049 2009 3108 in
2040 3049 2445 3113 Patroclea
2490 3056 2755 3119 adfuerit

418 3153 774 3211 magnopere
819 3134 1215 3193 dubitandum
1260 3137 1378 3209 est,
1427 3133 1581 3192 male
1625 3152 1696 3192 ex
1739 3138 1945 3194 nostro
1988 3137 2191 3210 potius
2236 3140 2493 3200 carmine
2538 3143 2750 3204 adhae-

419 3219 560 3278 sisse
605 3220 753 3278 duos
796 3221 1088 3279 extremos
1131 3238 1334 3278 versus
1378 3218 1552 3277 facile
1596 3222 1797 3293 patet:

672 3361 871 3429 σφῶιν
914 3348 972 3411 δ’
1022 3350 1087 3412 ἕν
1129 3350 1407 3433 γούνεσσι
1448 3352 1615 3429 βαλῶ·
1656 3349 1832 3431 μένος
1875 3346 1971 3431 ἠδ’
2023 3351 2112 3415 ἐνὶ
2154 3360 2359 3439 θυμῷ,

675 3437 836 3517 ὄφρα
878 3435 977 3497 καὶ
1023 3431 1440 3514 Αὐτομέδοντα
1486 3436 1785 3498 σαώσετον
1829 3435 1893 3498 ἐκ
1937 3438 2211 3517 πολέμοιο

674 3531 822 3601 νῆας
868 3520 964 3583 ἔπι
1007 3520 1350 3603 γλαφυράς·
1396 3520 1479 3581 ἔτι
1520 3520 1634 3602 γάρ
1680 3538 1851 3599 σφισι
1896 3523 2080 3597 κῦδος
2124 3520 2325 3606 ὀρέξω,

672 3607 1034 3684 κτείνειν,
1082 3609 1187 3681 εἰς
1240 3606 1273 3668 ὅ
1318 3629 1397 3667 κε
1444 3616 1633 3686 νῆας
1680 3605 2143 3687 ἐυσσέλμους
2186 3607 2638 3693 ἀφίκωνται,

674 3690 821 3775 δύῃ
867 3690 920 3751 τ’
968 3686 1211 3770 ἠέλιος
1255 3692 1377 3753 καὶ
1422 3689 1548 3753 ἐπὶ
1592 3690 1877 3770 κνέφας
1925 3694 2128 3773 ἱερὸν
2170 3694 2375 3779 ἔλθῃ.

419 3830 574 3889 Nam
603 3849 712 3889 nec
743 3830 985 3890 Troiani
1030 3832 1104 3890 ad
1148 3850 1326 3891 naves
1369 3850 1555 3907 usque
1600 3833 1955 3907 perveniunt
1998 3836 2097 3892 sed
2143 3838 2373 3894 tantum
2420 3838 2496 3897 ad
2535 3841 2753 3900 fossam

421 3910 571 3994 (vid.
623 3916 673 3972 P
710 3917 855 3974 760.
909 3916 974 3975 Σ
1009 3918 1149 3975 172.
1199 3919 1340 3976 198.
1388 3918 1538 3992 215,
1598 3916 1817 3993 quibus
1877 3935 2008 3976 cum
2064 3920 2211 3979 locis
2267 3925 2471 3996 aperte
2525 3931 2757 4002 pugnat

421 4001 482 4055 Σ
510 4001 632 4059 150
678 4034 750 4043 -
798 3995 1020 4078 Ἀχαιοὶ
1064 4033 1145 4044 -
1197 4004 1207 4075 Ι
1257 3997 1577 4078 φεύγοντες
1634 3995 1783 4079 νῆάς
1826 4021 1887 4060 τε
1931 4000 2031 4061 καὶ
2076 3997 2510 4081 Ἑλλήσποντον
2552 4007 2755 4069 ἵκοντο

420 4104 626 4145 versus
670 4087 846 4145 simul
892 4106 1023 4146 cum
1067 4088 1699 4147 antecedentibus
1754 4087 1907 4166 ,male
1951 4089 2264 4170 intrusus),
2309 4111 2419 4152 nec
2465 4094 2754 4156 Troianos

422 4171 548 4244 ipse
592 4170 862 4245 Iuppiter
917 4173 993 4230 ad
1046 4191 1229 4231 naves
1283 4190 1631 4249 progressos
1674 4194 1709 4232 a
1750 4173 2003 4234 victoria
2054 4177 2459 4252 persequenda
2515 4183 2751 4257 retinet,

425 4253 526 4312 sed
573 4254 836 4314 Achilles
880 4257 1123 4316 Iunonis
1176 4259 1385 4317 nuntio
1443 4259 1732 4318 excitatus
1778 4260 1902 4319 solo
1950 4260 2206 4321 clamore
2250 4280 2371 4321 non
2416 4265 2541 4323 sine
2587 4267 2754 4326 clade

422 4339 619 4413 reicit,
676 4358 783 4398 nec
827 4341 1072 4402 Troiani
1127 4342 1202 4402 ad
1259 4344 1401 4403 solis
1458 4363 1641 4420 usque
1686 4362 1957 4406 occasum
2004 4348 2332 4406 saevientes
2376 4349 2534 4407 inter
2577 4370 2756 4412 naves

425 4428 752 4500 versantur,
802 4428 904 4484 sed
948 4427 1223 4486 Troianis
1267 4448 1336 4487 eo
1381 4429 1557 4487 modo
1602 4429 1835 4488 reiectis
1878 4434 2193 4505 postquam
2240 4433 2499 4493 Patrocli
2543 4454 2756 4512 eorpus
