3132 5129
384 2502 469 2555 30.

387 2588 472 2640 31.

384 2673 468 2724 32.

384 3118 468 3168 41.

386 3203 472 3250 42.

382 3289 468 3341 43.

380 3645 465 3695 43.

386 3731 472 3782 44.

379 3885 465 3934 45.

1339 387 1796 450 —241—

534 537 725 591 oculos
758 536 974 590 claudit
1006 537 1100 605 pal
1144 537 1318 602 ebrie,
1358 554 1497 606 quas
1520 554 1633 592 non
1659 539 1901 608 amplius
1926 540 2014 593 est
2037 539 2378 602 reclusums;
2415 539 2538 604 hoc,
2576 539 2727 604 quod

534 622 601 659 ex
640 606 722 659 rei
756 607 958 659 natura
1034 606 1262 671 etium,
1309 622 1409 660 suo
1447 622 1602 660 more
1638 606 1865 677 turgide
1909 607 2276 675 sequentibus
2312 607 2587 675 exposuit.
2648 606 2728 659 Si·

532 673 663 727 mile
701 677 813 740 est,
849 690 961 741 quo
1040 674 1270 727 Nonnus
1307 674 1483 728 habet
1517 674 1588 741 11,
1627 681 1720 729 5⁵21

698 773 1070 843 μαρναμένου
1108 771 1172 828 δὲ
1207 778 1477 845 γίγαντος
1514 772 1933 847 ἕτεφριὸθησαν
1969 773 2201 832 ὀπωπαὶ

698 843 902 915 καπνῷ
942 840 1284 910 λιγνυόεντι.

445 972 477 998 ›.
534 945 672 1013 τῆλε
707 940 846 1011 μάλ’
885 943 1003 998 cod.
1065 945 1172 999 Per
1208 962 1266 999 se
1311 946 1548 1000 fortasse
1596 948 1729 1001 ferri
1764 950 1989 1017 poterat
2023 948 2365 1016 asyndetom
2411 948 2509 1001 sed
2546 947 2602 1000 in
2640 948 2730 1002 tot

485 1012 503 1033 ⁸
532 1011 860 1097 corruptelis
896 1011 988 1065 hic
1023 1029 1272 1081 quoque,
1322 1015 1473 1081 quod
1512 1015 1773 1069 usitatius
1822 1018 1931 1082 est,
1980 1017 2246 1071 reducere
2292 1031 2403 1069 non
2450 1015 2726 1069 dubitavi.

533 1111 594 1120 —
633 1098 846 1135 τανυσε
883 1080 1002 1133 cod.

470 1210 480 1220 .
540 1164 664 1221 ἕλκε
702 1167 851 1233 cod.;
891 1166 1005 1220 vid.
1043 1166 1327 1221 Wernick.
1366 1168 1439 1222 ad
1474 1167 1846 1238 Tryphiod.
1886 1189 1941 1239 p,
1986 1176 2094 1229 154.

532 1249 850 1322 ὑπεδέχετο
887 1251 1008 1306 cod.
1068 1252 1551 1336 simplicissimum
1590 1255 1915 1321 videbatur,
1953 1256 2105 1322 quod
2130 1254 2344 1325 scripsi,
2384 1270 2726 1322 quamquam

528 1321 698 1374 etiam
736 1321 874 1386 alia,
913 1322 979 1373 ut
1013 1316 1363 1387 ὑπεδεξατο,
1401 1316 1790 1392 ὖπανὲρχετο,
1840 1317 2160 1378 ὑπεδύσετο
2197 1322 2407 1377 tentari
2443 1324 2725 1391 poterant.

529 1389 684 1442 Idem
721 1405 958 1442 acumen
976 1429 989 1445 .
1026 1391 1177 1457 quod
1202 1389 1260 1443 in
1285 1390 1656 1444 describenda
1679 1391 1873 1445 Xerxis
1897 1390 2261 1444 multitudine
2286 1390 2530 1459 primum
2558 1406 2729 1458 quae-

528 1457 696 1509 situm
732 1474 851 1511 esse
889 1473 924 1509 a.
959 1456 1279 1511 Choerilo
1317 1474 1385 1511 ex
1424 1460 1739 1526 fragmento
1784 1460 1881 1513 illo
1927 1476 2018 1544 ap.
2052 1459 2356 1512 Herodian.
2394 1478 2451 1512 π.
2491 1477 2547 1525 μ.
2586 1462 2631 1511 λ.
2671 1474 2728 1525 p.

527 1531 617 1586 13,
655 1532 687 1578 4
724 1524 990 1590 conicias,
1031 1526 1129 1579 ubi
1174 1526 1336 1593 περὶ
1375 1527 1528 1594 (sict)
1580 1524 1645 1580 δὲ
1693 1523 1909 1596 κρήνας
1954 1523 2286 1595 αρεθούσας
2319 1532 2327 1591 Ι
2357 1529 2536 1596 μυρία
2582 1522 2725 1591 φῦλ’

531 1589 792 1647 ἐδονεῖτο
817 1591 1233 1662 κολυσμήνοισι
1260 1596 1556 1662 μελι’σσαις
1578 1625 1641 1633 -
1668 1597 1818 1649 recte
1841 1594 2120 1648 intellexit
2144 1595 2474 1649 Duebnerus
2498 1594 2723 1662 (fragm.

524 1661 607 1781 ἒς
655 1660 798 1713 mira.
840 1660 1206 1714 similitudine
1265 1661 1333 1714 de
1377 1661 1573 1731 ingens
1618 1662 1890 1730 Pythonis
1946 1662 2206 1716 draconis
2252 1662 2403 1716 sitim
2453 1662 2728 1730 expressit

589 1730 778 1782 estor
813 1727 1182 1783 Larandensis
1218 1730 1277 1781 in
1317 1733 1337 1797 [
1391 1730 1632 1799 runckii]
1674 1730 1838 1790 Auel,
1876 1730 1929 1783 11
1965 1748 2020 1799 p.
2049 1737 2150 1785 344
2186 1730 2437 1798 (Anthol,
2477 1730 2600 1784 Pal.
2631 1728 2725 1796 IX,

531 1802 643 1850 129.
681 1795 824 1864 [Vol.
863 1796 916 1849 II
952 1815 1006 1866 p.
1043 1804 1110 1851 44
1147 1798 1257 1853 Iac.
1293 1798 1381 1851 ed.
1424 1798 1573 1866 alt.])

696 1916 856 2002 slya?
891 1911 954 1998 vg}
994 1914 1139 2000 uem·
1170 1915 1234 1972 τὸ
1275 1911 1332 1971 δ’
1372 1915 1601 1987 ἔμελλε,
1639 1914 1702 1971 τὸ
1740 1910 1795 1972 δ’
1836 1906 1911 1988 ἦν
1949 1916 2032 1973 ἔτι
2072 1915 2307 1988 νωθρὸν
2347 1914 2411 1972 ἐν
2448 1911 2605 1984 εὐνῇ.

693 2005 881 2053 αυταρ
917 2006 947 2039 ο
987 1986 1246 2053 διψησας
1282 1989 1521 2057 ποταμῷ
1558 1983 1827 2055 ὑπέθηκε
1864 1985 2123 2055 γένειον,

696 2055 813 2115 πᾶς
849 2050 915 2107 δ’
955 2048 1070 2120 ἄρα
1104 2053 1368 2122 Κηφισὸς
1407 2056 1541 2109 εἴσω
1578 2052 1735 2123 ῤ’έεν,
1774 2049 2056 2122 ἀργαλέον
2093 2053 2159 2108 δὲ

692 2116 992 2189 ἆνθερεών
1029 2120 1326 2189 κελάρυζε,
1362 2119 1791 2191 κατερχομένου
1828 2119 1894 2175 δὲ
1932 2120 2184 2193 ρἐέθρου

746 2188 960 2258 ηφισὸν
994 2190 1220 2244 κώκυον
1257 2186 1511 2244 ὀλωλότα
1547 2186 1796 2245 πολλάκι
1834 2189 2104 2262 Νύμφαι.

524 2290 604 2345 Cf.
641 2290 820 2346 Nonn.
862 2290 934 2357 11,
973 2297 1037 2346 53
1072 2291 1144 2344 de
1180 2290 1476 2360 Typhoeo:
2757 2298 2824 2346 23

691 2396 791 2449 καὶ
826 2387 1122 2461 ποταμοὺς
1157 2389 1380 2448 ἐκόνισε
1423 2393 1576 2449 πιὼν
1612 2388 1960 2464 ἕπιδόρπιον
1997 2387 2176 2463 ὕδωρ.

527 2490 586 2550 δ’
623 2485 700 2551 αὖ
735 2490 957 2568 πρηνής
993 2516 1056 2551 τε
1091 2495 1281 2552 πεσών
1317 2497 1440 2554 cod.

534 2578 732 2652 λαιμὸς
768 2583 890 2637 cod.
911 2623 925 2648 ,
963 2582 1076 2636 vid.
1111 2599 1164 2637 v.
1202 2600 1281 2650 sq.

523 2686 740 2737 νειερος
775 2668 932 2736 (sict)
981 2668 1129 2733 cod.,
1179 2684 1319 2724 corr.
1367 2670 1577 2748 lriarte.
1612 2699 1692 2747 ·—
1731 2662 1954 2723 ὁδεύων
2001 2668 2149 2745 (ιρὰ,
2200 2666 2351 2736 quod
2397 2668 2619 2721 retento
2665 2667 2723 2718 in

522 2736 890 2791 antecedente
927 2752 1092 2790 versu
1131 2733 1334 2804 λαιμὸς
1369 2738 1566 2791 intelle
1608 2754 1627 2789 1
1675 2737 1911 2791 deberet
1956 2738 2140 2790 active
2178 2735 2246 2789 de
2283 2735 2621 2799 ducendo,
2662 2735 2725 2788 ut

523 2804 674 2858 idem
711 2806 860 2858 esset
892 2805 1064 2871 atque
1101 2798 1358 2873 ὁδηγεῖν.
1432 2806 1553 2870 Quo
1632 2820 1757 2859 cum
1796 2803 1948 2859 omni
1986 2804 2156 2858 etiam
2193 2804 2392 2857 horum
2427 2805 2725 2871 poetarum

523 2873 648 2925 usui
692 2889 751 2926 re
797 2873 997 2939 ugnet,
1045 2872 1228 2954 λαιμῷ
1276 2875 1335 2926 et
1377 2867 1588 2928 ὁδεῦον
1650 2873 1936 2941 rescripsi,
1992 2888 2337 2940 quamquam
2385 2866 2618 2940 λαιμός,
2663 2871 2726 2923 ut

525 2941 676 3010 apud
766 2942 1009 2995 estorem
1060 2941 1387 3009 ανθερειόν,
1427 2941 1538 2995 dici
1574 2943 1764 3010 potest
1798 2957 1900 3009 per
1935 2956 1993 2993 se
2032 2938 2384 3009 κελαρύζειν.

525 3025 725 3081 λάϊνον
762 3024 928 3095 ἔργον
965 3018 1069 3080 ὑπ’
1109 3026 1233 3080 cod.

527 3109 650 3166 ἒϊδε
687 3111 810 3165 cod.

531 3193 750 3266 ἥφερεν
785 3197 933 3263 cod.;
972 3198 1267 3253 emendavi
1302 3199 1610 3252 secundum
1649 3217 1701 3253 v.
1742 3205 1824 3257 24,

521 3281 625 3335 Hic
661 3284 722 3337 et
755 3285 852 3351 qui
886 3287 1197 3361 sequuntur
1230 3301 1424 3339 versus
1458 3301 1662 3338 novem
1699 3286 1759 3338 et
1792 3283 2085 3346 dimidius,
2120 3283 2344 3350 Κύπρις
2371 3277 2719 3352 -δέδμητο,

522 3351 594 3404 ab
632 3350 865 3405 Heinsio
900 3368 1144 3418 primum
1181 3353 1239 3405 in
1277 3353 1581 3407 editionem
1619 3369 1777 3405 suam
1804 3351 2100 3406 Claudiani
2139 3353 2219 3421 [p.
2248 3357 2346 3406 807
2375 3352 2461 3408 ed.
2489 3351 2721 3404 Amstel.

526 3419 682 3488 1665]
721 3419 865 3472 illati
901 3422 1034 3473 sunt
1069 3436 1136 3473 ex
1174 3420 1457 3474 Arsenii
1505 3421 1754 3489 episcopi
1790 3419 2211 3474 Monembasiae
2246 3419 2391 3473 libro
2413 3461 2426 3485 ‚
2464 3420 2553 3473 cui
2589 3418 2721 3472 titu-

523 3484 611 3540 lus
648 3488 756 3540 est:
803 3481 1236 3557 ἀποφθέγματα
1283 3486 1492 3554 φιλοσό
1543 3508 1621 3541 ων
1668 3488 1766 3541 καὶ
1807 3490 2163 3557 στρατηγῶν,
2251 3488 2469 3557 ητόρων
2516 3506 2575 3542 τε
2623 3488 2723 3541 καὶ

528 3556 802 3624 ποιητῶν.
861 3553 1005 3607 Hinc
1039 3556 1096 3607 in
1134 3555 1219 3609 his
1254 3556 1424 3625 paulo
1460 3574 1498 3625 p
1526 3572 1653 3609 ures
1688 3556 1959 3609 habemus
1993 3555 2178 3610 varias
2237 3555 2500 3610 ectiones.

523 3629 663 3694 αὖτε
700 3641 895 3694 Arsen.
933 3669 995 3678 -
1035 3636 1187 3710 [οὐχ’
1223 3631 1403 3695 ὅπλον
1439 3641 1581 3710 cod.]

529 3721 722 3794 αὐδὴν
756 3727 982 3789 Arsen.‚
1019 3718 1210 3795 αὐγὴν
1245 3727 1388 3793 cod„
1426 3724 1639 3796 αἰγλὴν
1675 3728 1815 3781 coni.
1842 3726 2165 3781 Torodaens
2201 3726 2352 3796 apud
2376 3725 2721 3793 Pyrrhonem

521 3794 593 3847 ab
630 3793 832 3848 Iriarte
871 3792 1180 3852 laudatum.

522 3879 749 3946 πρῶτον
785 3878 906 3933 cod.
942 3909 1007 3918 -
1043 3875 1121 3935 πό
1161 3900 1228 3934 ον
1263 3880 1385 3937 cod.
1413 3911 1473 3921 -
1503 3882 1826 3948 διεκρίνετο
1864 3879 2004 3946 cod„
2044 3880 2300 3946 διέκρινε
2339 3880 2549 3942 Arsen„
2591 3880 2718 3932 δια-

520 3948 759 4015 κρίνατο
796 3946 1090 4016 Heinsius,
1169 3950 1461 4017 ιεκρίνατο
1498 3947 1794 4001 Gesnerus.
1833 3977 1888 3986 —-
1933 3940 2225 4010 ἀπλεκτὰς
2261 3945 2401 4000 coni.
2437 3945 2669 4013 Pyrrho.

459 4071 471 4082 .
530 4031 731 4099 ἔσφιξε
770 4033 889 4087 cod.
929 4063 995 4072 —
1030 4033 1163 4102 περὶ
1199 4032 1481 4103 πλέγματι
1521 4033 1642 4088 cod.
1681 4065 1747 4072 -
1785 4030 2010 4099 σειρεύς
2046 4033 2245 4089 Arsen.

379 4124 463 4173 47.

519 4120 742 4189 στίλβεῖ
776 4119 898 4172 cod.
936 4121 995 4172 et
1031 4123 1249 4184 Arsen.;
1296 4121 1496 4190 στίλβῃ
1529 4120 1674 4177 coni.
1710 4118 1954 4187 Pyrrho,
1991 4117 2246 4187 cogitans
2281 4117 2351 4169 de
2390 4116 2629 4185 fuligine
2665 4135 2718 4174 v.

517 4187 711 4253 stibio,
759 4203 871 4255 quo
916 4187 1218 4257 palpebras
1262 4188 1525 4241 mulieres
1581 4187 1773 4241 fucare
1822 4186 2096 4240 solebant.
2173 4184 2257 4238 De
2300 4201 2361 4238 re
2408 4187 2546 4238 nota.
2589 4188 2721 4240 sunt

519 4255 733 4320 omnia,
779 4254 879 4309 sed
925 4255 1216 4321 quaeritur
1260 4256 1332 4309 de
1376 4256 1575 4309 forma.
1651 4254 1970 4309 Secundum
2085 4251 2516 4307 ammaticorum
2562 4255 2722 4307 nota·

517 4324 726 4389 tiones,
815 4338 914 4376 uas
964 4331 1224 4377 accurate
1272 4324 1633 4377 contulerunt
1674 4323 1856 4392 intpp.
1904 4321 1977 4375 ad
2057 4337 2261 4390 ragm.
2310 4320 2497 4374 Ionis
2532 4319 2584 4373 X
2630 4322 2718 4374 ed.

518 4390 723 4468 Wagn.
774 4339 921 4509 ξΤιτ.
971 4390 1089 4445 Grr.
1141 4392 1234 4445 frr.
1321 4435 1331 4445 .
1371 4398 1467 4445 571
1515 4391 1772 4469 Nau01543
1828 4393 1887 4444 et
1922 4390 2157 4511 attufit?
2200 4390 2562 4474 0¹³,thb‘fflt‘5‘
2611 4387 2719 4466 dici

515 4460 716 4527 potuit,
817 4456 934 4511 llud
979 4461 1214 4528 propter
1249 4458 1289 4512 11
1332 4476 1520 4526 rorum
1568 4460 1809 4528 vestigia.
1856 4458 2059 4526 praeta
2107 4499 2118 4511 .
2191 4458 2385 4527 στιβη,
2431 4456 2586 4524 quod
2630 4456 2721 4509 hio

482 4553 731 4602 Kochly.
760 4552 1007 4594 Schriften.
1053 4554 1093 4592 1.
1774 4577 1781 4586 ·
2255 4546 2314 4594 16
