<?xml version="1.0" encoding="UTF-8"?>
<!DOCTYPE html PUBLIC "-//W3C//DTD XHTML 1.0 Transitional//EN"
    "http://www.w3.org/TR/xhtml1/DTD/xhtml1-transitional.dtd">
<html xmlns="http://www.w3.org/1999/xhtml" xml:lang="en" lang="en">
 <head>
  <title>
</title>
<meta http-equiv="Content-Type" content="text/html;charset=utf-8" />
  <meta name='ocr-system' content='tesseract 3.04.00' />
  <meta name='ocr-capabilities' content='ocr_page ocr_carea ocr_par ocr_line ocrx_word'/>
</head>
<body>
  <div class='ocr_page' id='page_1' title='image "./opusculaphilolo00koecgoog_0496.png"; bbox 0 0 3132 5129; ppageno 0'>
   <div class='ocr_carea' id='block_1_1' title="bbox 1394 389 1851 453">
    <p class='ocr_par' dir='ltr' id='par_1_1' title="bbox 1394 389 1851 453">
     <span class='ocr_line' id='line_1_1' title="bbox 1394 389 1851 453; baseline -0.002 0"><span class='ocrx_word' id='word_1_1' title='bbox 1394 389 1851 453; x_wconf 85' lang='lat'>—484—</span> 
     </span>
    </p>
   </div>
   <div class='ocr_carea' id='block_1_2' title="bbox 358 545 2808 4526">
    <p class='ocr_par' dir='ltr' id='par_1_2' title="bbox 358 545 2808 4526">
     <span class='ocr_line' id='line_1_2' title="bbox 461 545 2796 622; baseline -0.001 -17"><span class='ocrx_word' id='word_1_2' title='bbox 461 547 775 618; x_wconf 74' lang='lat' dir='ltr'>Quaeritur</span> <span class='ocrx_word' id='word_1_3' title='bbox 818 547 964 622; x_wconf 88' lang='lat' dir='ltr'><strong>iam,</strong></span> <span class='ocrx_word' id='word_1_4' title='bbox 1010 566 1154 605; x_wconf 89' lang='lat' dir='ltr'><strong>num</strong></span> <span class='ocrx_word' id='word_1_5' title='bbox 1200 547 1411 622; x_wconf 90' lang='lat' dir='ltr'><strong>etiam,</strong></span> <span class='ocrx_word' id='word_1_6' title='bbox 1471 547 1523 605; x_wconf 87' lang='lat' dir='ltr'><strong>si</strong></span> <span class='ocrx_word' id='word_1_7' title='bbox 1566 564 1765 605; x_wconf 90' lang='lat' dir='ltr'><strong>rerum</strong></span> <span class='ocrx_word' id='word_1_8' title='bbox 1810 545 2357 620; x_wconf 71' lang='lat' dir='ltr'><strong>sententiarumque</strong></span> <span class='ocrx_word' id='word_1_9' title='bbox 2400 563 2616 602; x_wconf 84' lang='lat' dir='ltr'><strong>nexum</strong></span> <span class='ocrx_word' id='word_1_10' title='bbox 2661 563 2796 603; x_wconf 89' lang='lat' dir='ltr'><strong>con·</strong></span> 
     </span>
     <span class='ocr_line' id='line_1_3' title="bbox 458 630 2796 707; baseline -0.002 -15"><span class='ocrx_word' id='word_1_11' title='bbox 458 633 814 707; x_wconf 83' lang='lat' dir='ltr'><strong>sideramus,</strong></span> <span class='ocrx_word' id='word_1_12' title='bbox 874 651 1109 691; x_wconf 85' lang='lat' dir='ltr'><strong>carmen</strong></span> <span class='ocrx_word' id='word_1_13' title='bbox 1166 650 1277 707; x_wconf 93' lang='lat' dir='ltr'><strong>pro</strong></span> <span class='ocrx_word' id='word_1_14' title='bbox 1333 649 1451 690; x_wconf 90' lang='lat' dir='ltr'><strong>uno</strong></span> <span class='ocrx_word' id='word_1_15' title='bbox 1496 634 1559 690; x_wconf 90' lang='lat' dir='ltr'><strong>et</strong></span> <span class='ocrx_word' id='word_1_16' title='bbox 1603 630 1861 705; x_wconf 86' lang='lat' dir='ltr'><strong>simplici</strong></span> <span class='ocrx_word' id='word_1_17' title='bbox 1904 631 2109 689; x_wconf 86' lang='lat' dir='ltr'><strong>haberi</strong></span> <span class='ocrx_word' id='word_1_18' title='bbox 2150 630 2341 706; x_wconf 88' lang='lat' dir='ltr'><strong>possit</strong></span> <span class='ocrx_word' id='word_1_19' title='bbox 2396 648 2472 688; x_wconf 85' lang='lat' dir='ltr'><strong>an</strong></span> <span class='ocrx_word' id='word_1_20' title='bbox 2528 630 2796 705; x_wconf 80' lang='lat' dir='ltr'><strong>duplices</strong></span> 
     </span>
     <span class='ocr_line' id='line_1_4' title="bbox 460 714 2797 793; baseline -0.002 -17"><span class='ocrx_word' id='word_1_21' title='bbox 460 718 865 793; x_wconf 86' lang='lat' dir='ltr'><strong>repraesentet</strong></span> <span class='ocrx_word' id='word_1_22' title='bbox 907 717 1289 792; x_wconf 88' lang='lat' dir='ltr'><strong>diversosque</strong></span> <span class='ocrx_word' id='word_1_23' title='bbox 1334 717 1645 775; x_wconf 90' lang='lat' dir='ltr'><strong>amborum</strong></span> <span class='ocrx_word' id='word_1_24' title='bbox 1674 718 1982 774; x_wconf 89' lang='lat' dir='ltr'><strong>cantorum</strong></span> <span class='ocrx_word' id='word_1_25' title='bbox 2013 734 2228 774; x_wconf 91' lang='lat' dir='ltr'><strong>mores.</strong></span> <span class='ocrx_word' id='word_1_26' title='bbox 2301 714 2547 775; x_wconf 85' lang='lat' dir='ltr'><strong>Initium</strong></span> <span class='ocrx_word' id='word_1_27' title='bbox 2580 714 2797 772; x_wconf 89' lang='lat' dir='ltr'><strong>facien-</strong></span> 
     </span>
     <span class='ocr_line' id='line_1_5' title="bbox 456 789 2798 877; baseline -0.003 -17"><span class='ocrx_word' id='word_1_28' title='bbox 456 802 599 860; x_wconf 90' lang='lat' dir='ltr'><strong>dum</strong></span> <span class='ocrx_word' id='word_1_29' title='bbox 642 822 677 859; x_wconf 90' lang='lat' dir='ltr'><strong>a</strong></span> <span class='ocrx_word' id='word_1_30' title='bbox 718 822 773 861; x_wconf 91' lang='lat' dir='ltr'><strong>v.</strong></span> <span class='ocrx_word' id='word_1_31' title='bbox 819 803 876 876; x_wconf 87' lang='lat'><strong>3,</strong></span> <span class='ocrx_word' id='word_1_32' title='bbox 939 801 1044 859; x_wconf 83' lang='lat' dir='ltr'><strong>ubi</strong></span> <span class='ocrx_word' id='word_1_33' title='bbox 1088 802 1303 860; x_wconf 86' lang='lat' dir='ltr'><strong>collato</strong></span> <span class='ocrx_word' id='word_1_34' title='bbox 1350 801 1528 875; x_wconf 86' lang='lat' dir='ltr'><strong>V1,2</strong></span> <span class='ocrx_word' id='word_1_35' title='bbox 1563 821 1649 877; x_wconf 88' lang='lat' dir='ltr'><strong>sq.</strong></span> <span class='ocrx_word' id='word_1_36' title='bbox 1695 822 1769 877; x_wconf 86' lang='grc' dir='ltr'><strong>ης</strong></span> <span class='ocrx_word' id='word_1_37' title='bbox 1814 791 1877 856; x_wconf 82' lang='grc' dir='ltr'><strong>δ’</strong></span> <span class='ocrx_word' id='word_1_38' title='bbox 1925 790 1957 857; x_wconf 82' lang='grc' dir='ltr'>ὃ</span> <span class='ocrx_word' id='word_1_39' title='bbox 1998 795 2108 876; x_wconf 82' lang='grc' dir='ltr'><strong>μὲν</strong></span> <span class='ocrx_word' id='word_1_40' title='bbox 2150 792 2356 857; x_wconf 76' lang='grc' dir='ltr'><em>αὐτῶν</em></span> <span class='ocrx_word' id='word_1_41' title='bbox 2393 800 2403 875; x_wconf 84' lang='grc' dir='ltr'>Ι</span> <span class='ocrx_word' id='word_1_42' title='bbox 2441 789 2701 875; x_wconf 77' lang='grc' dir='ltr'><strong><em>πυρρός,</em></strong></span> <span class='ocrx_word' id='word_1_43' title='bbox 2757 794 2798 854; x_wconf 72' lang='grc' dir='ltr'><strong>δ’</strong></span> 
     </span>
     <span class='ocr_line' id='line_1_6' title="bbox 358 846 2799 962; baseline 0 -21"><span class='ocrx_word' id='word_1_44' title='bbox 358 895 425 942; x_wconf 82' lang='lat'><strong>20</strong></span> <span class='ocrx_word' id='word_1_45' title='bbox 454 878 517 944; x_wconf 81' lang='grc' dir='ltr'><strong>δ’</strong></span> <span class='ocrx_word' id='word_1_46' title='bbox 578 846 912 962; x_wconf 78' lang='grc' dir='ltr'><strong>ἡμιγένειος</strong></span> <span class='ocrx_word' id='word_1_47' title='bbox 965 886 1085 944; x_wconf 91' lang='lat' dir='ltr'><strong>iam</strong></span> <span class='ocrx_word' id='word_1_48' title='bbox 1142 886 1244 944; x_wconf 87' lang='lat' dir='ltr'><strong>alii</strong></span> <span class='ocrx_word' id='word_1_49' title='bbox 1295 884 1669 961; x_wconf 77' lang='grc' dir='ltr'><strong><em>πυρρὸτρίχω</em></strong></span> <span class='ocrx_word' id='word_1_50' title='bbox 1723 886 1796 943; x_wconf 89' lang='lat' dir='ltr'><strong>de</strong></span> <span class='ocrx_word' id='word_1_51' title='bbox 1851 885 2044 960; x_wconf 89' lang='lat' dir='ltr'><strong>prima</strong></span> <span class='ocrx_word' id='word_1_52' title='bbox 2108 884 2458 944; x_wconf 89' lang='lat' dir='ltr'><strong>flavescente</strong></span> <span class='ocrx_word' id='word_1_53' title='bbox 2513 885 2799 960; x_wconf 81' lang='lat' dir='ltr'><strong>lanugine</strong></span> 
     </span>
     <span class='ocr_line' id='line_1_7' title="bbox 461 968 2796 1067; baseline -0.002 -38"><span class='ocrx_word' id='word_1_54' title='bbox 461 971 933 1047; x_wconf 85' lang='lat' dir='ltr'><strong>intellegendum</strong></span> <span class='ocrx_word' id='word_1_55' title='bbox 961 974 1144 1067; x_wconf 87' lang='lat' dir='ltr'><strong>atque</strong></span> <span class='ocrx_word' id='word_1_56' title='bbox 1173 971 1425 1046; x_wconf 88' lang='lat' dir='ltr'><strong>proinde</strong></span> <span class='ocrx_word' id='word_1_57' title='bbox 1455 972 1681 1029; x_wconf 89' lang='lat' dir='ltr'><strong>variam</strong></span> <span class='ocrx_word' id='word_1_58' title='bbox 1713 970 2074 1029; x_wconf 90' lang='lat' dir='ltr'><strong>lectionem</strong></span> <span class='ocrx_word' id='word_1_59' title='bbox 2059 989 2123 1029; x_wconf 88' lang='lat' dir='ltr'><strong>m</strong></span> <span class='ocrx_word' id='word_1_60' title='bbox 2153 968 2409 1045; x_wconf 77' lang='lat' dir='ltr'><strong>scholiiS,</strong></span> <span class='ocrx_word' id='word_1_61' title='bbox 2440 971 2508 1026; x_wconf 86' lang='lat' dir='ltr'><strong>ut</strong></span> <span class='ocrx_word' id='word_1_62' title='bbox 2537 968 2796 1041; x_wconf 89' lang='lat' dir='ltr'><strong>videtur,</strong></span> 
     </span>
     <span class='ocr_line' id='line_1_8' title="bbox 462 1046 2797 1131; baseline -0.002 -16"><span class='ocrx_word' id='word_1_63' title='bbox 462 1059 849 1115; x_wconf 76' lang='lat' dir='ltr'><strong>memoratam</strong></span> <span class='ocrx_word' id='word_1_64' title='bbox 898 1046 1116 1131; x_wconf 76' lang='grc' dir='ltr'><em>ἕνᾶβω</em></span> <span class='ocrx_word' id='word_1_65' title='bbox 1157 1055 1587 1115; x_wconf 87' lang='lat' dir='ltr'><strong>restituendam</strong></span> <span class='ocrx_word' id='word_1_66' title='bbox 1632 1058 2022 1128; x_wconf 84' lang='lat' dir='ltr'><strong>monuerunt3</strong></span> <span class='ocrx_word' id='word_1_67' title='bbox 2081 1073 2190 1113; x_wconf 88' lang='lat' dir='ltr'><strong>nec</strong></span> <span class='ocrx_word' id='word_1_68' title='bbox 2244 1053 2421 1112; x_wconf 90' lang='lat' dir='ltr'><strong>aliter</strong></span> <span class='ocrx_word' id='word_1_69' title='bbox 2463 1052 2797 1128; x_wconf 84' lang='lat' dir='ltr'><strong>Vergilium</strong></span> 
     </span>
     <span class='ocr_line' id='line_1_9' title="bbox 463 1137 2796 1216; baseline -0.001 -18"><span class='ocrx_word' id='word_1_70' title='bbox 463 1142 657 1199; x_wconf 90' lang='lat' dir='ltr'><strong>locum</strong></span> <span class='ocrx_word' id='word_1_71' title='bbox 704 1141 1067 1201; x_wconf 85' lang='lat' dir='ltr'><strong>intellexisse</strong></span> <span class='ocrx_word' id='word_1_72' title='bbox 1110 1160 1182 1199; x_wconf 85' lang='lat' dir='ltr'><strong>ex</strong></span> <span class='ocrx_word' id='word_1_73' title='bbox 1226 1140 1557 1200; x_wconf 85' lang='lat' dir='ltr'><strong>imitatione</strong></span> <span class='ocrx_word' id='word_1_74' title='bbox 1603 1140 1863 1216; x_wconf 88' lang='lat' dir='ltr'><strong>„ambo</strong></span> <span class='ocrx_word' id='word_1_75' title='bbox 1923 1139 2296 1198; x_wconf 83' lang='lat' dir='ltr'><strong>florentes</strong></span> <span class='ocrx_word' id='word_1_76' title='bbox 2352 1137 2796 1197; x_wconf 85' lang='lat' dir='ltr'><strong>aetatibus“</strong></span> 
     </span>
     <span class='ocr_line' id='line_1_10' title="bbox 462 1218 2802 1320; baseline -0.001 -37"><span class='ocrx_word' id='word_1_77' title='bbox 462 1228 651 1320; x_wconf 84' lang='lat' dir='ltr'><strong>eclog.</strong></span> <span class='ocrx_word' id='word_1_78' title='bbox 684 1225 820 1300; x_wconf 86' lang='lat' dir='ltr'><strong>VII,</strong></span> <span class='ocrx_word' id='word_1_79' title='bbox 853 1227 893 1283; x_wconf 88' lang='grc'>4</span> <span class='ocrx_word' id='word_1_80' title='bbox 938 1228 1120 1302; x_wconf 87' lang='lat' dir='ltr'><strong>patet.</strong></span> <span class='ocrx_word' id='word_1_81' title='bbox 1195 1225 1556 1284; x_wconf 89' lang='lat' dir='ltr'><strong>Insolentior</strong></span> <span class='ocrx_word' id='word_1_82' title='bbox 1600 1226 1794 1285; x_wconf 81' lang='lat' dir='ltr'><strong>forma</strong></span> <span class='ocrx_word' id='word_1_83' title='bbox 1838 1218 2053 1297; x_wconf 76' lang='grc' dir='ltr'><em>ἐνοὲβω,</em></span> <span class='ocrx_word' id='word_1_84' title='bbox 2098 1243 2205 1299; x_wconf 93' lang='lat' dir='ltr'><strong>pro</strong></span> <span class='ocrx_word' id='word_1_85' title='bbox 2250 1242 2368 1299; x_wconf 87' lang='lat' dir='ltr'><strong>qua</strong></span> <span class='ocrx_word' id='word_1_86' title='bbox 2413 1222 2677 1299; x_wconf 87' lang='lat' dir='ltr'><strong>vulgaris</strong></span> <span class='ocrx_word' id='word_1_87' title='bbox 2709 1226 2802 1281; x_wconf 88' lang='lat' dir='ltr'><strong>est</strong></span> 
     </span>
     <span class='ocr_line' id='line_1_11' title="bbox 461 1301 2800 1388; baseline -0 -22"><span class='ocrx_word' id='word_1_88' title='bbox 461 1301 703 1388; x_wconf 74' lang='grc' dir='ltr'><strong><em>ἐφήβου,</em></strong></span> <span class='ocrx_word' id='word_1_89' title='bbox 750 1330 820 1369; x_wconf 84' lang='lat' dir='ltr'><strong>ex</strong></span> <span class='ocrx_word' id='word_1_90' title='bbox 860 1310 933 1386; x_wconf 93' lang='lat' dir='ltr'><strong>V,</strong></span> <span class='ocrx_word' id='word_1_91' title='bbox 982 1312 1061 1369; x_wconf 88' lang='grc'><strong>87</strong></span> <span class='ocrx_word' id='word_1_92' title='bbox 1107 1312 1341 1368; x_wconf 87' lang='lat' dir='ltr'><strong>mutata</strong></span> <span class='ocrx_word' id='word_1_93' title='bbox 1384 1329 1512 1371; x_wconf 82' lang='lat' dir='ltr'><strong>esse</strong></span> <span class='ocrx_word' id='word_1_94' title='bbox 1555 1310 1812 1370; x_wconf 88' lang='lat' dir='ltr'><strong>videtur.</strong></span> <span class='ocrx_word' id='word_1_95' title='bbox 1899 1306 2123 1377; x_wconf 82' lang='lat' dir='ltr'><strong>Quodsi</strong></span> <span class='ocrx_word' id='word_1_96' title='bbox 2177 1308 2330 1366; x_wconf 89' lang='lat' dir='ltr'><strong>illud</strong></span> <span class='ocrx_word' id='word_1_97' title='bbox 2373 1307 2532 1383; x_wconf 90' lang='lat' dir='ltr'><strong>quod</strong></span> <span class='ocrx_word' id='word_1_98' title='bbox 2575 1308 2636 1366; x_wconf 90' lang='lat' dir='ltr'><strong>in</strong></span> <span class='ocrx_word' id='word_1_99' title='bbox 2680 1306 2800 1365; x_wconf 85' lang='lat' dir='ltr'><strong>fine</strong></span> 
     </span>
     <span class='ocr_line' id='line_1_12' title="bbox 462 1385 2799 1491; baseline -0.002 -37"><span class='ocrx_word' id='word_1_100' title='bbox 462 1396 685 1472; x_wconf 87' lang='lat' dir='ltr'><strong>legitur</strong></span> <span class='ocrx_word' id='word_1_101' title='bbox 738 1391 1074 1472; x_wconf 74' lang='grc' dir='ltr'><strong><em>ἄκρηβος</em></strong></span> <span class='ocrx_word' id='word_1_102' title='bbox 1133 1385 1263 1453; x_wconf 75' lang='grc' dir='ltr'><strong>ἔων</strong></span> <span class='ocrx_word' id='word_1_103' title='bbox 1317 1390 1421 1451; x_wconf 73' lang='grc' dir='ltr'><strong>ἔτι</strong></span> <span class='ocrx_word' id='word_1_104' title='bbox 1480 1393 1691 1453; x_wconf 80' lang='grc' dir='ltr'><strong><em>Ναΐδα</em></strong></span> <span class='ocrx_word' id='word_1_105' title='bbox 1744 1398 1932 1491; x_wconf 50' lang='grc' dir='ltr'><em>γᾶμξν</em></span> <span class='ocrx_word' id='word_1_106' title='bbox 1989 1394 2557 1469; x_wconf 60' lang='lat' dir='ltr'><strong>comparaverimus»,</strong></span> <span class='ocrx_word' id='word_1_107' title='bbox 2626 1392 2799 1450; x_wconf 86' lang='lat' dir='ltr'><strong>facile</strong></span> 
     </span>
     <span class='ocr_line' id='line_1_13' title="bbox 460 1477 2800 1557; baseline -0.002 -19"><span class='ocrx_word' id='word_1_108' title='bbox 460 1481 882 1557; x_wconf 87' lang='lat' dir='ltr'><strong>intellegemus</strong></span> <span class='ocrx_word' id='word_1_109' title='bbox 939 1499 974 1537; x_wconf 87' lang='lat' dir='ltr'><strong>a</strong></span> <span class='ocrx_word' id='word_1_110' title='bbox 1027 1484 1205 1555; x_wconf 91' lang='lat' dir='ltr'><strong>poeta</strong></span> <span class='ocrx_word' id='word_1_111' title='bbox 1257 1479 1650 1539; x_wconf 89' lang='lat' dir='ltr'><strong>subtilissimo</strong></span> <span class='ocrx_word' id='word_1_112' title='bbox 1708 1479 1908 1555; x_wconf 90' lang='lat' dir='ltr'><strong>pueris</strong></span> <span class='ocrx_word' id='word_1_113' title='bbox 1963 1497 2092 1536; x_wconf 88' lang='lat' dir='ltr'><strong>eam</strong></span> <span class='ocrx_word' id='word_1_114' title='bbox 2150 1477 2409 1537; x_wconf 85' lang='lat' dir='ltr'><strong>adscribi</strong></span> <span class='ocrx_word' id='word_1_115' title='bbox 2453 1477 2800 1552; x_wconf 86' lang='lat' dir='ltr'><strong>incipientis</strong></span> 
     </span>
     <span class='ocr_line' id='line_1_14' title="bbox 461 1564 2802 1641; baseline -0.002 -17"><span class='ocrx_word' id='word_1_116' title='bbox 461 1566 797 1640; x_wconf 86' lang='lat' dir='ltr'><strong>pubertatis</strong></span> <span class='ocrx_word' id='word_1_117' title='bbox 855 1565 1204 1640; x_wconf 83' lang='lat' dir='ltr'><strong>aetatulam,</strong></span> <span class='ocrx_word' id='word_1_118' title='bbox 1263 1583 1380 1640; x_wconf 89' lang='lat' dir='ltr'><strong>qua</strong></span> <span class='ocrx_word' id='word_1_119' title='bbox 1433 1566 1614 1639; x_wconf 90' lang='lat' dir='ltr'><strong>primi</strong></span> <span class='ocrx_word' id='word_1_120' title='bbox 1671 1564 1964 1641; x_wconf 84' lang='lat' dir='ltr'><strong>cupidinis</strong></span> <span class='ocrx_word' id='word_1_121' title='bbox 2020 1580 2303 1622; x_wconf 83' lang='lat' dir='ltr'><strong>venereae</strong></span> <span class='ocrx_word' id='word_1_122' title='bbox 2359 1581 2568 1621; x_wconf 88' lang='lat' dir='ltr'><strong>sensus</strong></span> <span class='ocrx_word' id='word_1_123' title='bbox 2623 1565 2802 1636; x_wconf 89' lang='lat' dir='ltr'><strong>atque</strong></span> 
     </span>
     <span class='ocr_line' id='line_1_15' title="bbox 462 1645 2799 1725; baseline -0.002 -17"><span class='ocrx_word' id='word_1_124' title='bbox 462 1650 692 1708; x_wconf 89' lang='lat' dir='ltr'><strong>stimuli</strong></span> <span class='ocrx_word' id='word_1_125' title='bbox 748 1651 809 1708; x_wconf 90' lang='lat' dir='ltr'><strong>in</strong></span> <span class='ocrx_word' id='word_1_126' title='bbox 868 1667 1112 1725; x_wconf 91' lang='lat' dir='ltr'><strong>corpore</strong></span> <span class='ocrx_word' id='word_1_127' title='bbox 1169 1649 1604 1708; x_wconf 88' lang='lat' dir='ltr'><strong>intumescente</strong></span> <span class='ocrx_word' id='word_1_128' title='bbox 1661 1650 2013 1708; x_wconf 84' lang='lat' dir='ltr'><strong>excitantur.</strong></span> <span class='ocrx_word' id='word_1_129' title='bbox 2103 1646 2286 1707; x_wconf 83' lang='lat' dir='ltr'><strong>Cuius</strong></span> <span class='ocrx_word' id='word_1_130' title='bbox 2348 1647 2437 1705; x_wconf 91' lang='lat' dir='ltr'><strong>rei</strong></span> <span class='ocrx_word' id='word_1_131' title='bbox 2502 1645 2799 1721; x_wconf 81' lang='lat' dir='ltr'><strong>duplicem</strong></span> 
     </span>
     <span class='ocr_line' id='line_1_16' title="bbox 463 1730 2801 1809; baseline -0.003 -16"><span class='ocrx_word' id='word_1_132' title='bbox 463 1754 718 1809; x_wconf 90' lang='lat' dir='ltr'><strong>eumque</strong></span> <span class='ocrx_word' id='word_1_133' title='bbox 774 1734 1077 1792; x_wconf 88' lang='lat' dir='ltr'><strong>diversum</strong></span> <span class='ocrx_word' id='word_1_134' title='bbox 1134 1735 1198 1792; x_wconf 90' lang='lat' dir='ltr'><strong>in</strong></span> <span class='ocrx_word' id='word_1_135' title='bbox 1255 1733 1711 1793; x_wconf 86' lang='lat' dir='ltr'><strong>adolescentulis</strong></span> <span class='ocrx_word' id='word_1_136' title='bbox 1764 1735 2079 1794; x_wconf 90' lang='lat' dir='ltr'><strong>observare</strong></span> <span class='ocrx_word' id='word_1_137' title='bbox 2134 1732 2277 1791; x_wconf 91' lang='lat' dir='ltr'><strong>licet</strong></span> <span class='ocrx_word' id='word_1_138' title='bbox 2328 1732 2631 1791; x_wconf 78' lang='lat' dir='ltr'><strong>effectumz</strong></span> <span class='ocrx_word' id='word_1_139' title='bbox 2697 1730 2801 1788; x_wconf 89' lang='lat' dir='ltr'><strong>alii</strong></span> 
     </span>
     <span class='ocr_line' id='line_1_17' title="bbox 465 1815 2800 1895; baseline -0.002 -19"><span class='ocrx_word' id='word_1_140' title='bbox 465 1819 624 1876; x_wconf 91' lang='lat' dir='ltr'><strong>euim</strong></span> <span class='ocrx_word' id='word_1_141' title='bbox 669 1817 811 1894; x_wconf 90' lang='lat' dir='ltr'><strong>quid</strong></span> <span class='ocrx_word' id='word_1_142' title='bbox 856 1837 1053 1891; x_wconf 85' lang='lat' dir='ltr'><strong>secum</strong></span> <span class='ocrx_word' id='word_1_143' title='bbox 1098 1822 1310 1895; x_wconf 87' lang='lat' dir='ltr'><strong>agatur</strong></span> <span class='ocrx_word' id='word_1_144' title='bbox 1352 1837 1594 1893; x_wconf 90' lang='lat' dir='ltr'><strong>prorsus</strong></span> <span class='ocrx_word' id='word_1_145' title='bbox 1624 1820 1818 1895; x_wconf 86' lang='lat' dir='ltr'><strong>ignari</strong></span> <span class='ocrx_word' id='word_1_146' title='bbox 1849 1820 2028 1894; x_wconf 86' lang='lat' dir='ltr'><strong>atque</strong></span> <span class='ocrx_word' id='word_1_147' title='bbox 2060 1818 2437 1876; x_wconf 89' lang='lat' dir='ltr'><strong>sanctissima</strong></span> <span class='ocrx_word' id='word_1_148' title='bbox 2464 1816 2601 1891; x_wconf 88' lang='lat' dir='ltr'><strong>puri</strong></span> <span class='ocrx_word' id='word_1_149' title='bbox 2631 1815 2800 1873; x_wconf 90' lang='lat' dir='ltr'><strong>inno-</strong></span> 
     </span>
     <span class='ocr_line' id='line_1_18' title="bbox 466 1900 2798 1979; baseline -0.002 -19"><span class='ocrx_word' id='word_1_150' title='bbox 466 1903 663 1961; x_wconf 86' lang='lat' dir='ltr'><strong>centia</strong></span> <span class='ocrx_word' id='word_1_151' title='bbox 708 1921 943 1961; x_wconf 88' lang='lat' dir='ltr'><strong>omnem</strong></span> <span class='ocrx_word' id='word_1_152' title='bbox 986 1903 1322 1979; x_wconf 89' lang='lat' dir='ltr'><strong>puellarum</strong></span> <span class='ocrx_word' id='word_1_153' title='bbox 1380 1907 1759 1979; x_wconf 88' lang='lat' dir='ltr'><strong>conspectum</strong></span> <span class='ocrx_word' id='word_1_154' title='bbox 1813 1904 2270 1977; x_wconf 84' lang='lat' dir='ltr'><strong>contactumque</strong></span> <span class='ocrx_word' id='word_1_155' title='bbox 2326 1902 2545 1976; x_wconf 88' lang='lat' dir='ltr'><strong>vitant,</strong></span> <span class='ocrx_word' id='word_1_156' title='bbox 2604 1900 2798 1959; x_wconf 91' lang='lat' dir='ltr'><strong>subti-</strong></span> 
     </span>
     <span class='ocr_line' id='line_1_19' title="bbox 467 1985 2803 2063; baseline -0.001 -19"><span class='ocrx_word' id='word_1_157' title='bbox 467 1988 608 2046; x_wconf 87' lang='lat' dir='ltr'><strong>midi</strong></span> <span class='ocrx_word' id='word_1_158' title='bbox 654 1989 831 2063; x_wconf 91' lang='lat' dir='ltr'><strong>atque</strong></span> <span class='ocrx_word' id='word_1_159' title='bbox 874 1987 1093 2063; x_wconf 88' lang='lat' dir='ltr'><strong>pudici,</strong></span> <span class='ocrx_word' id='word_1_160' title='bbox 1140 2006 1499 2063; x_wconf 88' lang='lat' dir='ltr'><strong>quamquam</strong></span> <span class='ocrx_word' id='word_1_161' title='bbox 1547 1988 1642 2048; x_wconf 91' lang='lat' dir='ltr'><strong>vel</strong></span> <span class='ocrx_word' id='word_1_162' title='bbox 1686 1988 1858 2047; x_wconf 90' lang='lat' dir='ltr'><strong>inscii</strong></span> <span class='ocrx_word' id='word_1_163' title='bbox 1901 1991 2080 2062; x_wconf 86' lang='lat' dir='ltr'><strong>atque</strong></span> <span class='ocrx_word' id='word_1_164' title='bbox 2111 1986 2287 2045; x_wconf 90' lang='lat' dir='ltr'><strong>inviti</strong></span> <span class='ocrx_word' id='word_1_165' title='bbox 2320 1985 2618 2044; x_wconf 89' lang='lat' dir='ltr'><strong>interdum</strong></span> <span class='ocrx_word' id='word_1_166' title='bbox 2649 1985 2803 2043; x_wconf 91' lang='lat' dir='ltr'><strong>obli·</strong></span> 
     </span>
     <span class='ocr_line' id='line_1_20' title="bbox 468 2069 2803 2148; baseline -0.002 -17"><span class='ocrx_word' id='word_1_167' title='bbox 468 2092 616 2148; x_wconf 92' lang='lat' dir='ltr'><strong>quos</strong></span> <span class='ocrx_word' id='word_1_168' title='bbox 662 2072 918 2148; x_wconf 82' lang='lat' dir='ltr'><strong>fugitive</strong></span> <span class='ocrx_word' id='word_1_169' title='bbox 962 2074 1162 2132; x_wconf 91' lang='lat' dir='ltr'><strong>oculos</strong></span> <span class='ocrx_word' id='word_1_170' title='bbox 1206 2073 1270 2131; x_wconf 91' lang='lat' dir='ltr'><strong>in</strong></span> <span class='ocrx_word' id='word_1_171' title='bbox 1312 2072 1547 2132; x_wconf 90' lang='lat' dir='ltr'><strong>easdem</strong></span> <span class='ocrx_word' id='word_1_172' title='bbox 1595 2072 1924 2145; x_wconf 82' lang='lat' dir='ltr'><strong>coniciunt3</strong></span> <span class='ocrx_word' id='word_1_173' title='bbox 1988 2071 2090 2130; x_wconf 90' lang='lat' dir='ltr'><strong>alii</strong></span> <span class='ocrx_word' id='word_1_174' title='bbox 2135 2074 2371 2145; x_wconf 88' lang='lat' dir='ltr'><strong>contra,</strong></span> <span class='ocrx_word' id='word_1_175' title='bbox 2418 2070 2632 2146; x_wconf 88' lang='lat' dir='ltr'><strong>quibus</strong></span> <span class='ocrx_word' id='word_1_176' title='bbox 2676 2069 2803 2128; x_wconf 83' lang='lat' dir='ltr'><strong>fere</strong></span> 
     </span>
     <span class='ocr_line' id='line_1_21' title="bbox 464 2154 2808 2233; baseline -0.002 -18"><span class='ocrx_word' id='word_1_177' title='bbox 464 2157 604 2216; x_wconf 91' lang='lat' dir='ltr'><strong>novi</strong></span> <span class='ocrx_word' id='word_1_178' title='bbox 650 2157 878 2232; x_wconf 91' lang='lat' dir='ltr'><strong>aliquid</strong></span> <span class='ocrx_word' id='word_1_179' title='bbox 923 2157 1271 2230; x_wconf 80' lang='lat' dir='ltr'><strong>inerementi</strong></span> <span class='ocrx_word' id='word_1_180' title='bbox 1316 2157 1434 2215; x_wconf 90' lang='lat' dir='ltr'><strong>iam</strong></span> <span class='ocrx_word' id='word_1_181' title='bbox 1479 2157 1771 2232; x_wconf 92' lang='lat' dir='ltr'><strong>suboluit,</strong></span> <span class='ocrx_word' id='word_1_182' title='bbox 1816 2157 2155 2233; x_wconf 84' lang='lat' dir='ltr'><strong>petulantes</strong></span> <span class='ocrx_word' id='word_1_183' title='bbox 2199 2159 2366 2231; x_wconf 88' lang='lat' dir='ltr'><strong>sunt,</strong></span> <span class='ocrx_word' id='word_1_184' title='bbox 2413 2154 2693 2230; x_wconf 88' lang='lat' dir='ltr'><strong>protervi,</strong></span> <span class='ocrx_word' id='word_1_185' title='bbox 2742 2157 2808 2212; x_wconf 93' lang='lat' dir='ltr'><strong>et</strong></span> 
     </span>
     <span class='ocr_line' id='line_1_22' title="bbox 465 2241 2800 2318; baseline -0.001 -18"><span class='ocrx_word' id='word_1_186' title='bbox 465 2242 699 2300; x_wconf 89' lang='lat' dir='ltr'><strong>etiamsi</strong></span> <span class='ocrx_word' id='word_1_187' title='bbox 745 2242 960 2317; x_wconf 90' lang='lat' dir='ltr'><strong>puellis</strong></span> <span class='ocrx_word' id='word_1_188' title='bbox 1004 2243 1269 2302; x_wconf 90' lang='lat' dir='ltr'><strong>nondum</strong></span> <span class='ocrx_word' id='word_1_189' title='bbox 1311 2262 1376 2301; x_wconf 88' lang='lat' dir='ltr'><strong>re</strong></span> <span class='ocrx_word' id='word_1_190' title='bbox 1422 2242 1714 2318; x_wconf 87' lang='lat' dir='ltr'><strong>factoque,</strong></span> <span class='ocrx_word' id='word_1_191' title='bbox 1761 2241 2064 2301; x_wconf 88' lang='lat' dir='ltr'><strong>sodalibus</strong></span> <span class='ocrx_word' id='word_1_192' title='bbox 2110 2243 2268 2299; x_wconf 88' lang='lat' dir='ltr'><strong>certe</strong></span> <span class='ocrx_word' id='word_1_193' title='bbox 2313 2241 2631 2299; x_wconf 90' lang='lat' dir='ltr'><strong>verborum</strong></span> <span class='ocrx_word' id='word_1_194' title='bbox 2662 2257 2800 2314; x_wconf 90' lang='lat' dir='ltr'><strong>pro-</strong></span> 
     </span>
     <span class='ocr_line' id='line_1_23' title="bbox 466 2325 2802 2403; baseline -0.001 -19"><span class='ocrx_word' id='word_1_195' title='bbox 466 2328 710 2386; x_wconf 87' lang='lat' dir='ltr'><strong>cacitate</strong></span> <span class='ocrx_word' id='word_1_196' title='bbox 764 2327 1028 2403; x_wconf 88' lang='lat' dir='ltr'><strong>adeoque</strong></span> <span class='ocrx_word' id='word_1_197' title='bbox 1085 2328 1352 2386; x_wconf 90' lang='lat' dir='ltr'><strong>iocorum</strong></span> <span class='ocrx_word' id='word_1_198' title='bbox 1413 2327 1779 2387; x_wconf 84' lang='lat' dir='ltr'><strong>obscenitate</strong></span> <span class='ocrx_word' id='word_1_199' title='bbox 1824 2327 1986 2385; x_wconf 89' lang='lat' dir='ltr'><strong>viros</strong></span> <span class='ocrx_word' id='word_1_200' title='bbox 2032 2345 2094 2384; x_wconf 92' lang='lat' dir='ltr'><strong>se</strong></span> <span class='ocrx_word' id='word_1_201' title='bbox 2140 2326 2330 2385; x_wconf 83' lang='lat' dir='ltr'><strong>factos</strong></span> <span class='ocrx_word' id='word_1_202' title='bbox 2375 2343 2502 2383; x_wconf 88' lang='lat' dir='ltr'><strong>esse</strong></span> <span class='ocrx_word' id='word_1_203' title='bbox 2548 2325 2802 2399; x_wconf 86' lang='lat' dir='ltr'><strong>probare</strong></span> 
     </span>
     <span class='ocr_line' id='line_1_24' title="bbox 464 2409 2803 2488; baseline -0.002 -18"><span class='ocrx_word' id='word_1_204' title='bbox 464 2412 762 2487; x_wconf 87' lang='lat' dir='ltr'><strong>pruriunt.</strong></span> <span class='ocrx_word' id='word_1_205' title='bbox 839 2411 1068 2471; x_wconf 88' lang='lat' dir='ltr'><strong>Horum</strong></span> <span class='ocrx_word' id='word_1_206' title='bbox 1099 2413 1288 2488; x_wconf 88' lang='lat' dir='ltr'><strong>igitur</strong></span> <span class='ocrx_word' id='word_1_207' title='bbox 1316 2430 1550 2471; x_wconf 88' lang='lat' dir='ltr'><strong>morum</strong></span> <span class='ocrx_word' id='word_1_208' title='bbox 1582 2412 1900 2471; x_wconf 87' lang='lat' dir='ltr'><strong>discrimen</strong></span> <span class='ocrx_word' id='word_1_209' title='bbox 1934 2430 2112 2487; x_wconf 91' lang='lat' dir='ltr'><strong>quam</strong></span> <span class='ocrx_word' id='word_1_210' title='bbox 2142 2410 2343 2469; x_wconf 87' lang='lat' dir='ltr'><strong>vivide</strong></span> <span class='ocrx_word' id='word_1_211' title='bbox 2388 2410 2490 2468; x_wconf 90' lang='lat' dir='ltr'><strong>sed</strong></span> <span class='ocrx_word' id='word_1_212' title='bbox 2534 2409 2803 2467; x_wconf 86' lang='lat' dir='ltr'><strong>modeste</strong></span> 
     </span>
     <span class='ocr_line' id='line_1_25' title="bbox 465 2488 2802 2574; baseline -0.002 -19"><span class='ocrx_word' id='word_1_213' title='bbox 465 2501 641 2573; x_wconf 91' lang='lat' dir='ltr'><strong>poeta</strong></span> <span class='ocrx_word' id='word_1_214' title='bbox 670 2498 732 2555; x_wconf 95' lang='lat' dir='ltr'><strong>in</strong></span> <span class='ocrx_word' id='word_1_215' title='bbox 761 2496 1072 2574; x_wconf 88' lang='lat' dir='ltr'><strong>Daphnide</strong></span> <span class='ocrx_word' id='word_1_216' title='bbox 1104 2516 1208 2556; x_wconf 87' lang='lat' dir='ltr'><strong>suo</strong></span> <span class='ocrx_word' id='word_1_217' title='bbox 1256 2500 1438 2574; x_wconf 88' lang='lat' dir='ltr'><strong>atque</strong></span> <span class='ocrx_word' id='word_1_218' title='bbox 1482 2497 1751 2556; x_wconf 89' lang='lat' dir='ltr'><strong>Menalca</strong></span> <span class='ocrx_word' id='word_1_219' title='bbox 1796 2496 2167 2572; x_wconf 79' lang='lat' dir='ltr'><strong>expresserit,</strong></span> <span class='ocrx_word' id='word_1_220' title='bbox 2214 2495 2336 2553; x_wconf 89' lang='lat' dir='ltr'><strong>iam</strong></span> <span class='ocrx_word' id='word_1_221' title='bbox 2379 2488 2612 2553; x_wconf 84' lang='lat' dir='ltr'><strong>mecum</strong></span> <span class='ocrx_word' id='word_1_222' title='bbox 2642 2493 2802 2553; x_wconf 90' lang='lat' dir='ltr'><strong>vide.</strong></span> 
     </span>
     <span class='ocr_line' id='line_1_26' title="bbox 466 2579 2801 2658; baseline -0.002 -18"><span class='ocrx_word' id='word_1_223' title='bbox 466 2583 578 2641; x_wconf 90' lang='lat' dir='ltr'><strong>Hic</strong></span> <span class='ocrx_word' id='word_1_224' title='bbox 625 2581 895 2658; x_wconf 89' lang='lat' dir='ltr'><strong>quidem,</strong></span> <span class='ocrx_word' id='word_1_225' title='bbox 941 2584 1044 2657; x_wconf 90' lang='lat' dir='ltr'><strong>qui</strong></span> <span class='ocrx_word' id='word_1_226' title='bbox 1089 2583 1162 2641; x_wconf 90' lang='lat' dir='ltr'><strong>ad</strong></span> <span class='ocrx_word' id='word_1_227' title='bbox 1208 2583 1461 2642; x_wconf 89' lang='lat' dir='ltr'><strong>alterum</strong></span> <span class='ocrx_word' id='word_1_228' title='bbox 1507 2583 1960 2658; x_wconf 89' lang='lat' dir='ltr'><strong>pubescentium</strong></span> <span class='ocrx_word' id='word_1_229' title='bbox 2003 2599 2192 2658; x_wconf 87' lang='lat' dir='ltr'><strong>genus</strong></span> <span class='ocrx_word' id='word_1_230' title='bbox 2235 2580 2526 2656; x_wconf 90' lang='lat' dir='ltr'><strong>pertinet,</strong></span> <span class='ocrx_word' id='word_1_231' title='bbox 2586 2579 2801 2655; x_wconf 89' lang='lat' dir='ltr'><strong>puerili</strong></span> 
     </span>
     <span class='ocr_line' id='line_1_27' title="bbox 464 2665 2804 2742; baseline -0.001 -18"><span class='ocrx_word' id='word_1_232' title='bbox 464 2667 750 2725; x_wconf 87' lang='lat' dir='ltr'><strong>iactantia</strong></span> <span class='ocrx_word' id='word_1_233' title='bbox 811 2699 882 2709; x_wconf 92' lang='lat'><strong>—</strong></span> <span class='ocrx_word' id='word_1_234' title='bbox 944 2668 1007 2725; x_wconf 90' lang='lat' dir='ltr'><strong>iu</strong></span> <span class='ocrx_word' id='word_1_235' title='bbox 1060 2687 1179 2742; x_wconf 91' lang='lat' dir='ltr'><strong>qua</strong></span> <span class='ocrx_word' id='word_1_236' title='bbox 1232 2671 1433 2726; x_wconf 87' lang='lat' dir='ltr'><strong>tamen</strong></span> <span class='ocrx_word' id='word_1_237' title='bbox 1487 2668 1640 2726; x_wconf 89' lang='lat' dir='ltr'><strong>nihil</strong></span> <span class='ocrx_word' id='word_1_238' title='bbox 1700 2671 1804 2726; x_wconf 89' lang='lat' dir='ltr'><strong>aut</strong></span> <span class='ocrx_word' id='word_1_239' title='bbox 1858 2668 2049 2742; x_wconf 87' lang='lat' dir='ltr'><strong>aperti</strong></span> <span class='ocrx_word' id='word_1_240' title='bbox 2115 2665 2370 2726; x_wconf 89' lang='lat' dir='ltr'><strong>convicii</strong></span> <span class='ocrx_word' id='word_1_241' title='bbox 2435 2669 2541 2723; x_wconf 87' lang='lat' dir='ltr'><strong>aut</strong></span> <span class='ocrx_word' id='word_1_242' title='bbox 2609 2668 2804 2723; x_wconf 83' lang='lat' dir='ltr'><strong>tectae</strong></span> 
     </span>
     <span class='ocr_line' id='line_1_28' title="bbox 466 2749 2804 2848; baseline -0.001 -40"><span class='ocrx_word' id='word_1_243' title='bbox 466 2751 805 2810; x_wconf 85' lang='lat' dir='ltr'><strong>acerbitatis</strong></span> <span class='ocrx_word' id='word_1_244' title='bbox 857 2751 1016 2810; x_wconf 85' lang='lat' dir='ltr'><strong>inest</strong></span> <span class='ocrx_word' id='word_1_245' title='bbox 1060 2783 1141 2793; x_wconf 92' lang='lat'>—</span> <span class='ocrx_word' id='word_1_246' title='bbox 1188 2752 1412 2811; x_wconf 89' lang='lat' dir='ltr'><strong>socium</strong></span> <span class='ocrx_word' id='word_1_247' title='bbox 1468 2756 1756 2827; x_wconf 88' lang='lat' dir='ltr'><strong>provocat</strong></span> <span class='ocrx_word' id='word_1_248' title='bbox 1810 2752 1884 2811; x_wconf 91' lang='lat' dir='ltr'><strong>ad</strong></span> <span class='ocrx_word' id='word_1_249' title='bbox 1942 2754 2268 2848; x_wconf 77' lang='lat' dir='ltr'><strong>certamen,</strong></span> <span class='ocrx_word' id='word_1_250' title='bbox 2334 2753 2628 2825; x_wconf 89' lang='lat' dir='ltr'><strong>quatenus</strong></span> <span class='ocrx_word' id='word_1_251' title='bbox 2685 2749 2804 2823; x_wconf 91' lang='lat' dir='ltr'><strong>ipsi</strong></span> 
     </span>
     <span class='ocr_line' id='line_1_29' title="bbox 468 2834 2804 2911; baseline -0.001 -18"><span class='ocrx_word' id='word_1_252' title='bbox 468 2836 672 2893; x_wconf 86' lang='lat' dir='ltr'><strong>futuro</strong></span> <span class='ocrx_word' id='word_1_253' title='bbox 719 2836 932 2894; x_wconf 91' lang='lat' dir='ltr'><strong>victori</strong></span> <span class='ocrx_word' id='word_1_254' title='bbox 976 2836 1282 2911; x_wconf 88' lang='lat' dir='ltr'><strong>placuerit,</strong></span> <span class='ocrx_word' id='word_1_255' title='bbox 1330 2837 1796 2911; x_wconf 82' lang='lat' dir='ltr'><strong>extendendum3</strong></span> <span class='ocrx_word' id='word_1_256' title='bbox 1843 2837 1952 2895; x_wconf 90' lang='lat' dir='ltr'><strong>hoc</strong></span> <span class='ocrx_word' id='word_1_257' title='bbox 1996 2836 2154 2895; x_wconf 90' lang='lat' dir='ltr'><strong>enim</strong></span> <span class='ocrx_word' id='word_1_258' title='bbox 2202 2835 2316 2895; x_wconf 89' lang='lat' dir='ltr'><strong>sibi</strong></span> <span class='ocrx_word' id='word_1_259' title='bbox 2362 2834 2575 2893; x_wconf 89' lang='lat' dir='ltr'><strong>volunt</strong></span> <span class='ocrx_word' id='word_1_260' title='bbox 2617 2834 2804 2891; x_wconf 87' lang='lat' dir='ltr'><strong>verba</strong></span> 
     </span>
     <span class='ocr_line' id='line_1_30' title="bbox 467 2881 2806 2997; baseline -0.001 -19"><span class='ocrx_word' id='word_1_261' title='bbox 467 2920 573 2978; x_wconf 90' lang='lat' dir='ltr'><strong>illa</strong></span> <span class='ocrx_word' id='word_1_262' title='bbox 615 2941 672 2979; x_wconf 88' lang='lat' dir='ltr'><strong>v.</strong></span> <span class='ocrx_word' id='word_1_263' title='bbox 721 2922 755 2977; x_wconf 81' lang='lat'>7</span> <span class='ocrx_word' id='word_1_264' title='bbox 803 2913 1025 2978; x_wconf 81' lang='grc' dir='ltr'><em>ὅσσον</em></span> <span class='ocrx_word' id='word_1_265' title='bbox 1067 2918 1230 2978; x_wconf 81' lang='grc' dir='ltr'><em>θέλω</em></span> <span class='ocrx_word' id='word_1_266' title='bbox 1272 2912 1492 2990; x_wconf 76' lang='grc' dir='ltr'><strong><em>αὐτὸς</em></strong></span> <span class='ocrx_word' id='word_1_267' title='bbox 1536 2881 1796 2997; x_wconf 74' lang='grc' dir='ltr'><em>ἀείδων,</em></span> <span class='ocrx_word' id='word_1_268' title='bbox 1832 2940 1983 2996; x_wconf 89' lang='lat' dir='ltr'><strong>quae</strong></span> <span class='ocrx_word' id='word_1_269' title='bbox 2028 2921 2079 2979; x_wconf 90' lang='lat' dir='ltr'><strong>si</strong></span> <span class='ocrx_word' id='word_1_270' title='bbox 2122 2920 2469 2996; x_wconf 85' lang='lat' dir='ltr'><strong>diligentius</strong></span> <span class='ocrx_word' id='word_1_271' title='bbox 2515 2919 2806 2977; x_wconf 88' lang='lat' dir='ltr'><strong>attendis·</strong></span> 
     </span>
     <span class='ocr_line' id='line_1_31' title="bbox 471 3003 2804 3082; baseline -0.001 -20"><span class='ocrx_word' id='word_1_272' title='bbox 471 3008 605 3063; x_wconf 85' lang='lat' dir='ltr'><strong>sent</strong></span> <span class='ocrx_word' id='word_1_273' title='bbox 644 3006 1021 3081; x_wconf 79' lang='lat' dir='ltr'><strong>interpreteS,</strong></span> <span class='ocrx_word' id='word_1_274' title='bbox 1069 3005 1142 3064; x_wconf 88' lang='lat' dir='ltr'><strong>iis</strong></span> <span class='ocrx_word' id='word_1_275' title='bbox 1185 3006 1329 3082; x_wconf 89' lang='lat' dir='ltr'><strong>ipsis</strong></span> <span class='ocrx_word' id='word_1_276' title='bbox 1370 3005 1661 3064; x_wconf 84' lang='lat' dir='ltr'><strong>vidissent</strong></span> <span class='ocrx_word' id='word_1_277' title='bbox 1704 3009 2001 3065; x_wconf 87' lang='lat' dir='ltr'><strong>certamen</strong></span> <span class='ocrx_word' id='word_1_278' title='bbox 2047 3004 2227 3063; x_wconf 89' lang='lat' dir='ltr'><strong>indici</strong></span> <span class='ocrx_word' id='word_1_279' title='bbox 2272 3003 2511 3063; x_wconf 85' lang='lat' dir='ltr'><strong>maioris</strong></span> <span class='ocrx_word' id='word_1_280' title='bbox 2542 3003 2804 3061; x_wconf 89' lang='lat' dir='ltr'><strong>ambitus</strong></span> 
     </span>
     <span class='ocr_line' id='line_1_32' title="bbox 469 3089 2803 3166; baseline -0.001 -18"><span class='ocrx_word' id='word_1_281' title='bbox 469 3092 649 3164; x_wconf 88' lang='lat' dir='ltr'><strong>atque</strong></span> <span class='ocrx_word' id='word_1_282' title='bbox 690 3089 1031 3163; x_wconf 75' lang='lat' dir='ltr'><strong>moliminiS,</strong></span> <span class='ocrx_word' id='word_1_283' title='bbox 1078 3091 1251 3166; x_wconf 89' lang='lat' dir='ltr'><strong>quale</strong></span> <span class='ocrx_word' id='word_1_284' title='bbox 1292 3090 1449 3148; x_wconf 88' lang='lat' dir='ltr'><strong>infra</strong></span> <span class='ocrx_word' id='word_1_285' title='bbox 1490 3091 1774 3149; x_wconf 89' lang='lat' dir='ltr'><strong>habemus</strong></span> <span class='ocrx_word' id='word_1_286' title='bbox 1807 3090 2099 3166; x_wconf 89' lang='lat' dir='ltr'><strong>duplicem</strong></span> <span class='ocrx_word' id='word_1_287' title='bbox 2135 3089 2473 3163; x_wconf 83' lang='lat' dir='ltr'><strong>amplexum</strong></span> <span class='ocrx_word' id='word_1_288' title='bbox 2504 3089 2803 3147; x_wconf 90' lang='lat' dir='ltr'><strong>amoebaei</strong></span> 
     </span>
     <span class='ocr_line' id='line_1_33' title="bbox 420 3172 2803 3250; baseline -0.001 -18"><span class='ocrx_word' id='word_1_289' title='bbox 420 3241 427 3250; x_wconf 16' lang='grc' dir='ltr'>κ</span> <span class='ocrx_word' id='word_1_290' title='bbox 471 3174 747 3233; x_wconf 85' lang='lat' dir='ltr'><strong>carminis</strong></span> <span class='ocrx_word' id='word_1_291' title='bbox 793 3174 1065 3235; x_wconf 87' lang='lat' dir='ltr'><strong>formam.</strong></span> <span class='ocrx_word' id='word_1_292' title='bbox 1139 3176 1264 3234; x_wconf 85' lang='lat' dir='ltr'><strong>Nec</strong></span> <span class='ocrx_word' id='word_1_293' title='bbox 1306 3174 1521 3233; x_wconf 90' lang='lat' dir='ltr'><strong>abnuit</strong></span> <span class='ocrx_word' id='word_1_294' title='bbox 1564 3177 1865 3234; x_wconf 89' lang='lat' dir='ltr'><strong>certamen</strong></span> <span class='ocrx_word' id='word_1_295' title='bbox 1910 3174 2177 3249; x_wconf 82' lang='lat' dir='ltr'><strong>Daphnis</strong></span> <span class='ocrx_word' id='word_1_296' title='bbox 2219 3175 2283 3231; x_wconf 92' lang='lat' dir='ltr'><strong>et</strong></span> <span class='ocrx_word' id='word_1_297' title='bbox 2324 3174 2518 3232; x_wconf 91' lang='lat' dir='ltr'><strong>lenius</strong></span> <span class='ocrx_word' id='word_1_298' title='bbox 2561 3172 2803 3248; x_wconf 89' lang='lat' dir='ltr'><strong>quidem</strong></span> 
     </span>
     <span class='ocr_line' id='line_1_34' title="bbox 471 3251 2807 3335; baseline -0.002 -18"><span class='ocrx_word' id='word_1_299' title='bbox 471 3279 532 3318; x_wconf 88' lang='lat' dir='ltr'><strong>se</strong></span> <span class='ocrx_word' id='word_1_300' title='bbox 588 3259 877 3318; x_wconf 87' lang='lat' dir='ltr'><strong>invictum</strong></span> <span class='ocrx_word' id='word_1_301' title='bbox 933 3260 1059 3319; x_wconf 87' lang='lat' dir='ltr'><strong>fore</strong></span> <span class='ocrx_word' id='word_1_302' title='bbox 1112 3261 1199 3319; x_wconf 89' lang='lat' dir='ltr'><strong>ita</strong></span> <span class='ocrx_word' id='word_1_303' title='bbox 1250 3263 1450 3319; x_wconf 88' lang='lat' dir='ltr'><strong>tamen</strong></span> <span class='ocrx_word' id='word_1_304' title='bbox 1507 3260 1839 3335; x_wconf 89' lang='lat' dir='ltr'><strong>praedicat,</strong></span> <span class='ocrx_word' id='word_1_305' title='bbox 1896 3261 1967 3317; x_wconf 91' lang='lat' dir='ltr'><strong>ut</strong></span> <span class='ocrx_word' id='word_1_306' title='bbox 2019 3278 2125 3318; x_wconf 93' lang='lat' dir='ltr'><strong>suo</strong></span> <span class='ocrx_word' id='word_1_307' title='bbox 2183 3251 2322 3315; x_wconf 81' lang='grc' dir='ltr'><em>ουδ’</em></span> <span class='ocrx_word' id='word_1_308' title='bbox 2383 3254 2445 3313; x_wconf 80' lang='grc' dir='ltr'><strong>εἴ</strong></span> <span class='ocrx_word' id='word_1_309' title='bbox 2483 3279 2537 3315; x_wconf 86' lang='grc' dir='ltr'><strong>τι</strong></span> <span class='ocrx_word' id='word_1_310' title='bbox 2579 3251 2807 3327; x_wconf 79' lang='grc' dir='ltr'><strong>πάθοις</strong></span> 
     </span>
     <span class='ocr_line' id='line_1_35' title="bbox 470 3333 2806 3422; baseline -0 -21"><span class='ocrx_word' id='word_1_311' title='bbox 470 3339 603 3422; x_wconf 77' lang='lat' dir='ltr'><em>tv&#39;y’</em></span> <span class='ocrx_word' id='word_1_312' title='bbox 659 3333 881 3401; x_wconf 72' lang='grc' dir='ltr'><em>ἀείδων</em></span> <span class='ocrx_word' id='word_1_313' title='bbox 940 3344 1015 3403; x_wconf 88' lang='lat' dir='ltr'><strong>ad</strong></span> <span class='ocrx_word' id='word_1_314' title='bbox 1073 3346 1235 3404; x_wconf 91' lang='lat' dir='ltr'><strong>illam</strong></span> <span class='ocrx_word' id='word_1_315' title='bbox 1292 3345 1596 3421; x_wconf 88' lang='lat' dir='ltr'><strong>provocati</strong></span> <span class='ocrx_word' id='word_1_316' title='bbox 1656 3345 1996 3403; x_wconf 84' lang='lat' dir='ltr'><strong>certaminis</strong></span> <span class='ocrx_word' id='word_1_317' title='bbox 2039 3342 2512 3419; x_wconf 88' lang='lat' dir='ltr'><strong>magnitudinem</strong></span> <span class='ocrx_word' id='word_1_318' title='bbox 2558 3342 2806 3401; x_wconf 88' lang='lat' dir='ltr'><strong>alludat.</strong></span> 
     </span>
     <span class='ocr_line' id='line_1_36' title="bbox 476 3429 2802 3511; baseline -0.001 -24"><span class='ocrx_word' id='word_1_319' title='bbox 476 3430 633 3487; x_wconf 92' lang='lat' dir='ltr'><strong>Dum</strong></span> <span class='ocrx_word' id='word_1_320' title='bbox 677 3429 750 3487; x_wconf 93' lang='lat' dir='ltr'><strong>de</strong></span> <span class='ocrx_word' id='word_1_321' title='bbox 793 3429 1071 3511; x_wconf 61' lang='lat' dir='ltr'><strong>praemiis</strong></span> <span class='ocrx_word' id='word_1_322' title='bbox 1115 3431 1404 3506; x_wconf 89' lang='lat' dir='ltr'><strong>ponendis</strong></span> <span class='ocrx_word' id='word_1_323' title='bbox 1448 3429 1844 3505; x_wconf 90' lang='lat' dir='ltr'><strong>paciscuntur,</strong></span> <span class='ocrx_word' id='word_1_324' title='bbox 1893 3429 2220 3487; x_wconf 87' lang='lat' dir='ltr'><strong>Menalcam</strong></span> <span class='ocrx_word' id='word_1_325' title='bbox 2253 3446 2458 3487; x_wconf 88' lang='lat' dir='ltr'><strong>severa</strong></span> <span class='ocrx_word' id='word_1_326' title='bbox 2487 3431 2802 3502; x_wconf 89' lang='lat' dir='ltr'><strong>parentum</strong></span> 
     </span>
     <span class='ocr_line' id='line_1_37' title="bbox 471 3513 2806 3590; baseline -0 -19"><span class='ocrx_word' id='word_1_327' title='bbox 471 3515 786 3590; x_wconf 88' lang='lat' dir='ltr'><strong>disciplina</strong></span> <span class='ocrx_word' id='word_1_328' title='bbox 842 3515 1098 3574; x_wconf 88' lang='lat' dir='ltr'><strong>coerceri</strong></span> <span class='ocrx_word' id='word_1_329' title='bbox 1153 3516 1444 3590; x_wconf 78' lang='lat' dir='ltr'><strong>videmuS,</strong></span> <span class='ocrx_word' id='word_1_330' title='bbox 1502 3515 1645 3572; x_wconf 90' lang='lat' dir='ltr'><strong>dum</strong></span> <span class='ocrx_word' id='word_1_331' title='bbox 1699 3513 1971 3589; x_wconf 87' lang='lat' dir='ltr'><strong>Daphnis</strong></span> <span class='ocrx_word' id='word_1_332' title='bbox 2025 3513 2275 3572; x_wconf 86' lang='lat' dir='ltr'><strong>vitulam</strong></span> <span class='ocrx_word' id='word_1_333' title='bbox 2330 3513 2627 3588; x_wconf 89' lang='lat' dir='ltr'><strong>deponere</strong></span> <span class='ocrx_word' id='word_1_334' title='bbox 2683 3531 2806 3570; x_wconf 87' lang='lat' dir='ltr'><strong>non</strong></span> 
     </span>
     <span class='ocr_line' id='line_1_38' title="bbox 472 3597 2806 3675; baseline -0.001 -18"><span class='ocrx_word' id='word_1_335' title='bbox 472 3600 723 3658; x_wconf 87' lang='lat' dir='ltr'><strong>dubitat.</strong></span> <span class='ocrx_word' id='word_1_336' title='bbox 801 3597 1072 3659; x_wconf 89' lang='lat' dir='ltr'><strong>Pertinet</strong></span> <span class='ocrx_word' id='word_1_337' title='bbox 1099 3600 1255 3659; x_wconf 92' lang='lat' dir='ltr'><strong>hoc</strong></span> <span class='ocrx_word' id='word_1_338' title='bbox 1238 3618 1432 3675; x_wconf 75' lang='lat' dir='ltr'><strong>ipsum</strong></span> <span class='ocrx_word' id='word_1_339' title='bbox 1464 3598 1537 3657; x_wconf 88' lang='lat' dir='ltr'><strong>ad</strong></span> <span class='ocrx_word' id='word_1_340' title='bbox 1584 3598 1878 3658; x_wconf 89' lang='lat' dir='ltr'><strong>diversam</strong></span> <span class='ocrx_word' id='word_1_341' title='bbox 1925 3598 2234 3673; x_wconf 89' lang='lat' dir='ltr'><strong>utriusque</strong></span> <span class='ocrx_word' id='word_1_342' title='bbox 2280 3597 2570 3655; x_wconf 89' lang='lat' dir='ltr'><strong>indolem.</strong></span> <span class='ocrx_word' id='word_1_343' title='bbox 2619 3597 2806 3673; x_wconf 90' lang='lat' dir='ltr'><strong>probe</strong></span> 
     </span>
     <span class='ocr_line' id='line_1_39' title="bbox 471 3682 2806 3760; baseline -0.002 -17"><span class='ocrx_word' id='word_1_344' title='bbox 471 3686 600 3759; x_wconf 88' lang='lat' dir='ltr'><strong>scit,</strong></span> <span class='ocrx_word' id='word_1_345' title='bbox 647 3685 895 3743; x_wconf 87' lang='lat' dir='ltr'><strong>fortasse</strong></span> <span class='ocrx_word' id='word_1_346' title='bbox 942 3685 1031 3744; x_wconf 92' lang='lat' dir='ltr'><strong>sui</strong></span> <span class='ocrx_word' id='word_1_347' title='bbox 1079 3685 1261 3760; x_wconf 90' lang='lat' dir='ltr'><strong>ipsius</strong></span> <span class='ocrx_word' id='word_1_348' title='bbox 1306 3684 1555 3743; x_wconf 89' lang='lat' dir='ltr'><strong>memori</strong></span> <span class='ocrx_word' id='word_1_349' title='bbox 1603 3684 1812 3743; x_wconf 90' lang='lat' dir='ltr'><strong>doctus</strong></span> <span class='ocrx_word' id='word_1_350' title='bbox 1860 3684 2240 3757; x_wconf 89' lang='lat' dir='ltr'><strong>conscientia,</strong></span> <span class='ocrx_word' id='word_1_351' title='bbox 2290 3682 2589 3741; x_wconf 86' lang='lat' dir='ltr'><strong>Menalcae</strong></span> <span class='ocrx_word' id='word_1_352' title='bbox 2632 3685 2806 3757; x_wconf 87' lang='lat' dir='ltr'><strong>pater</strong></span> 
     </span>
     <span class='ocr_line' id='line_1_40' title="bbox 469 3759 2805 3845; baseline -0.001 -19"><span class='ocrx_word' id='word_1_353' title='bbox 469 3762 754 3845; x_wconf 81' lang='grc' dir='ltr'><em>χαλεπός,</em></span> <span class='ocrx_word' id='word_1_354' title='bbox 811 3789 986 3845; x_wconf 86' lang='lat' dir='ltr'><strong>quam</strong></span> <span class='ocrx_word' id='word_1_355' title='bbox 1043 3789 1165 3829; x_wconf 91' lang='lat' dir='ltr'><strong>non</strong></span> <span class='ocrx_word' id='word_1_356' title='bbox 1218 3768 1516 3828; x_wconf 89' lang='lat' dir='ltr'><strong>fidendum</strong></span> <span class='ocrx_word' id='word_1_357' title='bbox 1564 3771 1670 3827; x_wconf 90' lang='lat' dir='ltr'><strong>aut</strong></span> <span class='ocrx_word' id='word_1_358' title='bbox 1712 3768 2143 3845; x_wconf 90' lang='lat' dir='ltr'><strong>indulgendum</strong></span> <span class='ocrx_word' id='word_1_359' title='bbox 2190 3768 2270 3826; x_wconf 89' lang='lat' dir='ltr'><strong>sit</strong></span> <span class='ocrx_word' id='word_1_360' title='bbox 2311 3759 2419 3825; x_wconf 89' lang='lat' dir='ltr'><strong>filii</strong></span> <span class='ocrx_word' id='word_1_361' title='bbox 2462 3767 2805 3829; x_wconf 80' lang='lat' dir='ltr'><strong>temeritati.</strong></span> 
     </span>
     <span class='ocr_line' id='line_1_41' title="bbox 468 3852 2804 3930; baseline -0.002 -18"><span class='ocrx_word' id='word_1_362' title='bbox 468 3855 593 3913; x_wconf 87' lang='lat' dir='ltr'><strong>Nec</strong></span> <span class='ocrx_word' id='word_1_363' title='bbox 623 3855 888 3930; x_wconf 89' lang='lat' dir='ltr'><strong>Daphnis</strong></span> <span class='ocrx_word' id='word_1_364' title='bbox 931 3858 1072 3930; x_wconf 88' lang='lat' dir='ltr'><strong>post</strong></span> <span class='ocrx_word' id='word_1_365' title='bbox 1115 3858 1385 3930; x_wconf 90' lang='lat' dir='ltr'><strong>apertam</strong></span> <span class='ocrx_word' id='word_1_366' title='bbox 1429 3854 1572 3913; x_wconf 90' lang='lat' dir='ltr'><strong>socii</strong></span> <span class='ocrx_word' id='word_1_367' title='bbox 1618 3853 2047 3913; x_wconf 87' lang='lat' dir='ltr'><strong>confessionem</strong></span> <span class='ocrx_word' id='word_1_368' title='bbox 2091 3856 2195 3910; x_wconf 90' lang='lat' dir='ltr'><strong>aut</strong></span> <span class='ocrx_word' id='word_1_369' title='bbox 2239 3854 2299 3911; x_wconf 90' lang='lat' dir='ltr'><strong>in</strong></span> <span class='ocrx_word' id='word_1_370' title='bbox 2345 3871 2449 3911; x_wconf 90' lang='lat' dir='ltr'><strong>suo</strong></span> <span class='ocrx_word' id='word_1_371' title='bbox 2495 3852 2804 3928; x_wconf 88' lang='lat' dir='ltr'><strong>proposito</strong></span> 
     </span>
     <span class='ocr_line' id='line_1_42' title="bbox 470 3937 2802 4015; baseline -0 -18"><span class='ocrx_word' id='word_1_372' title='bbox 470 3941 738 4015; x_wconf 88' lang='lat' dir='ltr'><strong>persistit</strong></span> <span class='ocrx_word' id='word_1_373' title='bbox 792 3943 893 3999; x_wconf 89' lang='lat' dir='ltr'><strong>aut</strong></span> <span class='ocrx_word' id='word_1_374' title='bbox 954 3940 1125 3998; x_wconf 89' lang='lat' dir='ltr'><strong>illum</strong></span> <span class='ocrx_word' id='word_1_375' title='bbox 1169 3942 1238 3997; x_wconf 89' lang='lat' dir='ltr'><strong>ut</strong></span> <span class='ocrx_word' id='word_1_376' title='bbox 1280 3941 1529 4014; x_wconf 89' lang='lat' dir='ltr'><strong>paterno</strong></span> <span class='ocrx_word' id='word_1_377' title='bbox 1575 3940 1716 4015; x_wconf 89' lang='lat' dir='ltr'><strong>iugo</strong></span> <span class='ocrx_word' id='word_1_378' title='bbox 1760 3938 2005 4015; x_wconf 87' lang='lat' dir='ltr'><strong>gravius</strong></span> <span class='ocrx_word' id='word_1_379' title='bbox 2051 3956 2395 4013; x_wconf 88' lang='lat' dir='ltr'><strong>oppressum</strong></span> <span class='ocrx_word' id='word_1_380' title='bbox 2438 3937 2681 3996; x_wconf 90' lang='lat' dir='ltr'><strong>vellicat</strong></span> <span class='ocrx_word' id='word_1_381' title='bbox 2725 3968 2802 3977; x_wconf 94' lang='lat'><strong>—</strong></span> 
     </span>
     <span class='ocr_line' id='line_1_43' title="bbox 470 4020 2802 4098; baseline -0.002 -15"><span class='ocrx_word' id='word_1_382' title='bbox 470 4025 633 4098; x_wconf 90' lang='lat' dir='ltr'><strong>quod</strong></span> <span class='ocrx_word' id='word_1_383' title='bbox 691 4025 927 4084; x_wconf 88' lang='lat' dir='ltr'><strong>fecisset</strong></span> <span class='ocrx_word' id='word_1_384' title='bbox 982 4026 1108 4084; x_wconf 90' lang='lat' dir='ltr'><strong>sine</strong></span> <span class='ocrx_word' id='word_1_385' title='bbox 1169 4024 1376 4095; x_wconf 89' lang='lat' dir='ltr'><strong>dubi0‚</strong></span> <span class='ocrx_word' id='word_1_386' title='bbox 1433 4024 1484 4082; x_wconf 91' lang='lat' dir='ltr'><strong>si</strong></span> <span class='ocrx_word' id='word_1_387' title='bbox 1537 4023 1888 4082; x_wconf 89' lang='lat' dir='ltr'><strong>haberemus</strong></span> <span class='ocrx_word' id='word_1_388' title='bbox 1941 4042 2076 4080; x_wconf 90' lang='lat' dir='ltr'><strong>eum</strong></span> <span class='ocrx_word' id='word_1_389' title='bbox 2130 4022 2395 4097; x_wconf 91' lang='lat' dir='ltr'><strong>„puerili</strong></span> <span class='ocrx_word' id='word_1_390' title='bbox 2452 4020 2802 4080; x_wconf 89' lang='lat' dir='ltr'><strong>iracundia“</strong></span> 
     </span>
     <span class='ocr_line' id='line_1_44' title="bbox 469 4107 2801 4185; baseline -0.001 -19"><span class='ocrx_word' id='word_1_391' title='bbox 469 4109 965 4184; x_wconf 86' lang='lat' dir='ltr'><strong>effervescentem,</strong></span> <span class='ocrx_word' id='word_1_392' title='bbox 1012 4114 1082 4167; x_wconf 91' lang='lat' dir='ltr'><strong>ut</strong></span> <span class='ocrx_word' id='word_1_393' title='bbox 1125 4111 1319 4168; x_wconf 88' lang='lat' dir='ltr'><strong>voluit</strong></span> <span class='ocrx_word' id='word_1_394' title='bbox 1348 4110 1698 4185; x_wconf 86' lang='lat' dir='ltr'><strong>Hartungus</strong></span> <span class='ocrx_word' id='word_1_395' title='bbox 1733 4140 1830 4183; x_wconf 93' lang='lat'><strong>—,</strong></span> <span class='ocrx_word' id='word_1_396' title='bbox 1877 4108 1977 4167; x_wconf 89' lang='lat' dir='ltr'><strong>sed</strong></span> <span class='ocrx_word' id='word_1_397' title='bbox 2025 4107 2148 4167; x_wconf 90' lang='lat' dir='ltr'><strong>sine</strong></span> <span class='ocrx_word' id='word_1_398' title='bbox 2193 4107 2541 4183; x_wconf 86' lang='lat' dir='ltr'><strong>ambagibus</strong></span> <span class='ocrx_word' id='word_1_399' title='bbox 2584 4110 2646 4165; x_wconf 92' lang='lat' dir='ltr'><strong>et</strong></span> <span class='ocrx_word' id='word_1_400' title='bbox 2675 4107 2801 4181; x_wconf 90' lang='lat' dir='ltr'><strong>ipse</strong></span> 
     </span>
     <span class='ocr_line' id='line_1_45' title="bbox 471 4192 2799 4270; baseline -0.001 -19"><span class='ocrx_word' id='word_1_401' title='bbox 471 4195 772 4270; x_wconf 80' lang='lat' dir='ltr'><strong>syringem</strong></span> <span class='ocrx_word' id='word_1_402' title='bbox 819 4194 880 4252; x_wconf 93' lang='lat' dir='ltr'><strong>in</strong></span> <span class='ocrx_word' id='word_1_403' title='bbox 938 4195 1198 4252; x_wconf 89' lang='lat' dir='ltr'><strong>medium</strong></span> <span class='ocrx_word' id='word_1_404' title='bbox 1243 4194 1380 4253; x_wconf 83' lang='lat' dir='ltr'><strong>fert.</strong></span> <span class='ocrx_word' id='word_1_405' title='bbox 1470 4195 1597 4252; x_wconf 89' lang='lat' dir='ltr'><strong>Nec</strong></span> <span class='ocrx_word' id='word_1_406' title='bbox 1639 4194 1701 4252; x_wconf 88' lang='lat' dir='ltr'><strong>in</strong></span> <span class='ocrx_word' id='word_1_407' title='bbox 1746 4192 2020 4269; x_wconf 87' lang='lat' dir='ltr'><strong>eligendo</strong></span> <span class='ocrx_word' id='word_1_408' title='bbox 2065 4192 2260 4250; x_wconf 89' lang='lat' dir='ltr'><strong>iudice</strong></span> <span class='ocrx_word' id='word_1_409' title='bbox 2305 4195 2409 4250; x_wconf 89' lang='lat' dir='ltr'><strong>aut</strong></span> <span class='ocrx_word' id='word_1_410' title='bbox 2451 4192 2513 4250; x_wconf 90' lang='lat' dir='ltr'><strong>in</strong></span> <span class='ocrx_word' id='word_1_411' title='bbox 2557 4210 2799 4267; x_wconf 89' lang='lat' dir='ltr'><strong>praepa-</strong></span> 
     </span>
     <span class='ocr_line' id='line_1_46' title="bbox 469 4276 2802 4354; baseline -0.001 -19"><span class='ocrx_word' id='word_1_412' title='bbox 469 4279 655 4337; x_wconf 87' lang='lat' dir='ltr'><strong>rando</strong></span> <span class='ocrx_word' id='word_1_413' title='bbox 700 4279 1019 4337; x_wconf 89' lang='lat' dir='ltr'><strong>certamine</strong></span> <span class='ocrx_word' id='word_1_414' title='bbox 1063 4279 1252 4336; x_wconf 91' lang='lat' dir='ltr'><strong>ullum</strong></span> <span class='ocrx_word' id='word_1_415' title='bbox 1300 4278 1662 4354; x_wconf 86' lang='lat' dir='ltr'><strong>conspicitur</strong></span> <span class='ocrx_word' id='word_1_416' title='bbox 1703 4278 2029 4337; x_wconf 88' lang='lat' dir='ltr'><strong>invidiosae</strong></span> <span class='ocrx_word' id='word_1_417' title='bbox 2069 4280 2174 4335; x_wconf 90' lang='lat' dir='ltr'><strong>aut</strong></span> <span class='ocrx_word' id='word_1_418' title='bbox 2201 4276 2518 4336; x_wconf 84' lang='lat' dir='ltr'><strong>iracundae</strong></span> <span class='ocrx_word' id='word_1_419' title='bbox 2547 4276 2802 4334; x_wconf 86' lang='lat' dir='ltr'><strong>aemula-</strong></span> 
     </span>
     <span class='ocr_line' id='line_1_47' title="bbox 476 4362 2801 4440; baseline -0.002 -19"><span class='ocrx_word' id='word_1_420' title='bbox 476 4363 655 4422; x_wconf 89' lang='lat' dir='ltr'><strong>tionis</strong></span> <span class='ocrx_word' id='word_1_421' title='bbox 701 4364 1021 4440; x_wconf 87' lang='lat' dir='ltr'><strong>vestigium</strong></span> <span class='ocrx_word' id='word_1_422' title='bbox 1073 4397 1147 4405; x_wconf 95' lang='lat'><strong>—-</strong></span> <span class='ocrx_word' id='word_1_423' title='bbox 1195 4385 1370 4440; x_wconf 88' lang='lat' dir='ltr'><strong>quam</strong></span> <span class='ocrx_word' id='word_1_424' title='bbox 1420 4362 1718 4440; x_wconf 90' lang='lat' dir='ltr'><strong>quomodo</strong></span> <span class='ocrx_word' id='word_1_425' title='bbox 1764 4363 2104 4438; x_wconf 88' lang='lat' dir='ltr'><strong>depicturus</strong></span> <span class='ocrx_word' id='word_1_426' title='bbox 2151 4363 2392 4436; x_wconf 86' lang='lat' dir='ltr'><strong>fuisset,</strong></span> <span class='ocrx_word' id='word_1_427' title='bbox 2454 4362 2678 4436; x_wconf 89' lang='lat' dir='ltr'><strong>optime</strong></span> <span class='ocrx_word' id='word_1_428' title='bbox 2732 4379 2801 4418; x_wconf 81' lang='lat' dir='ltr'><strong>ex</strong></span> 
     </span>
     <span class='ocr_line' id='line_1_48' title="bbox 369 4446 2801 4526; baseline 0.001 -25"><span class='ocrx_word' id='word_1_429' title='bbox 369 4454 433 4501; x_wconf 78' lang='grc'><strong>21</strong></span> <span class='ocrx_word' id='word_1_430' title='bbox 466 4446 675 4524; x_wconf 82' lang='lat' dir='ltr'><strong>idyllio</strong></span> <span class='ocrx_word' id='word_1_431' title='bbox 730 4450 999 4523; x_wconf 89' lang='lat' dir='ltr'><strong>quinto</strong></span> <span class='ocrx_word' id='word_1_432' title='bbox 1057 4449 1431 4526; x_wconf 87' lang='lat' dir='ltr'><strong>intellegitur</strong></span> <span class='ocrx_word' id='word_1_433' title='bbox 1476 4469 1590 4523; x_wconf 72' lang='grc' dir='ltr'><strong>-ς</strong></span> <span class='ocrx_word' id='word_1_434' title='bbox 1651 4447 1756 4506; x_wconf 90' lang='lat' dir='ltr'><strong>sed</strong></span> <span class='ocrx_word' id='word_1_435' title='bbox 1800 4448 2086 4517; x_wconf 79' lang='lat' dir='ltr'><strong>habemus</strong></span> <span class='ocrx_word' id='word_1_436' title='bbox 2131 4447 2373 4506; x_wconf 91' lang='lat' dir='ltr'><strong>omnino</strong></span> <span class='ocrx_word' id='word_1_437' title='bbox 2418 4447 2801 4521; x_wconf 89' lang='lat' dir='ltr'><strong>purissimum</strong></span> 
     </span>
    </p>
   </div>
  </div>
 </body>
</html>
