3132 5129
1281 408 1735 470 -477—

657 559 786 622 οὔτ’
839 560 977 636 εὸαρ
1024 559 1355 641 ἐργατίναις
1399 558 1871 642 γλυκερωτερον,
1917 561 2050 624 οὕτε
2093 564 2388 642 μελίσσαις

654 642 872 721 ἄνθεα,
918 644 1095 706 ’ὅσσον
1141 642 1274 722 ἐμὶν
1319 649 1554 706 Μοῖσαι
1597 648 1791 724 φίλαι·
1841 644 1921 719 ὡς
1964 669 2079 727 γαρ
2125 643 2357 729 ὃρεῦντι
2616 658 2681 705 35

653 732 985 812 γαθεῦσαι,
1031 729 1142 802 τώς
1186 728 1246 790 δ’
1296 728 1431 791 οὔτι
1475 732 1638 814 ποτῷ
1682 728 1974 810 δαλήσατο
2023 733 2232 813 Κίρκα.

524 903 774 964 Carmen
820 905 930 963 hoc
973 904 1149 962 modo
1196 904 1535 979 suppletum
1586 923 1947 980 quamquam
1994 908 2055 964 et
2100 906 2376 965 omnibus
2406 906 2678 982 partibus

354 1008 689 1065 congruens
734 993 912 1064 atque
956 991 1258 1065 integrum
1303 991 1364 1046 et
1408 988 1481 1047 ad
1526 989 2005 1065 intellegentiam
2035 991 2475 1066 apertissimum
2523 991 2679 1049 vide-

354 1079 485 1149 tur,
532 1076 664 1148 ipsa
709 1077 907 1134 tamen
953 1074 1255 1135 Musarum
1298 1074 1580 1134 invitatio
1641 1093 1675 1131 a
1728 1079 1904 1149 poeta
1949 1076 2228 1134 instituta
2271 1094 2381 1134 nos
2427 1094 2678 1150 quoque,

353 1160 415 1217 in
460 1178 530 1218 eo
576 1160 909 1218 accuratius
954 1158 1287 1218 enarrando
1332 1162 1429 1217 ut·
1455 1159 1713 1234 amplius
1759 1160 2237 1235 progrediamur,
2293 1160 2548 1218 invitare
2593 1161 2677 1218 vi-

353 1245 547 1302 detur.
627 1243 1063 1314 Quaerentibus
1120 1244 1277 1302 enim
1333 1244 1534 1318 nobie,
1598 1244 1732 1318 quis
1777 1246 1977 1303 Musas
2033 1245 2299 1319 invocet,
2360 1245 2681 1303 scholiasta

353 1329 426 1387 ad
473 1348 530 1389 v.
579 1329 658 1387 28
703 1329 1050 1404 respondet:
1108 1322 1139 1385 ὁ
1194 1324 1367 1406 λόγος
1413 1323 1478 1385 ἐκ
1535 1335 1644 1385 τοῦ
1698 1324 2037 1402 συννομὲως
2090 1350 2127 1404 η
2176 1325 2240 1386 ἐκ
2284 1326 2390 1385 τοῦ
2436 1326 2680 1401 Θεοκρί-

353 1432 476 1475 του.
553 1402 601 1469 ὦ
656 1414 933 1489 Μοῦσαι,
981 1407 1045 1470 τὸ
1091 1409 1259 1487 μέλος
1307 1418 1408 1488 τῆς
1455 1406 1615 1508 ᾠδῆς
1661 1432 1767 1486 της
1810 1408 1956 1490 παρ’
2015 1408 2162 1490 ἡμῖν
2205 1406 2529 1488 ἕκφάνατε,
2573 1435 2681 1489 μη·

351 1518 479 1568 πως
523 1516 637 1573 μου
682 1493 778 1555 ἐπὶ
822 1497 1096 1575 γλῶσσαν
1142 1495 1477 1572 φλύκταινα
1523 1490 1766 1573 φύηται.
1841 1499 1969 1556 Iam
2001 1500 2049 1556 si
2090 1503 2359 1558 tenemus
2404 1502 2467 1556 et
2497 1498 2682 1557 Theo-

353 1583 571 1641 critum
636 1601 709 1641 ex
774 1583 1160 1658 popularibus
1228 1583 1602 1658 multumque
1683 1583 1916 1642 iactatis
1983 1583 2314 1642 Siculorum
2379 1586 2681 1659 pastorum

353 1668 666 1726 cantilenis
710 1669 1017 1744 ingeniose
1061 1668 1137 1726 ad
1182 1672 1370 1727 artem
1428 1667 1651 1728 evectis
1707 1686 1929 1726 novum
1976 1688 2146 1728 suum
2194 1687 2438 1743 poeseos
2494 1686 2682 1743 genus

351 1752 685 1812 condidisse
752 1757 812 1811 et
874 1753 1249 1829 Daphnidem
1315 1756 1497 1827 atque
1552 1751 1880 1811 Menalcam
1937 1754 2281 1812 notissimos
2339 1753 2679 1828 vulgatissi-

351 1856 596 1913 mosque
642 1837 823 1896 fuisse
867 1838 1102 1895 illarum
1161 1837 1587 1897 cantilenarum
1645 1837 1854 1897 heroes
1910 1858 1980 1896 ex
2038 1839 2471 1912 antiquissimis
2532 1841 2681 1895 tem-

330 1918 597 1998 'poribus
641 1921 922 1996 traditos,
983 1922 1083 1997 qui
1130 1923 1306 1980 etiam
1352 1925 1496 1981 tunc
1540 1923 1811 1981 viventes
1856 1927 2217 1999 agentesque
2260 1924 2324 1981 in
2371 1920 2683 1982 cantilenis

354 2006 473 2065 illis
518 2006 1081 2082 introducebantur,
1128 2025 1286 2066 nova
1329 2006 1526 2066 subito
1572 2026 1758 2081 eaque
1802 2007 1960 2066 haud
2006 2009 2258 2067 erratica
2301 2008 2400 2065 lux
2434 2007 2680 2065 carmini

353 2094 560 2150 nostro
606 2091 945 2167 affulgebit,
991 2092 1149 2166 quod
1193 2091 1468 2150 omnibus
1510 2092 1940 2166 interpretibus
1985 2097 2104 2149 tam
2153 2092 2466 2151 obscurum
2511 2091 2682 2149 adeo-

354 2195 467 2251 que
514 2175 832 2234 Theocrito
880 2177 1193 2252 indignum
1251 2176 1580 2234 videbatur.
1659 2175 1811 2245 Quid
1866 2175 2023 2250 quod
2068 2194 2205 2250 nec,
2252 2176 2388 2234 huic
2431 2177 2546 2249 ipsi
2591 2175 2679 2231 iu-

353 2261 506 2318 dicio
550 2279 700 2335 quae
746 2262 940 2327 subsit
982 2261 1252 2320 veritatis
1289 2260 1609 2332 divinatio,
1656 2260 1893 2318 admota
1938 2261 2055 2318 iam
2100 2261 2204 2318 illa
2246 2260 2379 2319 luce
2422 2258 2681 2318 latebit?

352 2344 659 2405 Habemus
703 2346 861 2403 enim
905 2346 1033 2404 sine
1077 2345 1258 2403 dubio
1291 2344 1778 2403 Theocriteorum
1825 2346 2150 2403 carminum
2196 2347 2301 2403 aut
2346 2364 2482 2402 vere
2527 2344 2679 2401 anti-

351 2429 739 2505 quissimum,
785 2449 902 2504 quo
946 2433 1123 2505 poeta
1151 2431 1406 2504 primum
1447 2428 1778 2503 periculum
1812 2430 1952 2487 fecit
1995 2428 2331 2488 silvestrem
2375 2431 2679 2504 pastorum

357 2517 599 2574 cantum
644 2514 717 2573 ad
775 2515 920 2574 artis
977 2514 1242 2592 regulam
1298 2513 1646 2588 revocandi,
1704 2516 1808 2572 aut
1850 2513 1999 2572 illud
2055 2516 2242 2589 certe,
2299 2531 2415 2589 quo
2471 2512 2681 2588 primis

354 2599 719 2658 carminibus
765 2601 1086 2659 amicorum
1115 2598 1333 2658 iudicio
1381 2598 1443 2656 in
1487 2599 1683 2657 insula
1713 2597 1796 2657 Co
1829 2599 2230 2674 proponendis
2261 2599 2514 2674 prolusit
2543 2597 2680 2655 novi

356 2684 592 2760 generis
637 2703 709 2743 ex
754 2686 846 2744 sui
882 2686 1088 2760 populi
1119 2683 1391 2744 cantibus
1423 2683 1724 2757 desumpti
1764 2685 2056 2743 rationem
2102 2683 2487 2742 indicaturus.
2560 2681 2682 2740 Ita-

356 2789 470 2844 que
514 2769 773 2843 primum
833 2770 1128 2829 bucolicas
1187 2769 1384 2828 Musas
1439 2769 1708 2841 invocat,
1766 2771 1836 2826 ut
1901 2769 2226 2828 cantilenas
2284 2769 2398 2828 sibi
2456 2767 2681 2840 indant,

356 2873 502 2929 quas
558 2853 697 2912 olim
763 2875 798 2912 a
868 2854 1177 2929 Daphnide
1233 2856 1293 2911 et
1358 2853 1628 2911 Menalca
1683 2854 1995 2913 audiverit.
2108 2853 2266 2923 Quas
2339 2852 2681 2925 cantilenas,

352 2957 710 3013 quamquam
744 2940 819 2998 ad
842 2939 1143 2998 amoebaei
1173 2939 1449 3000 carminis
1478 2957 1749 2997 normam
1779 2941 2051 2997 accurate
2083 2940 2452 3014 compositaS,
2483 2941 2683 2995 tamen

356 3028 415 3080 et
458 3022 761 3083 breviores
806 3043 931 3084 esse
977 3027 1037 3082 et
1084 3024 1226 3082 satis
1272 3023 1500 3082 ieiunas
1545 3041 1651 3099 pro
1682 3026 1967 3082 consueta
1998 3022 2482 3082 Theocriteorum
2515 3022 2684 3096 copia

356 3109 515 3165 recte
585 3126 946 3185 quamquam
1013 3127 1190 3167 causa
1253 3126 1374 3166 non
1439 3111 1752 3183 perspecta
1827 3107 2245 3166 iudicaverunt
2306 3109 2681 3181 interpretes,

353 3192 572 3266 quippe
619 3210 765 3266 quas
808 3196 986 3270 poeta
1038 3213 1109 3252 ex
1164 3193 1294 3268 ipso
1350 3193 1559 3268 populi
1618 3211 1718 3251 ore
1774 3192 2120 3267 desumptas
2173 3195 2236 3250 et
2290 3194 2557 3266 tantum,
2617 3193 2687 3247 ut

355 3275 593 3335 credere
640 3296 749 3352 par
793 3282 912 3352 est,
959 3279 1135 3353 paulo
1181 3278 1525 3336 immutatas
1572 3280 1752 3351 atque
1784 3277 2126 3336 emendatas
2171 3276 2524 3350 exhibuerit,
2570 3293 2686 3349 qua

356 3361 586 3420 ratione
631 3365 692 3420 et
735 3362 1050 3423 Goethium
1098 3366 1160 3420 et
1201 3361 1485 3419 Heinium
1531 3363 1827 3421 nostrates
1872 3361 2176 3420 interdum
2206 3361 2520 3437 populares
2553 3377 2684 3417 can-

355 3451 452 3506 tus
497 3463 667 3504 suum
713 3447 776 3506 in
819 3466 990 3505 usum
1038 3446 1396 3506 convertisse
1436 3448 1686 3505 constat.
1760 3447 1989 3506 Relatis
2018 3446 2330 3505 cantilenis
2375 3448 2554 3519 atque
2598 3444 2685 3500 in-

359 3530 572 3591 dicatis
619 3536 931 3592 cantorum
976 3532 1287 3606 praemiis,
1345 3549 1496 3605 quae
1554 3532 1616 3588 et
1657 3532 1786 3605 ipsa
1841 3549 1911 3590 ex
1966 3531 2095 3590 vita
2159 3532 2467 3605 pastorum
2537 3528 2682 3587 coti·

359 3615 536 3674 diana
591 3617 939 3693 deprompta
995 3635 1123 3676 esse
1174 3619 1369 3692 patet,
1402 3643 1415 3654 ·
1439 3616 1555 3673 iam
1625 3615 1864 3674 eaedem
1923 3615 2124 3673 Musae
2177 3616 2560 3688 invocantur,
2622 3615 2688 3669 ut

359 3701 537 3761 etiam
579 3703 822 3778 propria.
878 3701 938 3759 in
984 3700 1330 3759 memoriam
1386 3699 1497 3758 sibi
1557 3703 1836 3758 revocent
1891 3698 2181 3773 carmina,
2239 3718 2389 3773 quae
2445 3701 2506 3756 et
2561 3698 2687 3770 ipse

361 3790 488 3844 tum
534 3801 776 3844 coram
823 3786 987 3844 illis
1047 3783 1482 3860 pastoribus
1540 3784 1598 3841 h.
1647 3803 1696 3842 e.
1743 3785 1901 3843 domi
1945 3785 2008 3842 in
2055 3783 2263 3841 Sicilia
2318 3783 2444 3842 suis
2500 3800 2686 3857 popu·

357 3868 583 3930 laribus
627 3871 940 3945 cecinerit,
1001 3889 1076 3929 ne
1120 3869 1367 3944 pustula
1411 3869 1651 3944 linguae
1695 3868 1902 3928 innata
1945 3868 2234 3926 mendacii
2279 3886 2414 3926 eum
2459 3869 2687 3942 arguat,

361 3975 481 4031 quo
540 3975 643 4031 „se
699 3974 936 4032 quoque
991 3971 1119 4014 esse
1173 3951 1514 4013 cantorem“
1575 3953 1737 4012 domi
1791 3955 1908 4011 iam
1962 3953 2346 4012 exercitatum
2400 3952 2688 4028 gloriatus

360 4040 545 4099 fuerit
590 4041 748 4099 inter
790 4040 1225 4098 commilitones
1267 4038 1501 4097 Phileta
1545 4037 1693 4096 duce
1737 4038 2158 4114 grammaticae
2203 4039 2381 4112 atque
2425 4036 2689 4111 poeticae

362 4127 700 4199 operantes.
777 4124 890 4182 His
934 4125 1120 4200 igitur
1163 4141 1226 4182 se
1271 4123 1388 4180 iam
1432 4122 1693 4181 carmina
1733 4122 2031 4181 liberioris
2073 4122 2319 4196 spiritus
2348 4125 2528 4196 atque
2558 4138 2691 4195 per·

361 4209 624 4280 rectioris
681 4209 830 4268 artis
874 4209 1247 4285 prolaturum
1302 4225 1428 4266 esse
1480 4207 1586 4266 illo
1645 4204 2031 4283 „prooemio“
2081 4240 2158 4248 --
2215 4208 2304 4264 ita
2357 4206 2518 4265 enim
2573 4205 2690 4263 iam

362 4296 633 4354 nostrum
680 4294 953 4370 idyllium
986 4293 1287 4370 appellare
1332 4291 1472 4350 licet
1504 4324 1578 4332 —
1612 4293 2022 4367 praenuntiat,
2070 4291 2236 4350 cuius
2267 4290 2502 4366 epilogo
2549 4308 2691 4349 sane

364 4379 589 4453 optime
634 4379 914 4440 convenit
956 4383 1044 4454 et,
1092 4396 1270 4454 quam
1317 4395 1485 4436 carae
1529 4377 1642 4436 sibi
1689 4380 1811 4437 sint
1851 4395 1992 4453 prae
2038 4375 2313 4435 omnibus
2358 4375 2531 4434 bonis
2562 4375 2688 4432 Mu-

360 4481 486 4540 sae,
534 4463 865 4524 certissima
919 4465 1020 4523 sed
1079 4463 1465 4540 popularibus
1520 4463 1820 4536 parabolis
1878 4465 2161 4537 concepta
2217 4460 2574 4542 asseveratio
2633 4464 2694 4518 et

2721 1574 2779 1620 12
