3132 5129
1453 385 1908 449 -428—

514 540 760 621 Μαριής
805 545 870 602 in
915 544 1110 603 medio
1157 562 1351 616 versu,
1402 543 1505 607 ubi
1529 544 1784 602 Mariam
1830 546 1891 603 et
1934 543 2228 603 Martham
2276 563 2506 604 sorores
2550 564 2675 605 esse
2720 564 2842 604 non

507 631 746 704 poterat
789 628 1015 702 omitti3
1061 632 1197 703 post
1223 589 1402 706 docdvq'
1432 629 1599 705 XIII,
1633 631 1744 705 81;
1792 631 1931 705 post
1959 626 2170 704 Σίμων
2213 629 2392 691 ibid.
2421 650 2478 689 v.
2518 632 2667 705 1523
2715 634 2851 707 post

508 708 742 790 ἑτοίμης
789 713 945 789 XXI,
994 715 1092 771 29.

675 799 763 857 De
808 800 1020 857 ceteris
1064 798 1209 857 locis
1242 798 1534 874 omnibuS,
1583 798 1687 858 ubi
1717 799 2040 859 Nausius
2072 800 2292 874 aliique
2322 799 2550 875 aliquid
2580 799 2834 859 Nonnici

505 883 796 958 poematis
854 883 1095 958 periisse
1154 887 1543 959 putaverunt,
1618 887 1777 944 recte
1834 885 1954 942 iam
2011 883 2296 942 iudicavit
2353 883 2394 942 S
2409 883 2843 960 ylburgiuS,

506 968 608 1043 qui
637 967 883 1027 Bordati
916 969 1185 1028 versibus
1216 969 1448 1028 reiectis
1479 973 1587 1043 „vt
1616 968 1943 1042 conjectare
1975 968 2209 1044 liceat,“
2241 969 2451 1044 inquit,
2501 968 2844 1044 „exemplar

508 1052 667 1127 q‘uod
713 1054 776 1110 in
822 1072 926 1111 sua
969 1053 1331 1128 metaphrasi
1378 1057 1615 1111 secutus
1655 1058 1748 1112 est
1791 1053 2061 1128 NonnuS,
2108 1073 2142 1111 a
2186 1054 2372 1111 nostri
2404 1054 2692 1128 temporis
2723 1055 2843 1112 edi-

506 1137 768 1195 tionibus
827 1137 1198 1212 aliquantum
1245 1138 1571 1199 .variassc“.
1660 1138 1882 1195 Verum
1937 1139 2048 1197 hoc
2110 1156 2235 1197 esse
2280 1139 2395 1196 iam
2444 1139 2848 1198 demonstrare

507 1221 764 1280 conabor
796 1223 895 1297 ita,
943 1227 1012 1281 ut
1047 1222 1183 1281 illos
1229 1223 1390 1283 locos
1432 1224 1697 1283 breviter
1727 1225 2080 1298 pertractem
2112 1242 2333 1281 omnes.
2410 1223 2480 1280 In
2513 1223 2846 1282 subsidium

510 1306 713 1364 vocavi
758 1307 1053 1366 editiones
1085 1306 1537 1366 Lachmanni
1585 1309 1887 1382 maiorem,
1936 1308 2028 1366 cui
2058 1308 2322 1365 Berolini
2369 1328 2421 1366 a.
2454 1306 2623 1367 XLII
2654 1307 2848 1366 editae

508 1391 861 1467 „Philippus
908 1392 1309 1451 Buttmannus
1354 1392 1624 1451 lectionis
1671 1382 2058 1451 auctoritates
2102 1392 2436 1468 apposuit“,
2485 1393 2846 1451 Tischen·

508 1475 738 1534 dorfii
798 1477 1140 1552 septimam,
1208 1497 1356 1551 quae
1402 1477 1641 1553 Lipsiae
1688 1477 2024 1552 sumptibus
2071 1477 2324 1535 Winteri
2371 1478 2642 1552 proximo
2691 1497 2846 1537 anno

508 1560 733 1635 prodiit
777 1564 1166 1636 „apparatum
1212 1562 1481 1621 criticum
1529 1563 1689 1620 omni
1736 1562 1931 1620 studio
1978 1560 2350 1637 perfectum“
2395 1565 2605 1621 tenens
2652 1594 2731 1603 -—-
2775 1583 2849 1621 ex

513 1663 761 1719 quorum
822 1647 1275 1705 duumvirorum
1332 1647 1717 1722 amplissimis
1774 1647 1961 1721 copiis
2018 1648 2252 1706 criticas
2297 1648 2633 1706 notationes
2677 1647 2844 1706 hausi

515 1730 616 1787 sed
673 1730 1023 1788 brevissime
1076 1733 1307 1789 tantum
1366 1732 1620 1790 indicavi
1681 1764 1793 1806 —-,
1853 1732 2105 1807 denique
2158 1732 2343 1807 ipsius
2399 1732 2845 1791 Buttmauni

513 1813 986 1872 Teubnerianam
1019 1835 1072 1872 a.
1108 1815 1261 1890 LVI,
1308 1836 1424 1891 qua
1469 1816 1572 1875 ille
1603 1817 1678 1875 N.
1711 1816 1777 1878 Τ.
1824 1817 1938 1891 „ad
1981 1816 2153 1875 fidem
2201 1816 2578 1891 potissimum
2626 1817 2848 1883 codicis

514 1896 787 1957 Vaticani
833 1898 883 1955 B
929 1900 1279 1959 recensuit“.

687 1983 1041 2042 Secernendi
1086 2004 1227 2045 vero
1272 1989 1414 2045 sunt
1458 1986 1497 2044 ii
1544 1987 1690 2060 loci,
1749 1986 1810 2043 in
1855 1986 2071 2061 quibus
2116 2005 2249 2044 eum
2296 1986 2548 2045 Nonnus
2594 2005 2847 2063 evange-

518 2068 690 2125 listae
751 2069 931 2128 verba
986 2071 1208 2144 paulo
1263 2070 1588 2130 liberius
1645 2071 2143 2146 expresserit,
2205 2091 2275 2129 ea
2331 2090 2422 2130 res
2482 2071 2673 2130 fraudi
2731 2072 2847 2130 fuit

514 2153 776 2229 antiquis
809 2154 1284 2251 interpretibus.
1372 2156 1469 2214 lta
1527 2156 1586 2229 Ι,
1641 2158 1713 2213 12
1770 2155 1951 2214 verba
2009 2160 2131 2224 τοῖς
2184 2149 2572 2213 πιστεύουσιν
2636 2154 2752 2225 εἰς
2783 2144 2850 2213 τὸ

507 2233 704 2313 ὄνομα
748 2230 937 2297 αὐτοῦ
981 2258 1100 2298 non
1146 2240 1353 2298 dubito
1399 2242 1543 2314 quin
1589 2260 1695 2299 suo
1740 2260 1902 2341 mqre
1947 2241 2321 2300 coniunxerit
2361 2260 2494 2300 cum
2539 2242 2641 2315 iis,
2697 2261 2849 2317 quae

510 2323 687 2382 modo
734 2327 1179 2385 antecesserunt
1220 2316 1349 2382 όσοι
1392 2321 1457 2382 δὲ
1503 2321 1720 2400 ἔλαβον
1764 2319 1970 2400 αὐτόι,
2015 2326 2125 2385 hoc
2171 2326 2346 2384 modo
2390 2346 2447 2385 v.
2482 2328 2557 2385 31
2585 2345 2670 2401 sq.

1313 2475 1440 2517 οσοι
1484 2456 1550 2517 δέ
1593 2481 1696 2536 μιν
1741 2456 1988 2538 ἔμφρονι
2035 2463 2213 2557 θυμῷ

908 2540 1197 2616 ἆπλανέες
1240 2541 1484 2619 δέξαντο
1529 2567 1628 2602 και
1676 2539 1747 2604 οὐ
1795 2543 1934 2604 νόον
1980 2536 2134 2623 εἶχον
2179 2539 2424 2622 αλήτην.

504 2664 530 2721 1
546 2641 689 2722 bid.
740 2666 817 2724 29
867 2660 1016 2741 λέγει
1059 2667 1217 2726 inest
1260 2667 1324 2723 in
1367 2685 1543 2726 versu
1592 2686 1725 2725 vere
1771 2666 2087 2725 Nonniano

908 2778 1205 2841 δάκτυλον
1249 2777 1525 2860 ὀρθώσαις
1572 2779 1909 2842 ἐπεδείκνυε
1952 2782 2206 2862 μάρτυρι
2250 2786 2389 2865 λαῷ.

509 2899 632 2957 Nec
678 2901 849 2959 aliter
892 2901 1036 2960 ibid.
1084 2903 1184 2960 49.

678 2985 781 3060 IV,
816 2988 850 3044 7
883 2987 1038 3061 quod
1072 2990 1131 3045 et
1158 2980 1446 3063 ἀντλῆσαι
1486 2978 1648 3062 ὕδωρ
1693 2991 1754 3047 et
1797 2983 1948 3065 λέγει
1992 2975 2162 3068 αὐτῇ
2188 2992 2322 3064 post
2369 2981 2575 3064 ἠθάδα
2620 2985 2842 3047 κάλπιν

507 3065 718 3144 ἔχουσα
762 3073 824 3129 et
865 3067 1035 3150 ᾔτεεν
1079 3061 1241 3149 ὕδωρ
1285 3073 1734 3147 exprimendum
1781 3073 2019 3148 putavit
2061 3074 2419 3146 NansiuS,
2466 3074 2681 3132 mirum
2727 3079 2841 3134 est.

506 3154 629 3211 Nec
672 3154 855 3213 ibid.
905 3158 942 3214 8
988 3153 1090 3213 ἴνα
1138 3153 1360 3231 τοοφᾶς
1416 3151 1792 3236 ἆγορασωσιν
1835 3159 2085 3217 Nonnus
2131 3161 2266 3234 p'ost
2309 3178 2481 3216 suum
2528 3148 2672 3216 ι’δων
2718 3154 2840 3216 ἔπι-

504 3235 755 3315 δόρπιον
827 3260 991 3317 ωρην
1053 3242 1532 3302 circumscribere
1600 3261 1836 3302 necesse
1895 3243 2120 3305 habuit
2210 3242 2485 3302 Liberius
2541 3245 2718 3302 etiam
2778 3245 2845 3302 in

503 3324 710 3382 eodem
756 3325 995 3401 dialogo
1047 3329 1118 3384 17
1152 3346 1241 3401 sq.
1287 3323 1438 3403 λέγει
1482 3320 1636 3427 αὐτῇ
1678 3321 1710 3385 ὁ
1760 3320 1988 3402 Ἰησοῦς
2041 3329 2247 3397 Καλῶς
2292 3319 2527 3398 εἴπως’
2508 3323 2597 3384 ότι
2639 3323 2837 3402 ἄνδρα

502 3402 611 3465 οὐκ
657 3404 794 3485 ἔχω·
854 3406 1028 3468 πέντε
1072 3406 1183 3488 γὰρ
1225 3406 1452 3487 ἄνδρας
1498 3407 1694 3488 ἔσχες,
1752 3432 1852 3469 και
1899 3415 2015 3469 νῦν
2058 3402 2129 3470 ὁν
2173 3408 2322 3488 ἔχεις
2368 3405 2478 3470 οὐκ
2522 3408 2682 3470 ἔστιν
2727 3428 2838 3470 σου

502 3486 679 3571 ἀνήρ·
729 3493 898 3553 τοῦτο
941 3489 1164 3570 ἄληθες
1209 3494 1449 3572 εἴρηκας
1505 3501 1681 3572 poeta
1727 3498 2036 3556 transtulit
2081 3519 2136 3556 v.
2183 3498 2262 3557 82
2297 3517 2423 3574 sqq.
2470 3497 2582 3557 hoc
2624 3498 2833 3557 mod0.

1112 3609 1259 3684 Θεὸς
1304 3607 1364 3671 δ’
1412 3606 1668 3692 ἤλεγξε
1712 3618 1998 3692 γυναῖκα·

759 3687 969 3772 ,,οἶδα,
1014 3695 1230 3774 γύναι,
1273 3696 1416 3775 μετὰ
1461 3695 1636 3758 πέντε
1682 3698 1874 3758 νόθον
1919 3696 2054 3759 τεὸν
2097 3695 2270 3758 ἕκτον
2311 3695 2590 3799 ἀκοίτην·

756 3778 929 3839 πέντε
973 3781 1086 3858 γὰρ
1134 3779 1363 3859 ἓλλαχες
1407 3780 1637 3858 ανδρας
1679 3779 2014 3861 ἀμοιβαδὸν
2055 3781 2238 3843 ἄλλον
2284 3781 2310 3843 ἔ
2323 3806 2367 3842 π
2438 3777 2626 3863 αλλςο,

756 3861 856 3924 καὶ
902 3874 1021 3926 νῦν
1064 3862 1136 3925 ὃν
1178 3865 1492 3943 μεθέπεις,
1539 3864 1610 3926 οὐ
1656 3863 1896 3947 γνήσιός
1941 3868 2099 3930 ἐστιν
2140 3865 2410 3946 ἀκοίτης·

757 3945 928 4010 τοῦτό
970 3971 1071 4029 μοι
1114 3947 1399 4031 ἀτρεκέως
1444 3952 1749 4030 μυθήσατο.
1756 3955 1798 3989 “

504 4069 618 4126 Ubi
681 4070 838 4145 quod
896 4074 1033 4146 post
1076 4092 1134 4131 v.
1179 4073 1258 4130 83
1321 4073 1669 4132 intrudebat
1710 4074 1969 4135 Nausius
2025 4079 2220 4147 καλαῖς
2271 4064 2444 4146 εἶπας
2500 4095 2590 4133 οτι
2643 4071 2845 4154 ανδρα

505 4146 614 4210 οὐκ
659 4150 770 4229 ἔχω
815 4174 1107 4231 nusquam
1152 4158 1460 4217 commode
1504 4159 1684 4217 inseri
1731 4178 1906 4233 posse
1952 4164 2135 4236 patet.

669 4239 859 4298 Ibid.
908 4242 984 4299 29
1030 4236 1112 4316 μή
1156 4261 1208 4297 τι
1252 4232 1430 4313 ουτός
1475 4239 1633 4301 ἐστιν
1677 4236 1709 4303 ὁ
1759 4241 2017 4323 χριστόςς
2064 4266 2169 4304 suo
2215 4248 2339 4305 iure
2386 4247 2471 4304 ita
2514 4247 2841 4322 expressit.

906 4351 1947 4462 ----ῆράνυΔαβιδ

904 4434 1078 4514 οὗτος
1123 4438 1524 4523 ἇριστογόνοιο
1575 4444 1874 4524 βοωμενος
1923 4443 2054 4518 υἱὸς
2099 4442 2318 4515 ἵκανεις
