3132 5129
1458 346 1752 409 —5'16
1843 382 1916 393 —-

530 508 658 563 tum
704 522 830 565 esse
872 503 1321 579 interpolatoris
1366 504 1655 579 metrum,
1711 504 2030 579 postquam
2074 520 2403 579 pronomen
2445 504 2853 579 possessivum

526 590 771 664 excidit,
829 588 1119 663 sanaturi,
1179 587 1525 664 Euripidem
1569 607 1710 648 vero
1756 588 2018 649 dedisse
2064 584 2286 664 εἴληχε·
2341 584 2492 662 φίλα
2551 584 2671 666 γάρ
2733 586 2854 648 ἐστι

522 695 602 732 τα
618 670 711 751 μὰ
756 666 940 733 πάντ’
991 667 1135 748 ἐμοί.

691 758 863 819 Ferri
910 778 1049 818 sane
1092 760 1294 833 potest
1337 758 1497 834 quod
1545 757 1787 818 Orestes
1831 778 1890 819 v.
1924 760 2046 817 956
2070 777 2159 834 sq.
2205 757 2278 818 de
2323 777 2386 819 se
2431 758 2610 818 dicit.

927 870 1147 957 ἤλγουν
1195 873 1258 936 δὲ
1302 883 1441 971 σιγῇ
1484 869 1794 936 καδόκονν
1836 871 1948 936 οὐκ
1991 871 2236 951 εἰδέναι,

926 960 1114 1043 μέγα
1158 954 1476 1037 στεναζων,
1522 954 1727 1022 οὕνεκ’
1775 952 1857 1039 ἦν
1897 958 2116 1041 μητρὸς
2160 958 2404 1037 φονεύς.

528 1082 645 1142 Sed
689 1100 821 1141 cum
869 1082 971 1142 ille
1001 1101 1247 1159 gravem
1278 1083 1460 1142 animi
1490 1100 1817 1142 maerorem
1846 1082 2140 1142 occultare
2169 1081 2490 1157 studuerit,
2538 1081 2849 1181 probabile

525 1170 618 1226 est
659 1186 793 1226 eum
838 1186 962 1228 non
1005 1171 1129 1226 tam
1172 1169 1456 1243 valide,
1515 1186 1696 1243 quam
1740 1168 1971 1227 tacite
2015 1167 2398 1244 ingemuisse,
2461 1185 2538 1225 ne
2593 1168 2695 1242 qui
2755 1167 2855 1225 ad-

522 1254 695 1312 erant
738 1253 997 1330 suspiria
1039 1253 1166 1311 eius
1196 1252 1497 1315 audirent.
1573 1251 1724 1311 Inde
1765 1252 1925 1311 haud
1971 1252 2093 1311 scio
2137 1270 2215 1314 an
2259 1248 2511 1333 λα’θρα
2555 1244 2857 1319 στενάζων

524 1337 901 1397 scribendum
960 1337 1070 1413 sit,
1116 1336 1486 1414 'quamquam
1544 1337 1609 1396 in
1663 1337 1927 1396 editione
1981 1337 2331 1396 scholastica
2373 1338 2664 1395 traditum
2707 1332 2856 1415 μέγα

528 1422 797 1482 consulto
842 1422 1085 1502 retinui:

692 1508 810 1568 Sed
862 1526 984 1567 non
1037 1502 1346 1568 ferendum
1392 1511 1546 1583 erat,
1604 1506 1763 1583 quod
1810 1527 1866 1567 v.
1914 1508 2076 1567 1046
2123 1506 2367 1587 Orestes
2412 1508 2850 1586 interrogabat:

872 1635 1160 1719 Πυλάδης
1206 1637 1266 1700 δ’
1315 1636 1415 1701 δ’δ’
1462 1637 1612 1721 ἡμῖν
1653 1640 1773 1701 ποῦ
1816 1637 2113 1715 τετάξεται
2155 1638 2426 1718 φόνου;

524 1778 818 1838 Ultimum
863 1780 1217 1840 vocabulum
1264 1798 1443 1855 quam
1487 1798 1611 1839 non
1651 1778 1921 1856 quadret,
1969 1780 2196 1855 optime
2240 1798 2310 1839 ex
2353 1778 2630 1839 Schoenii
2675 1778 2852 1839 inter-

436 1874 497 1921 16
526 1865 857 1939 pretatione
914 1864 1315 1941 intellegitur,
1372 1884 1547 1941 quam
1608 1864 1710 1923 ille
1755 1864 2173 1924 Marklandum
2232 1867 2464 1924 secutus
2509 1864 2602 1924 his
2660 1865 2858 1924 verbis

527 1950 829 2024 concepit:
876 1946 1176 2025 ,,φόνου
1219 1951 1454 2019 „wohin
1494 1952 1657 2009 wirst
1700 1950 1782 2009 du
1811 1950 2006 2009 diesen
2033 1950 2278 2025 brbnqen
2312 1950 2399 2009 bei
2428 1950 2558 2009 dem
2587 1950 2856 2019 Moraae‘,

526 2034 582 2093 d.
628 2034 683 2091 h.
730 2035 819 2094 bei
871 2035 1000 2094 dem
1054 2034 1403 2104 Vorwande,
1460 2037 1576 2095 den
1632 2036 1713 2094 du
1767 2037 1837 2094 in
1877 2034 2111 2106 Betreff
2152 2036 2375 2094 meister
2427 2052 2544 2094 von
2599 2036 2702 2095 der
2743 2035 2856 2094 Be-

522 2120 787 2195 fleclmnq
828 2121 1015 2179 durch
1042 2120 1223 2179 Mord
1248 2121 1598 2181 laceror-clamen
1626 2121 1795 2179 wius-t
1828 2117 1964 2197 (vyl.
1992 2119 2057 2179 V.
2088 2120 2246 2179 1031
2279 2120 2409 2179 und
2443 2115 2654 2199 1033).
2730 2120 2858 2179 Der

525 2206 964 2278 entsprechende
990 2204 1148 2265 Smn
1176 2206 1279 2265 der
1306 2204 1576 2266 Antwort
1621 2198 1870 2281 (ταύτὸν
1912 2200 2006 2262 σοὶ
2049 2200 2354 2280 μίασμα)
2402 2205 2656 2281 beseitiyt
2699 2206 2858 2265 allen

525 2285 801 2359 Austoss,
858 2292 971 2349 den
1024 2308 1171 2351 man
1224 2309 1309 2351 an
1351 2292 1535 2351 doeser
1578 2290 1790 2350 Lesart
1839 2306 2182 2365 ‚qenommen
2233 2290 2398 2351 hatf‘
2483 2290 2646 2349 Hoc
2657 2290 2854 2365 ipsum

523 2393 872 2450 responsum
918 2378 1158 2435 totum
1203 2377 1254 2436 si
1283 2376 1755 2435 considerassent
1784 2378 2052 2434 accurate
2082 2374 2462 2449 interpretes,
2509 2393 2629 2434 non
2661 2375 2856 2434 solum

522 2478 827 2535 nunquam
882 2459 954 2519 de
996 2459 1329 2521 incredibili
1375 2459 1483 2520 illa
1526 2459 1893 2537 cogitassent
1933 2459 2460 2535 interpretatione,
2521 2459 2628 2518 sed
2673 2460 2856 2518 etiam

527 2543 881 2605 coniecturis
936 2546 1368 2607 abstinuissent
1422 2566 1532 2621 per
1587 2564 1650 2606 se
1693 2544 1935 2622 quidem
1978 2544 2136 2604 haud
2180 2544 2417 2605 absonis
2463 2544 2570 2604 sed
2615 2562 2724 2604 nec
2768 2545 2852 2604 rei

524 2630 910 2774 ratiogissneo
964 2632 1086 2690 illis
1142 2630 1487 2708 Iphigeniae
1544 2631 1745 2693 verbis
1791 2629 2275 2707 congruentibus.
2367 2630 2528 2701 Quae
2586 2649 2719 2690 cum
2763 2648 2855 2689 re-

528 2733 678 2790 spon
723 2734 753 2774 e

936 2791 1155 2858 ταύτὸν
1196 2803 1392 2878 χεροῖν
1438 2797 1531 2860 σοὶ
1573 2796 1864 2872 λέξεται
1905 2793 2117 2878 μίασμ’
2167 2795 2336 2876 ἔχων,

537 2934 681 2995 satis
725 2934 988 2996 ostendit
1030 2936 1211 2996 etiam
1256 2935 1485 2996 Orestis
1529 2937 2058 3014 interrogationem
2103 2936 2338 2995 tantum
2395 2936 2460 2995 in
2518 2935 2722 2996 dolosa
2765 2954 2856 2995 so-

526 3021 676 3079 roris
731 3021 1081 3080 oratione
1126 3024 1423 3081 versatam
1469 3040 1628 3098 esse,
1688 3023 1852 3082 cuius
1909 3025 2325 3098 argumentum
2369 3020 2856 3080 antecedentibus

527 3105 665 3164 inde
707 3124 745 3163 s.
786 3126 845 3165 v.
882 3107 1040 3166 1031
1098 3125 1207 3182 per
1263 3109 1487 3182 cetera,
1544 3106 1596 3166 si
1653 3108 1891 3183 quidem
1949 3125 2135 3164 unum
2193 3105 2474 3182 Pyladem
2535 3106 2852 3181 exceperis,

528 3191 729 3248 omnia
757 3193 1098 3249 enarratum
1128 3194 1238 3251 est.
1312 3191 1470 3250 Huic
1513 3192 1701 3268 igitur
1745 3191 2001 3252 orationi
2045 3190 2342 3266 quomodo
2385 3191 2569 3250 etiam
2599 3189 2856 3266 Pylades

528 3273 735 3333 inferri
765 3278 985 3351 posset,
1030 3278 1099 3335 ut
1142 3279 1205 3336 et
1246 3277 1374 3352 ipse
1416 3277 1543 3336 eius
1575 3275 1860 3337 beneficio
1891 3279 2246 3352 servaretur,
2292 3294 2571 3351 quaerere
2602 3275 2860 3335 debebat

535 3358 795 3435 Orestes,
841 3378 963 3419 non
1010 3360 1179 3436 quasi
1221 3361 1315 3420 illi
1358 3365 1463 3421 aut
1505 3361 1569 3420 in
1614 3380 1836 3439 opere
1884 3363 1990 3420 aut
2033 3360 2096 3419 in
2141 3360 2313 3420 dolo
2370 3359 2854 3437 persiciendo

526 3449 724 3520 partes
768 3449 967 3505 essent
1008 3446 1377 3522 tribuendae,
1424 3464 1571 3522 quas
1614 3446 1849 3523 quidem
1895 3448 2097 3521 partes
2141 3446 2270 3504 sola
2311 3445 2502 3505 adhuc
2544 3444 2859 3521 Iphigenia

528 3531 806 3605 suscepit.
880 3529 1030 3590 Inde
1073 3533 1245 3606 patet
1284 3550 1397 3591 nec
1442 3549 1579 3591 cum
1607 3531 1872 3592 Brodaeo
1918 3527 2157 3588 πόνου
2200 3549 2312 3591 nec
2339 3548 2476 3590 cum
2505 3530 2854 3606 Musgravio

527 3611 564 3670 δ
582 3610 758 3673 όλου
804 3615 983 3674 scribi
1026 3634 1219 3691 posse,
1266 3617 1369 3675 sed
1414 3611 1642 3694 λόγου
1687 3617 2017 3676 necessario
2061 3615 2497 3675 restituendum
2541 3633 2683 3674 esse.

696 3699 768 3759 In
812 3719 899 3776 ea,
945 3719 1097 3776 quae
1141 3701 1346 3761 statim
1392 3701 1790 3778 subsequitur,
1837 3701 2119 3777 colloquii
2162 3703 2350 3777 parte,

699 3817 1110 3878 ΟΡΕΣΤΗΣ.
1240 3814 1443 3900 λα’θρα
1488 3813 1546 3876 δ’
1595 3811 1851 3890 ἄνακτος
1885 3813 1937 3922 ἢ
1979 3809 2204 3888 εἰδότος
2248 3809 2490 3891 δράσεις
2535 3810 2703 3882 wide:

699 3903 1195 3964 ΙΦΙΓΕΝΕΙΑ.
1238 3902 1492 3963 πείσασα
1534 3899 1785 4000 μύθοις·
1833 3897 1905 3962 οὖ
1950 3892 2064 3982 γὰρ
2108 3924 2190 3961 αν
2235 3901 2488 3998 λα’θοιμί
2525 3923 2612 3981 γε.

700 3987 1113 4047 ΟΡΕΣΤΗΣ.
1242 3986 1341 4048 καὶ
1382 3985 1509 4066 μὴν
1552 4010 1701 4060 νεως
1744 4007 1809 4068 γε
1851 3987 2094 4060 πίτυλος
2139 3981 2357 4066 εὐήρης
2399 3981 2584 4067 πάρα.
2721 3995 2856 4044 1050

700 4072 1189 4132 ΙΦΙΓΕΝΕΙΑ.
1235 4071 1330 4133 σοὶ
1374 4068 1448 4152 δὴ
1489 4069 1690 4151 μέλειν
1731 4070 1841 4152 χρὴ
1885 4067 2050 4132 τᾶλλ’
2098 4091 2258 4144 οπως
2302 4067 2414 4144 ἔξει
2457 4069 2669 4144 καλῶς.

582 4221 592 4230 ,
698 4157 1110 4217 ΟΡΕΣΤΗΣ.
1243 4147 1376 4230 ἔνός
1420 4156 1612 4235 μόνου
1655 4158 1768 4232 δεῖ,
1815 4154 1994 4217 τάσδε
2036 4151 2383 4236 συγκρύψαι
2423 4149 2581 4217 τάδε.

1237 4237 1371 4302 ἀλλ’
1416 4237 1655 4316 ἀντίαζε
1697 4241 1797 4304 καὶ
1839 4237 2049 4323 λόγους
2091 4241 2468 4321 πειστηρίους

1240 4321 1510 4407 εὕρισκ’·
1559 4325 1676 4406 ἔχει
1719 4349 1807 4388 τοι
1851 4326 2116 4406 δύναμιν
2158 4327 2244 4399 εἰς
2287 4319 2484 4386 οἶκτον
2524 4322 2706 4405 γυνή.

1238 4411 1309 4472 τὰ
1356 4408 1412 4471 δ’
1462 4405 1595 4473 αλλ’
1645 4412 1789 4486 ἴσως
1833 4436 1917 4474 αν
1958 4433 2160 4473 παντα
2201 4411 2465 4492 συμβαίη
2506 4411 2727 4482 καλῶς·
