3132 5129
1328 419 1742 482 ..77-

368 576 572 634 Priore
616 575 779 634 enim
824 577 956 635 loco
1001 575 1129 635 sine
1173 593 1349 634 versu
1396 576 1517 633 236
1577 579 1774 634 cetera
1828 575 1935 633 hoc
1980 575 2159 634 modo
2189 578 2516 635 enuntiata
2559 579 2701 636 olim

369 662 550 721 fuisse
595 660 755 718 haud
800 660 1279 736 improbabiliter
1321 660 1606 719 conicias:

534 787 636 834 234
719 771 1003 874 Ἀργεῖοι,
1045 770 1130 855 μή
1172 773 1266 836 πώ
1311 799 1364 835 τι
1407 777 1644 855 μεθίετε
1662 777 1977 874 θούριδος
2021 773 2230 854 ἀλκῆς.

534 872 638 919 235
725 858 797 921 οὐ
841 885 953 962 γαρ
998 860 1098 921 ἔτι
1152 860 1485 964 Τρώεσσι
1530 853 1722 942 πατὴρ
1768 861 1923 935 Ζεὺς
1968 860 2153 922 ἔσσετ’
2200 857 2459 955 ἀρωγός·

534 957 635 1003 237
722 942 872 1006 ἀλλ’
920 945 1052 1025 ἤτοι
1097 940 1299 1007 αυτοῖν
1343 944 1545 1026 τέρενα
1592 945 1734 1025 χρόα
1778 956 1965 1027 γῦπες
2011 945 2302 1024 ἔδονται,
2314 955 2425 1008 etc.

366 1066 482 1209 ξέἰ
531 1068 765 1210 meg'izus
806 1086 1015 1127 versus
1058 1067 1462 1127 conformatus
1507 1070 1602 1126 est
1643 1068 1717 1126 ad
1764 1068 1935 1126 illum
1982 1069 2360 1127 notissimum
2409 1069 2459 1124 B
2510 1070 2702 1125 13-
2619 1094 2702 1116 =

773 1247 855 1310 οὐ
901 1249 1014 1332 γὰρ
1058 1248 1150 1311 ἔτ’
1197 1247 1387 1328 ἆμφις
1426 1245 1720 1330 Ὀλύμπια
1764 1247 1995 1330 δώματ’
2043 1250 2270 1330 ἔχοντες

771 1336 1070 1398 ἀθάνατοι
1114 1332 1481 1417 φράζονται.>

366 1457 538 1515 Alter
585 1478 724 1517 vero
769 1460 935 1518 locus
982 1461 1185 1518 269—
1196 1459 1353 1517 271:

621 1572 783 1653 ὄφρα
828 1571 1067 1654 τάχιστα
1110 1570 1461 1681 paxmpess',
1508 1573 1633 1635 ἐπεὶ
1683 1574 1801 1635 σύν
1842 1570 1899 1655 γ’
1950 1572 2106 1679 ὅρκι’
2156 1574 2369 1654 ἔχευαν

628 1663 856 1738 Τρῶες·
904 1665 1094 1721 τοῖσιν
1136 1657 1193 1720 δ’
1240 1652 1321 1722 αὖ
1366 1659 1633 1732 θάνατος
1678 1683 1780 1719 και
1821 1655 1990 1738 κήδε’
2040 1657 2266 1721 ὀπίσσω
2335 1718 2338 1725 .

625 1741 848 1822 ἔσσετ’,
894 1743 1018 1805 ἐπεὶ
1062 1744 1332 1828 πρότεροι
1387 1742 1539 1824 ὑπὲρ
1585 1767 1754 1822 ορκια
1797 1743 2149 1823 δηλήσαντο.

365 1867 493 1925 sine
538 1866 667 1924 ullo
714 1867 1075 1925 detrimento
1120 1868 1318 1926 omitti
1363 1871 1628 1945 poterat,
1687 1886 1819 1926 cum
1865 1867 2112 1942 simplex
2156 1867 2461 1926 Idomenei
2509 1868 2699 1927 oratio

366 1952 601 2026 optime
647 1952 769 2009 268
813 1951 1086 2011 concludi
1117 1955 1338 2027 possit:

772 2060 905 2126 ἀλλ’
948 2064 1165 2142 ἄλλους
1208 2067 1420 2149 ὄτρυνε
1462 2065 1960 2149 καρηκομόωντας
1999 2064 2293 2147 Ἀχαιούς.

369 2188 452 2248 Et
492 2190 710 2251 suadet
751 2188 862 2247 hoc
906 2189 1140 2248 inutilis
1186 2191 1300 2249 loci
1346 2190 1703 2267 garrulitas,
1759 2208 1878 2264 qua
1920 2208 2054 2248 cum
2099 2192 2192 2250 bis
2249 2193 2524 2267 generale
2579 2194 2700 2252 vio·

370 2275 477 2334 lati
523 2273 909 2335 iurisiurandi
954 2275 1175 2334 crimen
1219 2279 1562 2350 repetatur,
1610 2275 1897 2333 reticetur
1942 2278 2173 2349 tamen,
2234 2295 2350 2350 quo
2396 2277 2701 2337 bellatoris

368 2360 550 2419 bilem
595 2378 774 2437 quam
817 2359 1100 2417 acerrime
1141 2361 1366 2420 moveri
1412 2363 1874 2420 consentaneum
1921 2362 2040 2432 est,
2091 2362 2400 2420 vulnerato
2433 2363 2700 2421 Menelao

367 2450 505 2521 post
547 2446 855 2506 victoriam
903 2443 976 2502 de
1017 2444 1230 2503 Paride
1273 2448 1639 2522 reportatam
1686 2444 1744 2503 id
1776 2444 2105 2520 periurium
2152 2446 2523 2504 commissum
2557 2466 2700 2509 esse.

369 2530 524 2591 Hinc
569 2549 744 2604 sane,
804 2528 856 2588 si
900 2529 991 2589 cui
1039 2529 1180 2589 haec
1222 2531 1516 2591 medicina
1558 2530 1717 2589 iusto
1777 2529 1991 2589 fortior
2035 2531 2337 2603 videatur,
2393 2531 2545 2591 nihil
2602 2534 2699 2593 ob-

370 2619 515 2683 stat,
562 2615 879 2692 quominus
936 2617 1184 2674 retentis
1228 2617 1503 2676 omnibus
1558 2617 1621 2674 in
1664 2616 1776 2674 hoc
1819 2614 2058 2690 quidem
2104 2617 2363 2676 carmine
2407 2617 2567 2675 aliud
2601 2619 2698 2676 in-

370 2705 594 2768 nuatur
637 2700 966 2777 periurium
1016 2720 1050 2758 a
1096 2699 1369 2762 Troianis
1424 2720 1544 2761 non
1588 2700 1698 2759 hoc
1747 2700 1874 2776 ipso
1920 2701 2205 2777 temporis
2250 2704 2552 2760 momento
2597 2704 2701 2760 sed

370 2787 484 2844 iam
532 2787 754 2846 dudum
801 2785 1200 2844 commissum.
1291 2787 1496 2861 Neque
1554 2786 1716 2861 quod
1763 2785 1913 2843 illud
1962 2787 2169 2862 fuerit,
2217 2786 2530 2845 obscurum
2577 2792 2698 2846 est:

370 2873 551 2930 immo
596 2874 742 2931 satis
787 2873 990 2945 aperte
1046 2869 1118 2928 iis
1176 2871 1503 2946 indicatur,
1563 2889 1715 2945 quae
1771 2867 2049 2930 Antenor
2101 2890 2284 2947 supra
2338 2873 2606 2930 narravit
2653 2873 2711 2928 Γ

370 2957 494 3016 205
525 2976 653 3032 sqq.
732 2955 968 3013 Etenim
1025 2973 1156 3014 cum
1221 2956 1527 3015 Menelaus
1583 2958 1762 3030 atque
1807 2953 2011 3017 Ulixes
2068 2957 2251 3034 legati
2308 2955 2549 3014 Troiam
2603 2978 2697 3016 ve-

368 3041 601 3100 nissent
654 3041 916 3100 Helenae
975 3040 1378 3114 exposcendae
1436 3059 1638 3110 causa,
1693 3039 1970 3099 Antenor
2023 3061 2122 3101 eos
2177 3060 2297 3101 non
2351 3041 2544 3099 solum
2600 3042 2695 3100 be·

368 3126 555 3202 nigno
597 3125 858 3202 hospitio
888 3128 1119 3199 excepit
1147 3130 1326 3201 atque
1372 3127 1431 3184 in
1477 3125 1754 3184 contione
1793 3124 1865 3182 de
1897 3144 2098 3185 eorum
2144 3125 2465 3202 postulatis
2496 3127 2701 3185 habita

370 3228 475 3272 suo
520 3210 805 3288 suffragio
836 3209 1070 3267 adiuvit
1112 3209 1210 3287 (cf.
1244 3211 1309 3267 H
1341 3212 1462 3269 348
1496 3207 1685 3288 sqq.),
1734 3209 1836 3268 sed
1882 3212 2096 3284 etiam,
2143 3231 2274 3271 cum
2307 3210 2699 3271 Antimachus

369 3314 403 3352 a
470 3295 683 3354 Paride
751 3297 1068 3368 corruptus
1132 3314 1236 3354 eos
1304 3294 1749 3354 interficiendos
1816 3298 2142 3355 censuisset
2201 3294 2293 3374 (A
2340 3297 2696 3356 123—125.

374 3380 766 3455 138—142)‚
813 3383 875 3438 et
916 3379 1116 3454 palam
1174 3380 1401 3439 restitit
1451 3383 1513 3438 et
1566 3379 1751 3453 impio
1809 3381 2057 3439 consilio
2115 3380 2390 3439 Troianis
2447 3382 2698 3456 probato

369 3464 597 3540 legatos
643 3483 760 3538 „ne
803 3463 1034 3522 Paridis
1080 3465 1314 3524 insidiis
1371 3467 1782 3524 sternerentur
1824 3465 2158 3541 admonuit,
2215 3468 2306 3536 et,
2366 3468 2434 3523 ut
2476 3467 2549 3525 ab
2595 3467 2697 3526 ali-

368 3549 583 3623 quibus
628 3549 918 3623 traditur,
979 3547 1141 3622 ipse
1198 3549 1576 3625 defendit3
1637 3548 1713 3607 ob
1769 3550 1928 3623 quod
1974 3511 2281 3621 meritum,
2342 3553 2519 3624 capto
2563 3551 2697 3623 Ilio,

369 3634 680 3694 incolumis
724 3593 976 3693 evasit’f‘
1065 3633 1265 3693 Verba
1318 3638 1462 3693 sunt
1523 3634 1867 3708 interpretis
1926 3636 2144 3694 Maiani
2201 3634 2275 3694 ad
2320 3632 2500 3710 Verg.
2546 3636 2695 3694 Aen.

366 3718 606 3790 1‚242
673 3715 867 3796 [Serv.
888 3697 1028 3776 ed.
1098 3718 1252 3778 Lion
1320 3719 1380 3777 II
1454 3739 1510 3794 p.
1581 3716 1768 3794 311],
1849 3738 2101 3795 quorum
2170 3719 2448 3779 notitiam
2514 3720 2697 3779 debeo

366 3802 760 3862 Welckero
805 3805 867 3862 in
911 3803 1067 3861 libro
1113 3803 1186 3863 de
1229 3803 1466 3863 Graecis
1511 3804 1838 3880 tragoediis
1883 3806 2103 3881 scripto
2134 3806 2164 3864 I
2206 3826 2266 3882 p.
2312 3804 2428 3861 121
2477 3808 2602 3863 not.
2638 3807 2695 3864 6.

364 3887 570 3963 Neque
615 3889 794 3947 aliter
823 3887 1021 3946 Schol.
1068 3888 1190 3947 AD
1234 3889 1308 3947 ad
1355 3889 1410 3944 Γ
1450 3889 1606 3947 206:
1663 3884 1777 3966 πρὸ
1839 3896 1944 3947 τοῦ
1989 3896 2340 3969 στρατεῦσαι
2395 3885 2530 3959 τοὺς
2560 3881 2696 3948 ’Έλ-

360 3973 545 4048 ληνας
590 3973 675 4043 εἰς
712 3970 931 4050 Τροίαν
974 3961 1155 4030 λθον
1181 3969 1453 4051 πρέσβεις
1490 3965 1814 4043 Ὀδυσσεὺς
1857 3971 1959 4032 καὶ
2005 3970 2337 4048 Μενέλαος,
2381 3967 2699 4033 ἆπαιτοῦν·

362 4078 453 4128 τες
487 4053 774 4134 Ἑλένην,
821 4053 887 4115 ἐν
930 3995 1020 4128 οἷς
1066 4065 1208 4115 τῶν
1247 4055 1492 4115 ἄλλων
1547 4051 1822 4128 αὐτοὺς
1865 4049 2007 4134 μεθ
2055 4055 2340 4137 ὕβρεως
2387 4058 2695 4132 διωξάν-

363 4163 503 4201 των
544 4141 730 4220 μόνος
769 4137 1073 4219 Ἀντήνωρ
1117 4140 1322 4215 ξενίζει
1366 4139 1765 4220 φιλοφρόνως,
1812 4147 1873 4202 et
1915 4144 2130 4203 clarius
2162 4146 2342 4203 etiam
2369 4145 2444 4203 L:
2490 4164 2586 4203 οτε
2621 4177 2692 4186 —

359 4222 793 4306 ἐπρεσβεύοντο
835 4226 898 4285 οἱ
932 4224 1066 4305 περὶ
1116 4223 1470 4303 Μενέλαον,
1514 4225 1643 4284 τότε
1684 4219 1985 4304 Ἀντήνωρ
2012 4261 2090 4270 -
2121 4221 2447 4302 ὑπεδέξατο
2476 4223 2698 4300 αὐτοὺς

356 4310 457 4371 καὶ
499 4312 1103 4387 δολοφονεῖσθαι
1145 4307 1559 4387 μέλλοντας
1604 4308 1903 4372 ἔσωσεν.
1980 4312 2136 4373 Hinc
2180 4315 2242 4373 in
2273 4314 2698 4375 Antimachum

358 4398 568 4472 perfidi
618 4398 852 4458 consilii
905 4401 1236 4473 auctorem,
1297 4399 1397 4475 qui
1443 4401 1505 4455 A
1555 4398 1675 4457 138
1719 4398 1904 4474 vulgo
1950 4392 2276 4477 δαΐφρονος
2320 4400 2515 4472 audit,
2563 4418 2696 4458 cum

2743 798 2802 844 12

360 4481 708 4544 Zenodotus
752 4479 1130 4560 κακόφρονος
1186 4485 1551 4560 scripsisset,
1612 4481 1764 4542 illud
1821 4484 2015 4558 ipsum
2060 4484 2370 4561 epitheton
2414 4485 2702 4559 quadrare
2734 4491 2797 4538 13
