3132 5129
1350 387 1643 481 ..⁶422
1738 426 1804 434 .-

411 550 763 612 celebranda
819 551 1041 608 ceteras
1086 547 1523 608 Universitates
1568 550 1631 604 et
1675 546 2026 606 Academias
2085 546 2272 605 amice
2329 545 2752 619 invitaveritis,

410 656 512 697 eae
568 655 689 695 non
749 634 960 693 dubito
1009 633 1152 708 quin
1197 632 1331 691 huic
1377 631 1719 691 invitationi
1765 630 2030 690 studiose
2076 633 2350 706 arreptae
2395 631 2609 707 legatis
2652 631 2754 689 lit-

411 723 671 796 terisque
726 718 1139 796 gratulatoriis
1198 716 1395 776 missis
1451 715 1873 791 responderint
1929 735 2156 774 omnes·
2248 714 2367 774 Sed
2423 736 2493 775 ex
2537 734 2753 792 magno

412 808 623 865 horum
669 802 1077 879 Collegiorum
1130 820 1380 860 numero
1423 801 1584 859 haud
1630 801 1751 860 scio
1796 820 1870 860 an
1916 801 2084 859 nulla
2128 801 2493 875 antiquiores
2535 800 2756 859 habeat

413 891 834 967 gravioresque
878 905 1100 959 causas,
1148 885 1363 963 quibus
1408 890 1479 945 ut
1520 885 1845 945 Vobiscum
1892 886 2070 944 huius
2126 886 2246 944 diei
2292 885 2753 944 sollemnitatem

415 974 786 1035 concelebret
828 973 1130 1048 incitetur,
1178 990 1359 1047 quam
1403 973 1609 1030 nostra
1654 969 1994 1029 Turicensis
2041 970 2447 1029 UniversitaS.

583 1057 746 1117 Haec
777 1058 935 1117 enim
969 1076 1331 1133 quamquam
1362 1056 1462 1114 vix
1492 1058 1766 1130 quartam
1796 1056 1973 1113 unius
2006 1055 2220 1114 saeculi
2251 1059 2486 1130 partem
2520 1074 2760 1115 emensa

414 1146 475 1203 in
519 1142 1025 1203 Universitatibus
1071 1145 1160 1200 est
1202 1144 1350 1199 natu
1406 1140 1701 1213 minimiS,
1757 1158 1866 1198 nec
1922 1160 2202 1215 umquam
2261 1145 2458 1199 tamen
2517 1144 2757 1199 nostrae

414 1229 565 1288 Urbi
611 1229 844 1288 scholae
888 1226 1236 1301 defuerunt,
1291 1224 1509 1301 quibus
1566 1225 1846 1283 iuventus
1904 1225 1978 1282 ad
2035 1243 2267 1283 omnem
2325 1224 2755 1284 humanitatem

415 1313 713 1388 bonasque
757 1316 915 1371 artes
960 1311 1399 1384 informaretur,
1446 1329 1615 1385 quae,
1662 1313 1980 1384 postquam
2027 1309 2100 1367 ad
2145 1310 2590 1384 antiquissimae
2634 1328 2757 1368 me·

413 1400 639 1458 moriae
694 1398 1015 1473 collegium
1074 1395 1418 1454 Carolinum
1471 1396 1731 1471 primum
1788 1393 2122 1471 Collegium
2178 1394 2569 1454 humanitatis
2625 1399 2755 1452 tum

413 1485 700 1543 instituta
768 1485 830 1541 et
896 1482 1188 1540 medicum
1257 1483 1319 1538 et
1380 1480 1695 1556 politicum
1758 1482 2159 1554 accesserunt,
2226 1482 2525 1554 postremo
2589 1479 2757 1555 quasi

417 1568 768 1628 Academiae
825 1566 888 1625 in
947 1586 1052 1624 sua
1094 1563 1363 1625 membra
1406 1567 1710 1640 separatae
1758 1566 2016 1639 speciem
2060 1562 2356 1638 quandam
2400 1564 2755 1638 referebant,

417 1657 477 1713 et
528 1653 636 1712 has
691 1653 852 1711 inter
908 1651 1138 1710 scholas
1204 1653 1384 1725 atque
1437 1649 1712 1707 Vestram
1770 1648 2238 1708 Universitatem
2295 1651 2419 1706 tam
2477 1648 2757 1725 frequens

416 1739 748 1813 florensque
793 1755 1024 1811 semper
1068 1735 1400 1794 studiorum
1445 1733 1896 1809 litterarumque
1943 1734 2276 1794 intercessit
2317 1734 2755 1809 commercium,

417 1826 503 1896 ut,
548 1822 725 1880 huius
770 1839 997 1880 summa
1040 1818 1272 1878 tantum
1321 1819 1517 1895 capita
1561 1820 1610 1878 si
1656 1820 1749 1878 vel
1795 1820 2064 1878 celeriter
2120 1838 2460 1895 percurrere
2517 1818 2751 1894 vellem,

416 1905 623 1965 libello
668 1906 811 1964 mihi
857 1925 1005 1981 opus
1050 1906 1210 1965 esset
1250 1904 1425 1963 huius
1470 1903 1810 1981 scriptionis
1855 1903 2002 1963 fines
2047 1906 2303 1963 multum
2350 1923 2755 1981 supergresso·

422 1990 539 2050 Sed
584 2008 693 2049 nec
738 2009 889 2065 opus
935 1994 1027 2050 est
1070 1989 1357 2049 eiusmodi
1404 1988 1628 2065 indice,
1676 2007 1809 2046 cum
1856 2008 1925 2047 ea
1969 1992 2155 2064 certe,
2205 2008 2356 2064 quae
2399 1990 2509 2048 hac
2554 1991 2759 2048 nostra

419 2079 527 2134 aut
572 2077 808 2150 patrum
853 2075 1136 2133 memoria
1181 2074 1337 2133 facta
1382 2078 1539 2149 sunt,
1588 2074 1855 2133 omnium
1887 2072 2079 2130 adhuc
2108 2074 2393 2132 memoria
2423 2076 2754 2133 teneantur.

420 2161 875 2219 Innumerorum
907 2160 1339 2235 Turicensium,
1377 2159 1478 2234 qui
1509 2159 1601 2217 his
1631 2158 1824 2216 tribus
1857 2157 2145 2233 proximis
2175 2159 2426 2217 saeculis
2455 2160 2517 2217 in
2542 2158 2759 2218 Vestra

421 2245 828 2304 Universitate
858 2245 933 2304 ad
965 2263 1225 2305 summos
1256 2244 1476 2321 gradus
1506 2243 1894 2302 Academicos
1925 2245 2344 2318 pervenerunt,
2377 2244 2543 2319 quasi
2574 2245 2756 2320 legati

421 2330 696 2388 nonnulli
728 2335 885 2388 certe
932 2331 1188 2390 aderunt
1231 2349 1301 2388 ex
1345 2328 1456 2400 hia,
1503 2330 1607 2403 qui
1651 2329 1857 2387 nostra
1903 2331 2093 2387 aetate
2137 2329 2295 2386 hunc
2339 2328 2529 2403 ipsum
2574 2329 2755 2389 hono-

422 2434 548 2473 rem
591 2434 625 2472 a
669 2415 856 2473 Vobis
914 2419 1020 2474 aut
1071 2416 1184 2473 rite
1239 2414 1439 2488 adepti
1497 2416 1638 2472 sunt
1683 2415 1786 2471 aut
1829 2412 2177 2471 meritorum
2223 2412 2556 2487 praemium
2601 2415 2759 2472 ultro

422 2503 793 2575 acceperunt.
882 2500 1008 2558 Nos
1053 2517 1191 2558 vero
1239 2498 1457 2557 diserte
1501 2499 1673 2556 iuvat
1716 2497 2066 2556 memoriam
2110 2498 2462 2557 resuscitare
2520 2499 2756 2557 socie-

424 2586 612 2644 tatis
658 2585 819 2643 illius
846 2585 1293 2643 Helveticae
1338 2583 1637 2644 virtutum
1667 2583 2072 2658 bonarumque
2102 2585 2321 2643 artium
2368 2602 2477 2659 per
2519 2584 2756 2660 longam

422 2687 717 2728 annorum
774 2670 984 2726 seriem
1040 2669 1329 2742 cultriciS,
1387 2688 1566 2743 quam
1615 2671 1758 2744 ante
1811 2668 1919 2725 hos
1965 2667 2028 2726 G.
2076 2687 2260 2728 annos
2319 2688 2518 2728 mense
2565 2668 2759 2745 Aprili

424 2752 825 2813 saecularibus
869 2751 1100 2812 Vestris
1155 2753 1409 2827 peractis
1465 2753 1706 2811 Isaaci
1762 2752 2040 2811 Iselini
2098 2754 2225 2812 eius
2272 2752 2411 2812 festi
2456 2754 2758 2813 studiosis·

425 2839 560 2897 simi
618 2838 877 2896 auctoris
944 2836 1224 2911 hospitali
1284 2855 1520 2895 mensae
1584 2836 1924 2896 adsidentes
1982 2836 2276 2897 Salomo
2338 2837 2757 2913 Hirzelius‚

428 2923 722 2981 Salomo
755 2921 1200 2995 GessneruS,
1248 2921 1628 2980 Henricus
1675 2921 2074 2981 Schinzius
2119 2924 2277 2984 cives
2320 2924 2508 2982 nostri
2539 2924 2600 2981 in
2632 2924 2760 2998 ipso

428 3007 796 3066 valedicendi
843 3007 1046 3066 dolore
1079 3006 1301 3064 dextris
1334 3008 1541 3063 mutuo
1575 3006 1726 3063 datis
1756 3008 2134 3083 acceptisque
2165 3006 2535 3067 condendam
2568 3026 2760 3068 susce-

428 3094 660 3167 perunt,
710 3092 1008 3166 sequentis
1052 3092 1195 3149 anni
1239 3109 1437 3148 mense
1470 3090 1628 3149 Maio
1675 3091 2209 3151 Schinznachii
2256 3110 2388 3152 cum
2432 3092 2566 3151 aliis
2611 3093 2758 3152 eius-

429 3176 560 3234 dem
606 3177 834 3251 ingenii
880 3176 1083 3234 amicis
1129 3176 1473 3252 congregati
1520 3175 1933 3234 condiderunt.

596 3260 737 3318 Alia
792 3278 1118 3319 memorare
1175 3278 1408 3336 possem
1464 3261 1799 3336 similiaque
1860 3263 2157 3320 consortia
2212 3263 2395 3321 etiam
2459 3262 2533 3321 ad
2603 3262 2762 3321 vitae

428 3365 601 3405 usum
660 3347 1020 3420 spectantia,
1079 3346 1139 3403 in
1197 3346 1414 3420 quibus
1472 3346 1672 3420 „idem
1727 3347 1882 3405 velle
1928 3349 2103 3421 atque
2148 3347 2308 3404 idem
2352 3346 2554 3406 nolle“
2600 3346 2763 3405 Basi-

428 3431 728 3490 leensibus
786 3434 847 3488 et
891 3430 1310 3489 Turicensibus
1365 3429 1769 3489 firmissimum
1828 3431 2057 3490 exstitit
2101 3431 2402 3491 amicitiae
2437 3433 2760 3491 vinculum.

430 3515 545 3573 Sed
590 3517 706 3573 iam
750 3516 1017 3574 animum
1060 3515 1133 3572 ad
1181 3533 1243 3573 se
1286 3516 1445 3590 rapit
1489 3516 1847 3575 sanctissimi
1892 3515 2054 3574 illius
2084 3518 2216 3575 aevi
2248 3516 2599 3591 recordatio,
2645 3534 2763 3591 quo

428 3604 497 3659 ut
553 3601 614 3657 in
662 3599 980 3659 Germania
1030 3601 1117 3658 ita
1172 3599 1352 3658 etiam
1409 3600 1568 3674 apud
1625 3603 1895 3659 nostrum
1952 3602 2242 3676 populum
2289 3603 2458 3660 tanta
2500 3602 2764 3660 virorum

430 3685 672 3761 ingenio
721 3686 944 3744 virtute
1000 3684 1334 3744 constantia
1388 3685 1716 3760 insignium
1761 3686 1930 3761 copia
1980 3684 2189 3744 divina
2242 3687 2501 3744 humana
2566 3687 2765 3744 omnia

429 3769 729 3828 illustrare
774 3769 1084 3828 emendare
1127 3769 1453 3843 provehere
1498 3788 1731 3828 summa
1774 3788 1883 3845 ope
1928 3771 2078 3828 enisi
2109 3774 2266 3845 sunt,
2315 3789 2431 3846 quo
2463 3771 2589 3846 ipso
2620 3788 2766 3830 aevo

431 3857 703 3912 mutuum
732 3854 884 3912 illud
912 3856 1071 3913 inter
1099 3856 1332 3912 nostras
1375 3873 1469 3913 res
1514 3855 1786 3930 publicas
1828 3857 2183 3931 nostrosque
2230 3857 2389 3915 cives
2434 3856 2765 3914 studiorum

431 3938 879 4014 officiorumque
935 3939 1350 3999 commercium
1397 3942 1455 3997 et
1500 3939 1952 3999 celeberrimum
2007 3940 2123 3998 fuit
2167 3942 2228 3998 et
2271 3939 2764 4002 efficacissimum.

432 4023 718 4082 Choream
766 4024 930 4082 ducit
976 4024 1239 4082 virorum
1284 4024 1722 4098 praeclarorum
1781 4025 1884 4083 ille
1939 4026 2204 4083 omnium
2261 4026 2540 4101 princeps
2583 4025 2765 4083 Hul-

434 4107 744 4166 drichus
791 4107 1221 4184 ZvingliuS,
1282 4108 1342 4166 in
1388 4108 1605 4167 Vestra
1648 4108 1808 4168 Urbe
1854 4112 1914 4167 et
1966 4128 2114 4184 puer
2157 4108 2481 4185 discipulus
2526 4114 2585 4169 et
2628 4110 2765 4169 ado·

431 4194 658 4252 lescens
688 4195 1056 4267 praeceptor,
1100 4212 1136 4250 a
1165 4191 1382 4251 Vestra
1412 4194 1811 4272 Universitate
1854 4193 2192 4253 liberalium
2233 4196 2450 4254 artium
2483 4195 2768 4271 Magister

434 4277 659 4352 factus,
719 4296 895 4353 quem
955 4280 1153 4336 tamen
1200 4278 1439 4338 titulum
1487 4281 1785 4338 constanti
1829 4280 2122 4339 modestia
2165 4279 2465 4339 abnuebat
2509 4280 2689 4356 semel
2733 4299 2769 4337 a

433 4361 1008 4421 Wittenbachio
1055 4362 1267 4422 Vestro
1323 4362 1517 4422 solum
1564 4363 1865 4422 Christum
1920 4365 2186 4423 omnium
2241 4366 2596 4442 magistrum
2638 4383 2767 4424 esse

434 4447 710 4522 edoctus3
784 4447 1133 4524 signiferum
1204 4451 1538 4525 sequuntur
1598 4449 1670 4508 ab
1736 4449 1839 4508 illo
1905 4450 2034 4525 ipso
2096 4469 2167 4508 ex
2222 4449 2436 4509 Vestra
2499 4450 2646 4509 urbe
2704 4450 2768 4508 in
