3132 5129
1391 421 1459 432 —
1559 384 1846 446 174—

444 563 480 601 a
521 544 703 602 maris
747 543 887 624 inde
932 542 1135 601 littore
1182 542 1353 600 illum
1407 557 1643 615 somn0,
1698 560 1873 616 quem
1928 541 2058 615 ipsa
2100 541 2457 616 immiserat,
2517 541 2791 601 discusso

445 629 649 687 eadem
702 629 766 687 in
821 627 1028 686 urbem
1084 631 1148 685 et
1205 627 1279 684 ad
1336 627 1496 703 regis
1541 626 1715 684 aedes
1758 625 2077 701 perduxit?
2164 624 2387 684 Verum
2434 627 2569 685 huic
2612 626 2791 684 dubi-

445 714 659 772 tationi
713 713 856 788 quid
913 712 1257 786 responderi
1314 711 1532 786 possit,
1592 729 1684 769 me
1741 729 1861 769 non
1915 710 2097 783 latet,
2166 729 2275 769 nec
2342 710 2602 770 diffiteor
2654 730 2792 769 eam

344 807 410 854 29
450 798 649 856 animo
708 798 939 872 concipi
994 800 1057 856 et
1108 796 1366 854 carmine
1424 796 1701 855 adornari
1757 795 2023 870 potuisse
2081 795 2385 854 Minervae
2438 815 2571 854 cum
2613 794 2794 854 Ulixe

450 883 960 959 congressionem,
1006 901 1123 957 qua
1168 881 1614 957 congressione,
1661 880 1952 956 quidquid
1984 899 2018 937 a
2047 879 2341 938 Nausicaa
2368 882 2430 939 in
2461 881 2792 939 erudiendo

447 972 510 1025 et
559 967 966 1043 praeparando
1023 967 1259 1041 hospite
1316 966 1653 1044 neglectum
1713 969 1896 1038 esset,
1972 964 2030 1022 id
2099 965 2359 1040 benigno
2427 966 2569 1024 deae
2635 968 2794 1023 nutu

448 1053 825 1128 suppleretur
867 1055 931 1111 et
973 1051 1404 1109 emendaretur.
1481 1050 1569 1108 Et
1611 1050 1729 1108 fuit
1772 1049 1884 1108 hoc
1927 1051 2055 1108 sine
2101 1049 2280 1107 dubio
2325 1051 2478 1125 eiuS,
2524 1052 2627 1126 qui
2673 1051 2793 1109 Mi-

448 1156 664 1196 nervae
721 1155 1103 1212 congressum
1146 1136 1382 1210 intulit,
1430 1135 1770 1209 consilium,
1831 1153 1963 1192 cum
2007 1134 2282 1192 Aretae
2324 1153 2568 1210 nomen,
2625 1137 2794 1211 quod

450 1243 485 1280 a
529 1222 761 1299 virgine
817 1240 936 1284 non
994 1222 1247 1280 oblitum
1301 1239 1430 1280 esse
1482 1220 1670 1295 patris
1728 1238 1944 1278 nomen
2001 1223 2092 1278 ter
2150 1217 2210 1293 (ζ
2239 1221 2374 1278 196.
2436 1222 2578 1283 299.
2633 1217 2793 1299 302)

449 1310 819 1366 memorante
873 1306 1085 1382 quovis
1141 1307 1390 1381 pignore
1444 1304 1881 1378 contenderim,
1950 1305 2156 1362 sedulo
2212 1322 2282 1362 ex
2338 1306 2464 1365 eius
2520 1308 2795 1365 oratione

450 1393 689 1451 tolleret
734 1392 963 1450 scilicet
1007 1392 1311 1449 Minervae
1355 1390 1593 1448 demum
1635 1411 1674 1465 η
1706 1391 1804 1447 54.
1854 1390 1933 1448 66
1991 1389 2451 1464 reservandum3
2509 1410 2617 1450 nec
2670 1391 2795 1449 alia

456 1477 530 1535 de
557 1495 733 1535 causa
757 1478 874 1534 iam
898 1476 1128 1550 antiqui
1148 1475 1339 1533 critici
1371 1476 1756 1545 §313—315
1780 1474 1947 1548 quasi
1974 1474 2358 1549 depromptos
2380 1493 2449 1532 ex
2474 1497 2511 1550 η
2540 1478 2789 1535 75-77

456 1562 744 1621 delevisse
809 1559 1105 1620 videntur.
1193 1559 1385 1619 Huius
1444 1579 1583 1619 vero
1653 1558 1958 1618 Minervae
2025 1560 2202 1634 longe
2269 1559 2387 1617 alia
2449 1580 2614 1620 mens
2677 1565 2795 1635 est,

335 1637 338 1640 ¹
458 1646 677 1722 quippe
721 1664 873 1721 quae
918 1645 1079 1703 Ulixi
1138 1645 1335 1702 tradat
1386 1650 1493 1702 aut
1547 1644 1785 1702 inutilia
1844 1646 1913 1701 ut
1954 1643 2195 1722 longam
2243 1645 2418 1702 istam
2466 1647 2684 1705 Aretae
2731 1651 2801 1703 et

456 1730 692 1788 Alcinoi
738 1729 1145 1806 genealogiam
1194 1750 1232 1804 η
1262 1725 1530 1804 56-66,
1579 1748 1755 1804 quam
1800 1729 2000 1802 potius
2046 1731 2204 1788 circa
2247 1729 2281 1798 ζ
2309 1730 2519 1806 7sqq.,
2567 1732 2616 1790 si
2659 1733 2798 1807 qui-

451 1815 581 1874 dem
630 1817 785 1872 tanti
831 1818 984 1889 erat,
1032 1814 1108 1872 ab
1151 1815 1284 1888 ipso
1328 1818 1506 1889 poeta
1550 1815 1884 1888 expositam
1927 1831 2057 1872 esse
2103 1818 2503 1890 exspectareS,
2560 1820 2664 1874 aut
2708 1835 2801 1875 re·

451 1900 781 1975 pugnantia
823 1903 884 1957 et
934 1899 1420 1959 antecedentibus
1474 1902 1534 1958 et
1590 1899 2002 1974 sequentibus,
2064 1903 2132 1958 ut
2188 1898 2293 1956 illa
2347 1899 2419 1957 de
2462 1901 2797 1960 Phaeacum

452 1986 631 2042 feroci
687 1984 966 2042 adversus
1023 1984 1290 2058 hospites
1345 1984 1541 2042 animo
1598 2005 1636 2058 η
1683 1983 1932 2042 30-33
1989 2003 2060 2042 ex
2116 1984 2218 2057 iis,
2286 2003 2435 2058 quae
2504 1985 2803 2045 Nausicaa.

453 2070 633 2138 §⁶273
659 2088 791 2144 sqq.
839 2069 1116 2143 exposuit
1158 2068 1230 2127 de
1274 2069 1480 2144 populi
1526 2070 1618 2127 sui
1668 2068 1929 2125 moribus
1973 2088 2010 2126 a
2054 2070 2349 2128 communi
2395 2071 2660 2129 omnium
2691 2071 2796 2129 ho·

453 2156 680 2212 minum
737 2158 951 2212 natura
1006 2172 1124 2212 non
1183 2153 1667 2228 abhorrentibus,
1738 2153 1976 2211 detorta
2038 2157 2221 2229 atque
2276 2154 2341 2212 in
2395 2156 2563 2231 peius
2622 2161 2804 2215 aucta

454 2239 660 2297 eodem
690 2239 900 2313 modo,
947 2257 1064 2312 quo
1110 2257 1179 2295 ex
1220 2237 1477 2312 simplici
1509 2238 1839 2296 Nausicaae
1870 2237 1941 2295 de
1972 2240 2109 2297 utili
2143 2238 2351 2297 matris
2381 2240 2805 2300 benevolentia

458 2325 708 2382 consilio
752 2324 934 2400 longa
977 2323 1081 2380 illa
1125 2323 1350 2398 prodiit
1393 2323 1463 2396 de
1509 2322 1800 2399 singulari
1845 2323 2085 2397 reginae
2140 2325 2604 2404 yvnmnoxpoeth
2661 2346 2802 2385 nar-

453 2409 603 2467 ratio
652 2429 685 2483 η
719 2409 998 2482 67-74,
1058 2426 1235 2482 quam
1291 2407 1603 2466 scribendo
1661 2395 1704 2487 ᾗ
1717 2406 1840 2464 σίν
1884 2399 1938 2463 τ’
1987 2397 2058 2466 εὖ
2113 2403 2401 2486 φρονέῃσι
2446 2412 2525 2468 74
2572 2410 2803 2470 frustra.

455 2493 729 2570 mitigare
761 2493 1117 2552 studuerunt
1146 2494 1528 2567 antiquorum
1572 2494 1916 2551 criticorum
1959 2494 2259 2568 nonnulli,
2305 2492 2515 2570 iidem,
2561 2495 2801 2572 opinor,

451 2580 553 2653 qui
601 2580 1027 2637 eustaticorum
1092 2578 1166 2635 de
1212 2577 1540 2635 Phaeacum
1585 2576 2059 2653 inhospitalitate
2110 2578 2513 2639 dubitationes
2567 2581 2806 2640 solvere

453 2663 842 2721 studuerunt:
902 2661 1037 2719 vide
1094 2662 1293 2721 Schol.
1337 2663 1412 2721 ad
1471 2663 1583 2720 32:
1646 2661 1892 2740 ζητοῦσί
1943 2683 2097 2734 τινες
2166 2670 2293 2746 στῶς
2362 2660 2429 2722 ἐν
2484 2669 2605 2734 τοῖς
2662 2660 2802 2764 ἑξῆς

453 2739 956 2818 φιλοξενωτάτους
986 2740 1136 2822 λέγει
1179 2742 1318 2816 τοὺς
1361 2738 1748 2824 ἀνθρώπους.
1808 2746 1909 2805 καὶ
1939 2742 2139 2824 φαμὲν
2167 2737 2205 2825 ἢ
2235 2743 2341 2807 τὸν
2367 2748 2479 2824 μὲν
2509 2769 2807 2808 ναυτικον

453 2827 629 2905 ὄχλον
659 2821 809 2888 εἶναι
856 2837 942 2912 τῷ
982 2826 1110 2889 ὄντι
1152 2824 1331 2907 ἀηδῆ,
1378 2828 1516 2900 τοὺς
1560 2826 1627 2888 δὲ
1670 2832 1935 2909 βασιλεῖς
1979 2830 2356 2907 φιλοξένους·
2403 2827 2447 2909 ἢ
2476 2831 2576 2891 ἵνα
2608 2829 2803 2908 φυλά-

455 2914 625 2991 ξηταί
651 2935 804 2983 τινος
835 2911 1151 2973 πυθέσθαι
1193 2912 1292 2973 καὶ
1336 2910 1480 2993 πρὸς
1527 2910 1727 2994 ἕτερον
1769 2920 2167 2994 καταχθῆναι.
2246 2919 2417 2993 Quid,
2463 2920 2623 2994 quod
2670 2921 2801 2997 illa,

454 3000 527 3058 de
574 3020 690 3075 qua
731 3001 848 3058 iam
905 3001 1062 3075 dixi,
1118 3000 1493 3077 genealogia,
1553 3020 1629 3059 ne
1685 3021 1818 3061 cum
1864 3003 2061 3062 verbis
2118 3004 2385 3078 quidem,
2449 3004 2665 3079 quibus
2711 3005 2805 3064 in-

459 3086 677 3158 sertur,
722 3106 762 3160 η
795 3087 875 3142 54
897 3105 987 3159 sq.

756 3197 972 3281 Ἀρήτη
1015 3197 1077 3259 δ’
1125 3196 1297 3280 ὄνομ’
1346 3200 1510 3262 ἐστὶν
1554 3200 1893 3279 ἐπώνυμον,
1939 3202 2003 3263 ἐκ
2049 3200 2116 3263 δὲ
2161 3204 2449 3282 τοκήων
2521 3251 2529 3259 .

757 3295 899 3345 τῶν
941 3282 1229 3365 αὐτῶν,
1275 3287 1344 3346 υἷ’
1377 3309 1486 3366 περ
1532 3285 1704 3347 τέκον
1742 3281 2049 3348 ’Λλκίνοου
2094 3291 2390 3368 βασιλῆα,

454 3423 781 3497 consentit,
830 3443 982 3498 quae
1028 3425 1131 3500 qui
1177 3425 1417 3501 scripsit
1458 3444 1577 3484 non
1621 3427 1822 3501 potuit
1877 3445 1999 3485 non
2054 3445 2186 3485 cum
2236 3426 2498 3486 Hesiodo
2544 3428 2798 3486 Aretam

453 3526 563 3582 pro
609 3526 892 3583 germana
921 3509 1158 3567 Alcinoi
1204 3528 1406 3569 sorore
1449 3509 1683 3569 habere.
1762 3511 1969 3585 Neque
2015 3512 2155 3570 haec
2200 3512 2603 3587 discrepantia
2643 3515 2799 3571 anti-

453 3611 602 3665 quos
646 3593 825 3652 latuit
867 3592 1189 3653 scholiasta
1233 3598 1414 3653 teste:
1477 3601 1650 3651 τοῦτο
1692 3592 1940 3671 μάχεται
1985 3600 2105 3666 τοῖς
2152 3591 2315 3672 ἑξῆς·
2378 3592 2489 3673 τὴν
2529 3590 2641 3672 μὲν
2682 3593 2800 3674 γὰρ

452 3671 601 3752 λέγει
639 3670 1012 3753 Ῥηξήνορος,
1071 3674 1178 3736 τὸν
1224 3673 1285 3735 δὲ
1335 3673 1719 3739 Ναυσιθόου.
1801 3676 1999 3738 λύοιτο
2042 3675 2105 3738 δ’
2163 3675 2246 3739 ἄν
2288 3676 2353 3738 ἐκ
2411 3688 2515 3757 τῆς
2568 3677 2798 3752 λέξεως.

454 3757 519 3817 τὸ
565 3758 674 3838 γὰρ
721 3760 951 3837 τοκήων
994 3762 1173 3838 δηλοῖ
1206 3760 1304 3821 καὶ
1350 3758 1412 3820 τὸ
1455 3758 1786 3841 προγόνων.
1870 3762 1970 3823 καὶ
2025 3754 2135 3842 γὰρ
2189 3755 2326 3835 τούς
2383 3760 2639 3843 πατέρας
2697 3762 2798 3824 ἐπὶ

455 3852 575 3902 τῶν
617 3840 932 3924 προγόνων
976 3840 1303 3905 τάττουσιν.
1393 3847 1607 3924 Itaque
1652 3849 1807 3907 haud
1853 3850 2264 3925 improbabilis
2310 3854 2403 3909 est
2445 3850 2802 3909 Kirchhoffii

454 3932 744 4006 suspici0,
792 3951 970 4006 quam
1015 3953 1073 4006 p.
1122 3933 1201 3989 24
1249 3934 1593 4008 proposuit,
1640 3938 1779 4008 post
1821 3935 1854 4005 ζ
1879 3935 2001 3993 312
2049 3935 2124 3993 ab
2169 3954 2269 4008 eo,
2330 3936 2432 4010 qui
2477 3956 2515 4010 η
2550 3937 2801 3995 18—83

455 4015 798 4090 inseruerit,
857 4018 1145 4091 quosdam
1194 4036 1400 4076 versus
1454 4018 1722 4078 sublatos
1780 4024 1959 4095 atque
2018 4020 2104 4078 illi
2163 4020 2500 4078 emblemati
2560 4019 2803 4079 additos

355 4110 378 4123 ⁸
454 4118 609 4174 esse,
659 4121 806 4175 quos
837 4120 1042 4161 versus
1073 4103 1214 4160 olim
1258 4102 1440 4162 fuisse
1485 4107 1662 4177 putat
1706 4125 1742 4179 η
1775 4106 1855 4161 54
1877 4124 1965 4180 sq.
2014 4107 2091 4163 69
2127 4103 2378 4183 (scripto
2422 4102 2592 4179 κείνη
2636 4100 2803 4181 γὰρ)

354 4191 421 4239 30
462 4215 539 4224 -—
589 4186 687 4246 72.
777 4185 892 4243 Sed
937 4206 1070 4246 cuin
1117 4207 1189 4247 ne
1234 4189 1318 4246 sic
1361 4189 1603 4263 quidem
1653 4188 1855 4248 Ulixes
1902 4191 2152 4248 Aretam
2200 4189 2565 4248 Rhexenoris
2608 4188 2798 4248 filiam

458 4285 584 4327 esse
628 4272 980 4346 comperiat,
1031 4272 1088 4330 id
1136 4275 1328 4348 ipsum
1376 4292 1493 4332 uno
1526 4291 1701 4332 versu
1745 4293 1816 4332 ex
1860 4274 1895 4344 ζ
1924 4275 2042 4333 146
2077 4275 2430 4349 deprompto
2461 4274 2803 4350 significare

459 4354 602 4411 satis
650 4353 848 4412 habui.
2442 4367 2455 4373 “

635 4438 861 4497 Deinde
907 4443 1128 4509 resecui
1178 4444 1404 4517 omnia,
1468 4461 1619 4517 quae
1682 4443 1755 4501 ad
1805 4444 2131 4502 Phaeacum
2176 4443 2413 4520 regulos
2459 4445 2520 4502 in
2568 4444 2811 4504 Alcinoi
