3132 5129
1313 405 1734 469 -35-

523 563 776 622 Planius
821 564 1020 635 etiam,
1067 582 1171 623 eur
1202 583 1257 622 v.
1293 565 1416 621 634
1462 564 1727 621 intrusus
1775 563 1969 636 fuerit,
2017 561 2416 638 intellegitur:
2463 562 2693 620 scilieet

345 648 672 707 fabricator
716 666 943 707 memor
986 648 1149 707 illius

661 745 986 825 Δουλίχιόν
1028 769 1087 808 τε
1132 742 1308 826 Σάμη
1354 768 1411 807 τε
1455 746 1555 807 καὶ
1600 741 1856 825 ὑλήεσσα
1904 744 2245 824 Ζάκυνθος,

358 888 488 928 cum
548 869 715 944 prior
771 869 968 929 insula
1023 888 1094 927 ex
1138 869 1525 945 catalogistae
1570 869 1869 927 sententia
1912 870 2029 927 iam
2073 889 2130 927 v.
2165 870 2285 927 625
2332 867 2395 926 in
2439 868 2692 944 Megetis

356 955 634 1013 oessisset
677 958 1069 1029 potestatem,
1117 958 1275 1013 certe
1322 954 1469 1012 duas
1515 955 1878 1028 posteriores
1923 954 2086 1013 Ulixi
2132 971 2238 1013 suo
2284 952 2691 1012 vindicaturus

354 1044 502 1110 erat,
553 1039 828 1113 imperite
859 1058 967 1113 pro
998 1038 1204 1098 Same
1247 1038 1351 1096 illa
1382 1039 1649 1097 Samon
1695 1058 1936 1114 prorsus
1969 1032 2258 1098 diversam
2305 1038 2691 1108 substituens»,

355 1124 515 1198 quod
573 1142 793 1181 nomen
851 1124 1006 1181 male
1059 1144 1130 1181 ex
1188 1120 1416 1199 Σάμοιο
1459 1122 1497 1181 δ
1542 1125 1660 1182 671
1722 1125 1901 1182 etiam
1945 1124 2189 1183 Ulixeae
2247 1123 2474 1182 insulae
2530 1122 2689 1197 apud

354 1207 681 1267 Homerum
727 1208 910 1267 fuisse
955 1208 1211 1267 credidit
1255 1208 1475 1268 Strabo
1520 1208 1572 1265 X
1617 1228 1677 1283 p.
1725 1209 1869 1281 453,
1912 1228 2028 1283 quo
2059 1208 2216 1267 haud
2263 1209 2473 1266 melius
2507 1207 2690 1265 Zeno-

352 1294 527 1352 dotus
570 1312 826 1369 αμετρον
870 1292 1058 1350 ποιῶν
1102 1293 1411 1369 scripsisse
1456 1293 1675 1351 dieitur
1719 1289 1978 1369 Σάμην.

522 1378 611 1436 De
643 1379 758 1435 641
788 1397 879 1452 sq.
913 1378 1109 1436 Schol.
1143 1380 1196 1436 A
1226 1379 1440 1436 refert:
1488 1374 1817 1451 Ζηνόδοτος
1847 1384 2056 1436 τοῦτον
2084 1373 2182 1434 καὶ
2214 1372 2320 1435 τὸν
2362 1373 2496 1453 ἑξῆς
2541 1368 2690 1452 ηθέ-

356 1483 565 1538 τηκεν,
633 1459 780 1532 ἴσως
846 1455 1228 1533 ὑποπτεύσας
1296 1460 1400 1519 τὸν
1459 1457 1811 1565 Μελέαγρον
1877 1460 2235 1539 κεχωρίσθαι
2287 1483 2409 1520 των
2467 1457 2689 1529 Οἰνέως

350 1545 605 1604 παίδων.
697 1544 926 1651 εἴρηται
991 1543 1058 1604 δὲ
1124 1543 1182 1617 ἕξ
1240 1540 1529 1623 ὀνόματος
1594 1541 1735 1603 κατ’
1797 1542 2023 1623 έξοχήν,
2105 1540 2381 1643 καθαπερ
2434 1542 2529 1604 ἐπὶ
2586 1551 2690 1604 τοῦ

346 1628 547 1706 ,Ζεὺς
608 1624 674 1689 δ’
747 1627 870 1689 ἐπεὶ
935 1621 1048 1691 οὖν
1117 1629 1326 1708 Τρῶάς
1392 1652 1450 1689 τε
1516 1629 1617 1690 καὶ
1665 1627 1989 1707 “Εκτορα“.
2079 1628 2179 1690 καὶ
2221 1652 2332 1709 γαρ
2384 1625 2416 1688 ὁ
2454 1625 2692 1708 ’Ἐκτωρ

346 1674 521 1790 ’Τρως
566 1707 664 1792 ἦν.
755 1715 979 1775 Verum
1036 1716 1397 1788 ZenodotuS,
1446 1718 1561 1775 nisi
1625 1717 1833 1790 fallor,
1891 1719 1955 1776 in
1997 1736 2067 1776 eo
2112 1717 2366 1775 maxime
2427 1715 2691 1788 offendit,

345 1802 509 1878 quod
554 1821 627 1860 ex
673 1800 854 1861 Oenei
912 1802 1050 1860 filiis
1110 1803 1317 1861 solus
1364 1802 1682 1879 Meleager,
1732 1821 1842 1863 nec
1887 1804 2066 1861 etiam
2114 1802 2357 1877 Tydeus
2402 1819 2691 1860 memora·

348 1888 530 1945 batur
582 1887 821 1961 saepius
878 1886 940 1945 in
998 1886 1183 1945 Iliade
1239 1890 1769 1946 commemoratus:
1830 1886 1968 1947 hinc
2027 1887 2204 1945 etiam
2251 1888 2312 1944 in
2359 1886 2486 1945 eod.
2535 1886 2691 1944 Mos·

346 1972 564 2046 quensi
623 1976 762 2046 post
816 1972 938 2030 642
997 1972 1118 2048 legi
1164 1968 1406 2032 dieitur.

657 2086 757 2147 καὶ
805 2082 1065 2164 Τυδεύς,
1111 2083 1341 2168 Θήβαις
1387 2083 1478 2147 ὅτ’
1523 2084 1790 2148 ἆπτόλετο
1834 2085 1975 2160 λαός
2016 2082 2285 2167 Ἀχαιῶν.

352 2209 472 2267 Sed
520 2212 724 2268 nostro
768 2209 897 2269 loeo
944 2208 1255 2269 inserendo
1302 2228 1505 2268 ansam
1550 2210 1832 2284 praebuit
1873 2210 2131 2285 primum
2177 2206 2383 2272 :116
2414 2227 2500 2283 sq.

662 2347 852 2386 ωκεον
895 2321 957 2386 δ’
1008 2324 1074 2387 ἐν
1119 2328 1511 2405 Πλευρωνι
1554 2348 1674 2385 και
1716 2327 2036 2430 αἰπεινῇ
2081 2325 2524 2401 Καλυδῶνι,

648 2388 881 2491 Αγριος
926 2407 1037 2490 ἠδὲ
1084 2408 1328 2487 Μέλας,
1374 2410 1635 2489 τρίτατος
1680 2406 1742 2470 δ’
1791 2396 1870 2487 ἦν
1913 2409 2132 2471 ἱππότα
2177 2408 2481 2486 Οἰνεύς,

349 2531 491 2592 coll.
528 2550 661 2592 cum
691 2531 756 2589 N
786 2533 909 2591 216
941 2551 1070 2608 sqq.

662 2643 969 2727 εἰσόμενος
1014 2647 1296 2729 φθογγὴν
1336 2644 1758 2728 Ἀνδραίμονος
1805 2642 1894 2708 υἷι
1944 2648 2202 2726 Θόαντι,

658 2730 725 2805 ὃς
768 2732 934 2817 πάσῃ
981 2736 1373 2814 Πλευρῶνι
1415 2732 1539 2794 καὶ
1582 2733 1882 2817 αἰπεινῇ
1929 2735 2320 2795 Καλυδῶνι

661 2818 1016 2879 Αἰτωλοῖσιν
1056 2816 1308 2897 ανασσε,

352 2959 508 3015 quae
563 2941 900 3013 posteriora
955 2943 1124 3015 patet
1178 2960 1313 2999 eum
1368 2941 1639 3016 catalogo
1687 2940 2054 3015 consentire;
2113 2944 2243 2998 tum
2287 2941 2576 3016 epyllium
2622 2940 2695 2999 de

353 3024 641 3100 Meleagri
683 3026 770 3083 ira
812 3025 971 3099 quod
1020 3025 1050 3081 1
1084 3027 1205 3085 529
1234 3046 1364 3101 sqq.
1409 3026 1647 3102 legitur,
1693 3027 1793 3101 qui
1838 3045 1974 3085 eum
2018 3022 2297 3098 ξανθὸς
2347 3020 2694 3103 Μελέαγρος

354 3109 597 3182 dieitur,
643 3110 1074 3168 obversabatur
1117 3110 1537 3186 interpolatori
1580 3110 1956 3170 decantatum
1987 3111 2136 3169 illud
2181 3106 2463 3181 ξανθὸς
2497 3107 2692 3168 ,Μενέ-

354 3196 519 3263 λαος.
608 3194 886 3269 Ineptum
951 3199 1150 3253 autem
1210 3199 1305 3254 est
1360 3198 1556 3257 totum
1613 3195 2121 3267 additamentum,
2178 3197 2458 3270 quoniam
2504 3195 2694 3271 Tydei

357 3278 518 3336 filius
564 3278 881 3337 Diomedes
930 3279 1085 3339 bello
1115 3279 1370 3339 Troiano
1415 3281 1684 3353 interest,
1732 3280 1870 3339 hinc
1917 3280 1988 3338 de
2032 3282 2264 3355 patruis
2309 3282 2435 3338 eius
2480 3284 2542 3338 et
2583 3300 2694 3340 avo

358 3381 434 3421 ne
480 3381 671 3421 sermo
714 3363 957 3438 quidem
1005 3383 1132 3424 esse
1179 3368 1379 3440 potest
1420 3364 1495 3424 ad
1539 3364 1700 3423 aliud
1747 3384 1960 3425 aevum
2004 3365 2479 3441 pertinentibus!

438 3483 443 3488 -
528 3446 600 3506 In
630 3448 827 3506 tribus
857 3448 996 3520 illis,
1041 3450 1144 3524 qui
1171 3448 1418 3508 Cretum
1448 3449 1629 3508 indiei
1662 3451 2025 3521 inseruntur,
2058 3451 2326 3509 versibus
2359 3451 2689 3510 649—651

356 3533 475 3590 iam
529 3533 763 3607 antiqui
823 3534 1175 3608 interpretes
1231 3535 1684 3609 quaesiverunt,
1742 3534 1891 3610 quid
1948 3536 2058 3608 sit,
2117 3535 2279 3610 quod
2335 3533 2546 3594 Cretae
2601 3534 2697 3592 hic

357 3620 678 3689 centum,
738 3618 799 3675 in
847 3616 1117 3693 Odyssea
1168 3638 1306 3678 vero
1359 3640 1389 3676 τ
1436 3619 1555 3676 174
1601 3621 1840 3677 tantum
1895 3621 2313 3696 nonaginta
2368 3620 2546 3677 urbes
2592 3619 2694 3676 ad-

356 3701 711 3760 scribantur.
796 3701 922 3761 Nos
968 3703 1211 3778 quidem
1258 3701 1455 3774 λύσεις
1512 3702 1647 3761 illas
1692 3705 2261 3779 praetermittimus3
2319 3704 2422 3763 sed
2475 3722 2546 3761 ex
2591 3704 2695 3762 illo

358 3805 499 3844 sane
544 3786 674 3845 loeo
706 3786 1011 3846 falsarium
1042 3807 1099 3846 v.
1135 3790 1256 3847 649
1288 3786 1633 3864 procudisse
1663 3792 1959 3863 putamus,
2009 3789 2093 3847 ita
2122 3792 2324 3846 tamen
2351 3792 2422 3846 ut
2450 3783 2697 3865 Κρήτην

358 3865 805 3946 ἑκατόμπολιν
851 3904 926 3912 -
975 3889 1109 3930 cum
1156 3867 1704 3949 ἐνενηκοντάπυλον
1747 3874 2045 3949 appellare
2089 3893 2208 3933 non
2252 3876 2456 3948 posset
2496 3904 2580 3914 --
2625 3892 2694 3931 ex

362 3955 399 4012 Ι
440 3957 585 4027 383,
631 3956 735 4015 ubi
782 3956 1019 4015 Thebae
1062 3957 1400 4034 Aegyptiae
1447 3953 1892 4033 ἓκατόμπυλοι
1937 3958 2245 4028 dicuntur,
2303 3961 2693 4015 mutuaretur.

359 4041 491 4099 Duo
543 4043 649 4116 qui
708 4045 939 4099 restant
992 4060 1205 4101 versus
1264 4061 1337 4100 ex
1380 4043 1437 4097 E
1476 4043 1557 4101 45
1591 4043 1666 4117 -Ι-
1703 4043 1752 4098 Β
1793 4043 1916 4101 645
1962 4044 2023 4100 et
2066 4061 2136 4100 ex
2183 4041 2248 4098 H
2277 4043 2416 4102 166.
2467 4040 2520 4100 Θ
2551 4044 2693 4100 264.

364 4125 413 4180 Ρ
436 4127 561 4184 259
607 4125 907 4200 desumpti
952 4129 1122 4185 sunt:
1171 4127 1511 4199 Merionem,
1557 4128 1839 4202 quoniam
1885 4128 2105 4202 ubique
2148 4127 2269 4185 fere
2313 4126 2694 4186 Idomeneum

358 4211 697 4282 comitatur,
743 4211 1077 4269 addendum
1110 4213 1365 4286 putavit,
1398 4212 1502 4271 sed
1532 4232 1668 4271 eum
1697 4231 1820 4271 non
1849 4211 2219 4271 Cretensium
2249 4211 2459 4270 ducem
2488 4230 2695 4274 verum

356 4287 592 4354 ὀπάονα
637 4314 767 4355 esse
806 4290 1143 4372 Ἰδομενῆος
1187 4296 1411 4358 oblitus
1455 4298 1578 4356 est!

528 4381 788 4439 Maxime
818 4381 1234 4441 memorabiles
1271 4386 1415 4441 sunt
1443 4401 1501 4442 v.
1536 4383 1888 4454 686-694,
1933 4401 2083 4456 quos
2128 4400 2332 4441 omnes
2363 4382 2697 4442 Zenodotus

353 4485 465 4542 pro
520 4465 750 4540 spuriis
805 4466 1041 4538 habuit,
1099 4467 1195 4525 eui
1253 4467 1411 4542 quod
1472 4467 1816 4542 opponitur:
1873 4460 2189 4545 ἀναγκαῖοι
2244 4463 2310 4525 δέ
2366 4466 2547 4526 εἰσιν·
2607 4462 2692 4524 δι’

2217 4562 2290 4616 3*

2724 2335 2791 2384 20
