3132 5129
1391 387 1804 448 ..52—

424 544 825 603 Wielandium
877 543 1183 619 Euripidis
1215 541 1515 601 Alcestide
1561 545 1623 600 et
1664 562 1855 617 nuper
1883 541 2195 601 Welckero
2232 544 2293 601 in
2338 543 2764 602 resuscitandis

426 629 664 705 cyclicis
720 629 945 704 poetis,
1006 632 1074 686 ut
1126 627 1471 702 „quomodo
1524 628 1653 702 ipse
1709 627 1858 685 illud
1913 632 2328 704 argumentum
2396 630 2763 687 tractaturus

427 714 634 787 fuerit,
689 733 808 773 non
869 733 986 789 qua
1041 712 1273 771 ratione
1330 712 1576 787 antiquo
1633 712 1888 771 carmine
1946 715 2262 772 tractatum
2310 714 2449 787 sit“,
2511 714 2760 773 demon-

424 799 729 858 straverit.
804 798 928 857 Iam
976 799 1132 855 enim
1177 816 1319 872 cape
1363 797 1510 854 mihi
1542 797 1832 855 Nitzschii
1878 797 2096 855 librum
2144 818 2328 873 eaque
2372 799 2499 857 eius
2543 800 2759 873 capita,

425 884 642 959 quibus
688 884 759 941 de
804 882 990 941 Iliade
1037 883 1346 957 speciatim
1392 882 1609 958 agitur,
1655 881 2108 940 XXXII—LIII
2127 884 2580 943 ‘accuratissime
2625 903 2761 958 per-

424 970 614 1027 tracta
659 970 761 1040 ita,
809 970 877 1025 ut
920 967 1106 1026 cuivis
1152 968 1483 1025 sententiae
1529 967 1715 1025 cuivis
1761 967 2042 1026 orationis
2087 967 2352 1028 membro
2397 968 2591 1043 ipsum
2638 968 2761 1026 Ho-

423 1073 650 1111 merum
707 1052 986 1111 adhibeas
1051 1052 1491 1126 imprimisque,
1565 1069 1947 1125 quoscunque
2002 1051 2269 1112 laudavit
2324 1054 2430 1113 sed
2485 1072 2607 1112 non
2662 1052 2760 1111 ad·

424 1139 666 1212 scripsit
723 1136 1062 1197 Nitzschius
1128 1137 1318 1207 locoS,
1387 1154 1488 1195 eos
1554 1135 1796 1195 evolvas
1862 1139 2041 1211 atque
2108 1139 2494 1213 perscruteris
2555 1156 2761 1197 omnes

423 1222 738 1299 interpreti
787 1222 1055 1295 „nullum
1088 1241 1275 1279 unum
1306 1221 1555 1279 verbum
1589 1221 1876 1279 credens“
1907 1222 2010 1279 sed
2042 1225 2277 1297 poetam
2309 1223 2530 1299 ubique
2561 1226 2759 1299 ipsum

421 1308 768 1366 consulens:
841 1309 902 1365 et
953 1324 1090 1364 mox
1147 1306 1406 1377 videbis,
1479 1306 1928 1380 quibuscunque
1980 1306 2157 1365 rebus
2214 1309 2761 1383 sententiarumque

420 1392 792 1450 acuminibus
848 1391 1102 1449 maxime
1158 1391 1396 1450 insistat
1439 1390 1809 1462 Nitzschius‚
1866 1409 1964 1448 eas
2023 1391 2144 1450 fere
2201 1396 2306 1450 aut
2358 1393 2485 1451 sola
2527 1394 2654 1452 eius
2699 1396 2762 1451 et

419 1477 808 1536 meditatione
835 1477 983 1553 fingi
1015 1479 1077 1534 et
1106 1475 1442 1550 eloquentia
1472 1475 1716 1551 depingi
1748 1478 1851 1533 aut
1885 1494 2128 1550 perraro
2161 1471 2474 1552 obiterque
2505 1496 2757 1536 comme·

419 1561 639 1620 morari
686 1563 780 1621 vel
825 1580 944 1619 uno
990 1561 1287 1619 interdum
1333 1578 1521 1634 eoque
1551 1560 1806 1618 obscuro
1847 1561 2029 1619 verbo
2060 1561 2328 1633 indicari,
2377 1581 2552 1636 saepe
2580 1564 2758 1622 etiam

421 1646 693 1704 versibus
741 1645 979 1704 aliunde
1009 1645 1346 1719 compilatis
1376 1645 1842 1721 miserrimisque
1872 1645 2225 1705 centonibus
2257 1648 2580 1723 contineri3
2626 1665 2760 1705 cum

419 1734 655 1802 contra,
714 1749 866 1806 quae
924 1749 1018 1788 res
1078 1729 1235 1805 apud
1279 1730 1600 1788 Homerum
1658 1733 1720 1788 et
1773 1732 2214 1791 accuratissime
2270 1736 2645 1807 exponuntur
2699 1736 2762 1790 et

418 1814 901 1891 splendidissime
957 1816 1351 1885 exornantur,
1409 1818 1512 1874 aut
1566 1815 1717 1873 nihil
1770 1817 1873 1872 aut
1930 1835 2139 1890 parum
2196 1815 2420 1875 faciant
2476 1817 2550 1874 ad
2597 1817 2760 1875 illam

417 1899 707 1958 Nitzschii
750 1900 1042 1958 unitatem
1088 1899 1483 1972 condendam,
1542 1918 1718 1974 quam
1766 1900 2160 1977 theologicam
2203 1901 2331 1961 sive
2376 1902 2762 1960 christianam

418 1985 716 2060 appellare
761 1985 931 2058 licet,
978 1985 1257 2059 quoniam
1303 1984 1425 2043 fere
1472 1985 1535 2042 in
1577 1984 1807 2043 Achille
1850 1987 2045 2059 posita
2086 1989 2181 2043 est
2223 2003 2465 2045 suorum
2513 1985 2758 2045 delicto-

416 2088 547 2127 rum
594 2073 771 2144 atque
819 2068 1153 2128 divinarum
1201 2068 1653 2145 castigationum
1685 2070 2199 2129 vicissitudinibus
2231 2071 2302 2128 ad
2335 2090 2527 2130 seram
2557 2071 2761 2146 paeni-

414 2154 665 2213 tentiam
712 2154 1048 2229 bonamque
1094 2154 1326 2229 frugem
1370 2153 1640 2213 redacto!
1709 2154 1902 2213 Unam
1931 2155 2225 2230 imprimis
2257 2155 2564 2214 attendere
2593 2158 2764 2215 iuvat

417 2239 530 2297 viri
588 2239 797 2315 optimi
856 2239 1055 2298 nescio
1113 2241 1314 2296 utrum
1371 2239 1527 2313 piam
1578 2239 1849 2297 fraudem
1898 2239 2086 2298 dicam
2136 2259 2211 2298 an
2256 2240 2504 2299 insciam
2549 2241 2757 2317 imagi·

413 2325 735 2396 nationem,
785 2344 901 2399 qua
945 2324 1080 2396 ille,
1126 2342 1243 2398 quo
1289 2325 1485 2382 rarius
1530 2324 1953 2399 obscuriusque
1998 2325 2348 2400 principalis
2394 2326 2582 2402 ipsius
2626 2345 2756 2385 scn-

419 2409 606 2468 tentia
661 2409 814 2485 apud
866 2409 1189 2468 Homerum
1248 2408 1741 2485 deprehenditur,
1802 2428 1919 2483 quo
1975 2409 2291 2470 violentius
2336 2410 2760 2486 difficiliusque

416 2494 675 2570 singulis
725 2494 870 2553 locis
917 2498 1022 2552 aut
1066 2497 1453 2569 extorquetur
1495 2496 1602 2551 aut
1644 2493 1926 2568 infertur,
1974 2513 2043 2553 eo
2088 2496 2375 2570 prolixius
2420 2515 2548 2554 eam
2591 2515 2760 2554 enar-

417 2598 578 2651 rare,
649 2599 717 2638 eo
775 2582 1011 2656 saepius
1077 2599 1207 2639 eam
1263 2583 1531 2655 repetere
1588 2582 1765 2654 atque
1822 2581 2146 2655 repetendo
2203 2582 2391 2657 magis
2449 2582 2759 2657 magisque

418 2682 700 2722 exornare
745 2666 900 2723 solet
940 2665 1098 2722 haud
1145 2665 1470 2737 immemor,
1520 2663 1751 2738 opinor,
1799 2665 1943 2723 dicti
1984 2665 2165 2738 illius,
2211 2666 2368 2741 quod
2404 2664 2758 2725 Groebelius

330 2807 334 2811 .
417 2747 560 2806 olim
606 2751 810 2807 noster
854 2749 1159 2822 discipulis
1205 2750 1328 2807 suis
1374 2749 1674 2807 inculcare
1706 2749 1954 2822 solebat,
2003 2751 2549 2825 repetitionem
2595 2770 2759 2810 esse

418 2835 721 2891 matrem
779 2832 1227 2891 studiorum!
1330 2832 1696 2892 Gravissima
1751 2833 2038 2908 quaedam
2095 2835 2156 2892 id
2220 2854 2410 2911 genus
2477 2835 2757 2894 Schoe-

417 2919 729 2976 mannus
772 2918 1006 2977 notavit
1036 2917 1097 2975 in
1129 2917 1543 2976 dissertatione
1576 2918 1679 2976 illa
1721 2919 1877 2976 acuti
1921 2920 2277 2994 subtilisque
2309 2920 2507 2978 iudicii
2541 2920 2760 2995 plenis·

413 3002 581 3075 sima,
627 3021 805 3078 quam
849 3001 920 3061 de
967 3002 1389 3061 reticentia
1419 3002 1717 3061 Homeri
1764 3005 2046 3079 scriptam
2092 3004 2430 3063 scholarum
2460 3006 2756 3064 universi-

413 3089 556 3146 tatis
602 3086 1186 3164 Gryphiswaldensis
1237 3087 1418 3145 indici
1471 3107 1675 3147 mense
1718 3087 1965 3147 Octobri
2019 3109 2072 3147 a.
2117 3088 2533 3148 MDCCCLIII
2584 3109 2754 3165 prae-

412 3173 597 3231 misit.
688 3173 815 3231 Nos
859 3173 1099 3247 quidem
1145 3172 1374 3230 duobus
1419 3173 1705 3247 exemplis
1753 3172 2001 3249 defungi
2045 3174 2191 3233 satis
2236 3173 2541 3233 habemus.

587 3257 804 3316 Statim
858 3259 930 3316 ab
988 3258 1159 3317 initio
1215 3259 1409 3331 capite
1467 3257 1691 3315 XXXII
1750 3260 1812 3315 et
1866 3258 2123 3316 XXXIII
2175 3259 2385 3319 multis
2444 3260 2643 3319 verbis
2688 3280 2760 3319 ea

355 3350 383 3397 7
418 3342 714 3400 sententia
757 3344 1098 3415 exornatur,
1145 3361 1321 3416 quam
1367 3341 1742 3417 Thucydides
1786 3361 1895 3417 pro
1939 3362 2045 3402 suo
2090 3345 2370 3403 instituto
2414 3344 2461 3416 Ι,
2502 3347 2572 3401 11
2625 3345 2754 3402 bre-

414 3427 565 3486 viter
619 3427 967 3502 proposuit,
1023 3429 1161 3502 post
1214 3427 1465 3501 primam
1527 3446 1789 3503 pugnam
1847 3447 1978 3486 cum
2022 3429 2464 3503 appellentibus
2511 3427 2752 3488 Graecis

413 3511 785 3569 commissam
842 3512 1127 3570 Troianos
1180 3511 1432 3570 Achillis
1498 3515 1724 3569 terrore
1788 3516 2090 3586 correptos
2148 3515 2308 3571 intra
2364 3532 2562 3572 muros
2626 3534 2756 3572 sese

412 3597 706 3668 tenuisse,
766 3595 1163 3667 obsidionem,
1222 3615 1343 3654 non
1388 3597 1894 3671 oppugnationem
1941 3598 2150 3672 fuiss03
2209 3600 2345 3671 sed,
2392 3599 2751 3673 simulatque

412 3681 598 3740 iratus
631 3681 894 3741 Achilles
940 3701 975 3739 a
1019 3686 1213 3740 cetero
1246 3681 1508 3739 exercitu
1538 3699 1601 3739 se
1631 3682 2011 3756 separaverit,
2058 3686 2183 3740 tum
2221 3703 2356 3742 vero
2390 3683 2525 3743 illos
2558 3684 2753 3742 denuo

411 3767 558 3825 urbe
602 3767 878 3826 excedere
922 3785 1098 3824 ausos
1143 3784 1298 3837 esse,
1346 3770 1413 3823 ut
1454 3764 1592 3824 hinc
1637 3765 1875 3823 demum
1918 3767 2218 3842 plenum
2264 3769 2388 3827 sive
2440 3770 2754 3843 plenum

413 3854 472 3909 et
513 3844 920 3927 proximu'm
955 3850 1035 3926 (p.
1071 3847 1222 3926 211)
1255 3850 1380 3908 sive
1417 3882 1486 3891 -
1522 3853 1592 3908 ut
1623 3850 1766 3909 alibi
1796 3853 2204 3928 exaggerando
2247 3852 2394 3911 dicit
2422 3873 2482 3928 p.
2522 3855 2637 3911 196
2671 3886 2756 3895 ——

413 3938 731 3994 omnium
797 3937 1111 4010 primum
1176 3934 1395 3994 bellum
1463 3938 1732 3993 exortum
1800 3936 1897 3995 sit.
1999 3936 2334 3995 Artificium
2392 3956 2510 3995 non
2565 3938 2753 3996 latet:

411 4020 742 4078 excusanda
787 4023 878 4078 est
922 4018 1352 4093 teichoscopiae
1399 4020 1841 4094 importunita8‚
1887 4040 2005 4095 qua
2034 4021 2305 4080 Priamus
2351 4022 2753 4083 introducitur

411 4102 634 4161 decimo
679 4104 818 4161 belli
865 4124 1020 4164 anno
1065 4104 1289 4180 primos
1334 4122 1601 4179 quosque
1645 4105 1906 4164 hostium
1954 4105 2129 4165 duces
2173 4107 2485 4182 ignorans!
2562 4108 2752 4167 Locos

410 4187 737 4246 cumulavit
779 4188 1143 4264 Nitzschius,
1203 4188 1418 4263 quibus
1473 4189 1636 4247 illam
1694 4209 1891 4248 rerum
1948 4190 2353 4249 condicionem
2411 4195 2516 4250 aut
2576 4193 2745 4251 innui

409 4273 515 4328 aut
559 4271 777 4330 diserte
821 4274 1069 4333 indicari
1116 4272 1407 4336 affirmat:
1460 4273 1529 4329 N
1559 4275 1671 4333 101
1711 4294 1859 4350 sqq.,
1906 4294 2083 4349 quem
2130 4279 2330 4334 tamen
2375 4276 2570 4335 locum
2616 4278 2745 4352 ipse

410 4374 445 4412 a
496 4355 861 4416 diasceuasta
911 4360 1305 4435 compositum
1353 4359 1608 4434 putavit,
1658 4359 1695 4415 I
1725 4360 1846 4417 352
1874 4379 2003 4435 sqq.
2039 4359 2090 4417 Ο
2117 4361 2235 4419 721
2263 4380 2392 4436 sqq.
2432 4365 2485 4418 A
2515 4362 2636 4419 512
2662 4382 2749 4437 sq.

412 4440 460 4498 B
496 4441 847 4500 792—794.
909 4445 1129 4504 2:287.
1175 4442 1321 4503 ibid.
1354 4443 1475 4501 257
1509 4463 1599 4519 sq.
1674 4444 1723 4499 Β
1768 4445 2121 4508 239-242.
2191 4445 2336 4504 ibid.
2382 4447 2742 4507 375—380.
