3132 5129
372 1994 436 2041 16

1415 448 1481 457 —-
1576 412 1865 474 436-

472 564 630 625 ἐστίν
673 562 802 626 cum
862 568 989 627 cod.
1039 567 1403 636 D,Hilariu‘s
1459 568 1716 643 omittit,
1781 571 2054 643 suspecta
2098 588 2225 627 esse
2280 570 2458 626 etiam
2516 569 2808 644 particula

474 673 624 728 quae
670 653 936 728 sequitur
980 651 1088 709 καί
1125 653 1327 728 arguit
1370 654 1432 710 in
1464 653 1671 711 multis
1718 653 1887 711 libris
1920 654 2139 712 omissa.
2168 657 2230 711 et
2260 673 2294 710 a
2327 653 2478 711 LTB
2510 653 2807 715 damnata.

471 738 753 797 Nonnum
802 739 850 796 si
898 738 1167 795 audimus
1211 758 1267 796 v.
1323 737 1440 794 155
1473 757 1559 812 sq.

724 850 794 925 ὸς
841 852 902 914 δὲ
946 850 1027 913 δι’
1076 853 1354 956 αἰθερίου
1398 851 1794 933 θεοδέγμονος
1840 853 2001 914 ἵκετο
2044 850 2304 930 κόλπου,

724 936 1045 1018 φθέγγεται
1094 930 1435 1015 ουρανόθεν
1481 938 1661 1015 τόπερ
1707 936 1945 1017 ἔκλυεν,

472 1060 627 1118 bunc
672 1060 1090 1162 simpliciorem
1135 1079 1241 1117 nec
1286 1061 1483 1118 minus
1529 1060 1912 1161 perspicuum
1943 1060 2291 1118 babebimus
2337 1061 2630 1136 evangelii
2678 1065 2804 1119 tex—

470 1149 625 1203 tum:
674 1138 705 1201 6
756 1141 819 1203 ἑκ
864 1151 969 1202 τοῦ
1014 1138 1277 1216 οὐρανοῦ
1324 1140 1635 1220 ἐρχόμενος
1680 1137 1713 1200 ὃ
1758 1139 2057 1220 ἤκουσεν,
2103 1152 2276 1202 τοῦτο
2320 1148 2623 1222 μαρτυρεῖ.

641 1229 722 1304 V,
755 1231 839 1288 40
870 1226 970 1286 καὶ
1001 1249 1073 1285 ου
1118 1225 1317 1286 θέλετε
1363 1224 1568 1286 ἐλθεῖν
1597 1227 1747 1304 πρός
1790 1249 1861 1305 με
1892 1226 2035 1306 <ἴνα
2081 1224 2242 1305 ζωὴν
2271 1225 2495 1307 ἔχητε).
2557 1230 2803 1304 Ultima,

473 1334 622 1389 quae
668 1316 898 1373 uncinis
944 1314 1131 1390 sepsi,
1179 1316 1304 1371 sine
1348 1315 1697 1414 necessitate
1742 1317 2096 1389 repetuntur
2139 1335 2207 1372 ex
2245 1317 2324 1373 39
2371 1310 2656 1391 ἐρευνᾶτε
2700 1305 2803 1384 τὰς

469 1396 741 1496 γραφάς,
786 1420 878 1456 οτι
924 1392 1091 1474 ὑμεῖς
1138 1396 1362 1456 δοκεῖτε
1398 1394 1462 1455 ἐν
1519 1392 1730 1468 αυταῖς
1773 1390 1930 1473 ζωὴν
1974 1396 2221 1457 αἰώνιον
2262 1419 2436 1474 εχειν.
2513 1401 2638 1459 Nec
2679 1401 2806 1458 illic

469 1485 532 1542 in
577 1485 876 1546 codicibus
937 1483 1289 1559 quibusdam
1344 1480 1590 1541 αἰώνιον
1647 1485 1839 1558 deest,
1909 1485 2066 1559 quod
2125 1503 2295 1559 sane,
2365 1486 2414 1542 si
2471 1486 2806 1543 membrum

471 1571 789 1645 repetitur,
837 1588 1013 1644 aegre
1059 1568 1451 1627 desideratur.

641 1654 918 1728 v11,50
960 1649 1111 1727 λέγει
1158 1648 1502 1729 Νικόδημος
1546 1648 1694 1724 πρὸς
1737 1644 1991 1728 αὐτούς,
2051 1646 2125 1732 <ὁ
2174 1647 2373 1711 ἐλθών
2429 1646 2575 1731 πρὸς
2620 1642 2809 1712 αυτὸν

471 1730 787 1816 πρότερον
855 1728 942 1805 εἷς
1001 1759 1089 1795 ων
1134 1734 1192 1809 ἐξ
1237 1731 1498 1816 αὖτῶν>.
1588 1738 1844 1812 Ultima,
1901 1757 2053 1812 quae
2108 1740 2341 1797 uncinis
2399 1741 2583 1815 sepsi,
2641 1741 2807 1798 vario

472 1824 650 1882 modo
715 1824 775 1880 in
833 1822 1004 1881 libris
1065 1823 1286 1880 tradita
1357 1824 1660 1898 ignoravit
1715 1823 1998 1882 Nonnus:
2072 1842 2143 1881 ex
2199 1823 2368 1898 XIX,
2431 1826 2511 1882 39
2569 1828 2809 1899 sumpta

473 1908 769 1966 videntur.

637 1992 749 2067 XI,
802 1993 877 2049 12
924 2011 1054 2051 cum
1102 1991 1353 2051 Nonnus
1400 1993 1636 2051 omissis
1681 1985 1883 2066 aurci,
1942 1994 2003 2050 in
2029 2012 2169 2097 quo
2203 1994 2440 2053 variant
2483 1998 2695 2067 testes,
2742 1998 2806 2051 et

471 2078 744 2135 sollemni
796 2073 979 2152 Κύριε
1024 2080 1259 2135 tantum
1307 2077 1450 2135 haec
1493 2077 1700 2134 habet:
1761 2051 1932 2135 εἷπον
1973 2067 2092 2136 ουν
2148 2077 2213 2136 οἵ
2256 2077 2529 2153 μαθηταί
2585 2076 2664 2136 Εἰ
2711 2097 2809 2136 κε-

472 2160 773 2238 κοίμηται,
823 2158 1196 2237 σωθήσεται,
1243 2162 1667 2237 discipulorum
1713 2180 1833 2220 non
1877 2181 2231 2238 responsum
2265 2163 2399 2222 Iesu
2447 2164 2646 2222 datum
2697 2164 2804 2222 sed

474 2248 917 2307 sermunculum
963 2248 1119 2304 inter
1164 2248 1323 2321 ipsos
1368 2247 1638 2305 habitum
1685 2247 1903 2305 innuit.

638 2332 820 2390 Ibid.
867 2334 947 2391 47
994 2328 1097 2388 καὶ
1142 2330 1205 2389 οἵ
1241 2330 1554 2407 Φαρισαῖοι
1598 2332 1880 2389 Nonnum
1926 2351 2045 2390 non
2093 2332 2369 2391 habuisse
2412 2353 2481 2391 ex
2526 2336 2806 2397 accurata

472 2420 637 2491 patet
681 2417 1220 2491 discriminatione,
1281 2436 1461 2490 quam
1522 2436 1622 2474 eos
1670 2417 1824 2486 inter
1868 2417 2012 2474 fucit
2054 2419 2232 2492 atque
2289 2417 2603 2492 pontifices
2649 2420 2799 2476 satis

470 2501 793 2561 notabilem
850 2522 905 2560 v.
956 2501 1075 2559 185
1108 2521 1245 2592 sqq4

852 2621 933 2630 ——-
1111 2619 1183 2628 —
1361 2619 1442 2627 —
1621 2619 1696 2627 —
1830 2586 1957 2644 Καί
1994 2608 2149 2657 τινες
2192 2581 2400 2646 αὐτῶν

725 2671 809 2742 εἰς
849 2667 1028 2730 πόλιν
1072 2667 1236 2746 ἴχνος
1282 2666 1570 2745 ἔκαμψαν
1615 2667 1672 2739 ἐς
1717 2663 2036 2742 αντιθέους
2082 2671 2336 2748 ἱερῆας

724 2748 1015 2831 πληθύι
1058 2748 1456 2830 κηρύσσοντες
1498 2749 1910 2814 ἆπιστοτᾰτων
1953 2756 2395 2854 Φαρισαίων

725 2837 862 2917 ἔργα
908 2845 1061 2900 θεοῦ
1106 2841 1402 2915 Χριστοῖο.
1484 2836 1601 2897 Καὶ
1645 2862 1904 2918 αφρονες
1945 2831 2347 2938 ἆρχιερῆες

725 2924 806 2994 εἰς
849 2920 1079 3004 αγορὴν
1119 2919 1333 3001 αγὲροι
1340 2945 1401 2982 το
1443 2916 1818 3002 πολυθροον,
1874 2917 1976 3007 ᾗχι
2018 2919 2400 3004 γερόντων

726 3007 807 3080 εἰς
848 3009 919 3067 ’ἐν
963 3006 1364 3090 ἀγειρομένων
1406 3006 1949 3087 πρωτόθρονος
1993 3008 2148 3080 ἕζετο
2190 3008 2395 3088 βουλή.

471 3113 857 3190 Evangelista
904 3114 1143 3189 quidem
1189 3113 1270 3169 46
1331 3115 1565 3170 tantum
1619 3111 1799 3172 habet
1854 3107 2008 3180 τινὲς
2066 3107 2130 3169 δὲ
2173 3106 2233 3185 ἐξ
2276 3106 2480 3171 αυτῶν
2522 3105 2808 3189 ἀπῆλθον

425 3252 437 3261 ‚
470 3194 616 3277 πρὸς
663 3193 835 3267 τούς
898 3196 1360 3298 Φαρισαίους
1407 3193 1507 3253 καὶ
1554 3188 1725 3254 εἷπον
1767 3191 2045 3267 αὐτοῖς.

638 3283 798 3358 XVI,
837 3285 912 3342 18
959 3279 1158 3360 ἔλεγον
1202 3303 1319 3339 ουν
1352 3281 1429 3339 Τί
1467 3277 1623 3338 ἔστιν
1669 3281 1840 3339 τοῦτο
1881 3275 1920 3338 ὃ
1962 3279 2115 3359 λέγει
2164 3270 2227 3339 τό
2271 3279 2516 3358 μικρόνς
2561 3276 2671 3340 οὐκ
2715 3279 2803 3339 οἴ-

474 3367 663 3444 δαμεν
706 3368 765 3425 τί
803 3370 981 3426 λαλεῖ.
1059 3368 1307 3426 Versum
1356 3388 1425 3426 ex
1483 3366 1868 3426 antecedente
1915 3368 2256 3443 importune
2312 3369 2631 3444 repetitum
2675 3386 2805 3426 esse

471 3456 650 3512 etiam
697 3454 937 3529 quidam
983 3454 1121 3511 libri
1178 3454 1464 3526 innuunt,
1521 3471 1772 3527 quorum
1819 3453 1919 3511 alii
1967 3447 2005 3509 ὃ
2049 3448 2199 3528 λέγει
2243 3448 2340 3527 τό,
2386 3449 2707 3511 Vaticanus
2753 3451 2803 3508 B
2886 3447 2892 3454 ’

469 3539 616 3597 adeo
663 3538 720 3594 τί
762 3540 928 3596 λαλεῖ
967 3539 1211 3597 omittit.

643 3622 824 3682 Ibid.
872 3624 950 3680 32
1012 3619 1238 3698 ἔρχεται
1281 3639 1409 3695 ωρα
1466 3617 1566 3678 καὶ
1622 3613 1932 3697 ἐλήλυθεν.
2006 3622 2256 3681 Nonnus
2300 3641 2432 3681 cum
2479 3616 2693 3700 ἐγγύθι
2735 3616 2804 3677 δὲ

470 3701 679 3785 χρόνος
730 3697 906 3777 ουτος
950 3707 1190 3781 scribit,
1248 3707 1540 3767 incertum
1599 3709 1692 3766 est
1748 3710 1948 3766 utrum
2003 3707 2250 3766 liberius
2305 3711 2621 3783 utrumque
2676 3725 2804 3767 ver-

472 3793 614 3851 bum
662 3794 1019 3868 expresserit
1063 3812 1138 3851 an
1184 3793 1512 3868 perfectum
1557 3792 1704 3850 alibi
1737 3791 1977 3850 obvium
2021 3792 2116 3851 hic
2159 3811 2280 3851 non
2324 3792 2617 3851 habuerit.
2686 3791 2803 3850 Sed

470 3878 672 3938 eadem
720 3878 949 3953 phrasis
994 3877 1245 3936 fortasse
1289 3876 1469 3937 etiam
1516 3876 1578 3935 in
1623 3875 1827 3950 XVII,
1882 3879 1911 3933 1
1958 3877 2231 3952 transiit,
2278 3877 2380 3936 ubi
2426 3872 2717 3954 ἐλήλυθεν
2760 3868 2803 3950 ἡ

472 3983 599 4040 ωρα
645 3984 679 4022 a
724 3962 940 4021 Nonno
985 3963 1313 4038 ignoratur.

641 4046 853 4106 Carere
911 4048 1088 4106 etiam
1146 4065 1457 4144 possumus
1504 4065 1602 4120 ec,
1661 4046 1819 4121 quod
1863 4045 2098 4120 XVIII,
2150 4049 2177 4103 1
2240 4046 2332 4105 bis
2378 4079 2454 4090 -
2514 4036 2630 4105 σὺν
2682 4047 2804 4115 τοῖς

467 4135 768 4209 μαθηταῖς
815 4125 1001 4190 αὐτοῦ
1046 4137 1105 4192 et
1154 4120 1332 4202 αὐτὸς
1379 4127 1479 4189 καὶ
1534 4130 1599 4189 οἱ
1633 4127 1898 4205 μαθηταὶ
1946 4124 2136 4189 αυτοῦ
2174 4163 2244 4175 -
2279 4132 2497 4192 diserte
2542 4132 2801 4207 additur,

468 4218 749 4294 quoniam
811 4221 873 4277 et
926 4219 1127 4278 statim
1184 4219 1454 4293 sequitur
1513 4218 1549 4274 2
1604 4237 1747 4291 μετα
1805 4237 1927 4274 των
1981 4215 2273 4314 μαθητων
2328 4210 2519 4275 αὐτοῦ
2572 4221 2633 4276 et
2689 4217 2800 4274 ali-

470 4304 624 4361 unde
668 4303 865 4362 Iesum
922 4304 1047 4362 fere
1091 4323 1126 4362 a
1183 4302 1487 4378 discipulis
1543 4303 1892 4361 comitatum
1951 4321 2077 4361 esse
2137 4302 2368 4361 scimus.
2443 4302 2567 4361 Nec
2624 4300 2802 4360 ibid.

468 4389 504 4445 2
553 4391 622 4446 ut
663 4388 797 4448 aliis
842 4409 911 4447 ex
956 4388 1100 4447 locis
1144 4388 1220 4445 ad
1268 4387 1447 4445 Iudae
1491 4406 1703 4446 nomen
1752 4387 2088 4445 adderetur·
2111 4379 2145 4444 ὁ
2204 4375 2575 4466 παραδιδους
2616 4375 2805 4444 αυτὸν

468 4492 616 4548 opus
661 4477 804 4532 erat.
