3132 5129
1352 372 1767 436 -91-

645 522 892 607 νήπιος,
939 523 1114 588 οὐδὲ
1159 526 1223 587 τὸ
1268 521 1392 588 οἶδε
1437 524 1588 588 κατὰ
1634 525 1827 630 φρένα
1875 525 2154 600 Τυδέος
2200 527 2408 603 υἱός,

644 636 766 673 orn
807 608 950 693 μάλ’
996 606 1079 673 οὖ
1123 611 1473 691 ὃηναιός,
1520 609 1595 686 ὃς
1641 606 2098 672 ἀθανάτοισι
2141 605 2427 691 μάχηται,

386 755 519 796 cum
567 737 619 792 Z
656 738 775 797 130
804 755 895 811 sq.

653 845 828 913 ουδὲ
871 850 984 930 γὰρ
1027 844 1165 911 οὐδὲ
1215 847 1601 931 Δρύαντος
1649 848 1808 923 υίὸς
1853 850 2131 930 κρατερὸς
2178 850 2529 931 Λυκόοργος

645 936 786 1015 δὴν
828 928 1032 1015 ἦν,”
997 959 1075 1009 ος
1121 936 1196 1016 ῥα
1240 941 1546 997 θεοῖσιν
1589 934 2034 1017 ἐπουρανίοισιν
2078 934 2294 1014 ἔριζεν,

386 1062 450 1117 et
499 1060 618 1117 139
650 1078 737 1135 sq.

651 1210 725 1219 —
815 1208 896 1220 --·
985 1210 1068 1219 —-
1157 1209 1236 1230 -π-
1325 1167 1462 1234 οὖδ’
1507 1168 1613 1248 ἄρ’
1661 1173 1926 1254 ἔτιδὴν

644 1252 766 1338 ἦν,
814 1258 940 1320 ἐπεὶ
981 1255 1497 1319 ἀθανάτοισιν
1538 1256 1846 1338 ἀπήχθετο
1888 1268 2038 1318 πᾶσι
2081 1264 2335 1320 θεοῖσιν.

564 1381 853 1440 Similiter
909 1381 1095 1457 igitur
1149 1379 1445 1439 Homiliae
1501 1385 1678 1457 poeta
1729 1382 1803 1440 ad
1859 1381 2248 1440 Diomedeam
2306 1382 2589 1456 respexit,
2661 1385 2731 1440 ut

389 1467 452 1525 in
510 1466 930 1525 dissertatione
972 1465 1069 1523 111
1125 1485 1183 1541 p.
1225 1466 1307 1524 20
1336 1486 1426 1542 sq.
1498 1463 1705 1546 [supra
1759 1486 1819 1541 p.
1870 1467 1947 1524 64
1980 1462 2097 1544 sq.]
2169 1466 2438 1524 Litarum
2494 1469 2729 1541 poetam

392 1568 503 1609 suo
548 1551 811 1610 carmine
858 1550 1112 1609 vidimus
1159 1550 1380 1609 Menidi
1428 1552 1598 1627 quasi
1642 1551 2015 1627 respondere.

560 1634 651 1693 Ex
703 1634 826 1708 his,
889 1654 1038 1710 quae
1093 1634 1270 1694 modo
1315 1637 1728 1710 exposuimus,
1792 1636 1957 1695 vides
2011 1655 2120 1696 nos
2176 1636 2415 1732 quidem
2463 1636 2613 1694 illud
2658 1637 2729 1695 de

392 1719 681 1780 Diomede
736 1722 798 1778 et
854 1718 1075 1778 Glauco
1132 1719 1461 1795 episodium
1515 1740 1624 1797 pro
1682 1721 1942 1797 genuina
1995 1720 2170 1779 huius
2227 1721 2504 1780 carminis
2562 1725 2731 1797 parte

387 1804 643 1878 habere,
713 1823 1068 1881 quamquam
1131 1805 1193 1862 in
1252 1806 1312 1861 A
1379 1805 1683 1881 adscripta
1741 1806 1962 1881 legitur
2026 1804 2307 1864 notabilis
2362 1806 2520 1863 haud
2579 1806 2728 1865 levis

386 1890 652 1949 notatio:
720 1909 809 1948 οτι
878 1884 1260 1963 μετατιθέασί
1312 1909 1466 1960 τινες
1520 1884 1805 1966 ἀλλαχόσε
1874 1885 2097 1967 ταύτην
2149 1887 2258 1966 τὴν
2306 1880 2621 1965 σύστασιν,
2668 1893 2729 1948 et

387 1994 529 2034 sane
600 1993 705 2049 per
770 1994 833 2033 se
878 1977 1015 2049 post
1082 1976 1201 2033 118
1269 1975 1473 2034 statim
1531 1976 1652 2034 237
1709 1976 1879 2051 sequi
1949 1977 2175 2049 potest,
2251 1974 2569 2034 dummodo
2634 1975 2730 2034 hic

387 2053 541 2117 ἀλλ’
608 2079 724 2117 ors
782 2055 868 2135 δὴ
923 2055 1153 2128 Σκαιας
1215 2079 1274 2116 τε
1329 2056 1522 2130 πύλας
1578 2061 1836 2137 legatur.
1923 2058 2151 2118 Verum
2204 2060 2361 2118 enim
2424 2079 2559 2119 vero
2614 2060 2727 2118 iam

389 2144 807 2204 Lachmannus
837 2165 896 2219 p.
931 2144 1009 2201 22
1044 2143 1289 2218 pulchre
1320 2144 1622 2204 intellexit
1664 2145 1820 2204 hanc
1864 2137 2405 2204 confabulationem
2452 2145 2728 2204 carminis

391 2232 580 2290 nostri
638 2229 906 2289 redolere
964 2228 1299 2305 ingenium:
1362 2230 1534 2299 „Das
1582 2248 1768 2304 nanze
1822 2231 1935 2288 lied
1990 2233 2089 2288 kat
2134 2232 2303 2288 einen
2345 2230 2561 2288 milden
2605 2231 2731 2288 und

390 2318 732 2389 anmutiyen
802 2315 1121 2374 charakter.
1227 2314 1609 2388 Schildcrtmy
1687 2316 1788 2373 cler
1856 2314 2092 2387 keimpfe
2172 2315 2322 2372 w-ird
2383 2310 2726 2373 vemieden.

390 2400 503 2458 Die
534 2401 871 2474 beyeqmmy
899 2400 997 2457 des
1028 2397 1294 2458 Glaukus
1321 2401 1449 2457 und
1478 2399 1786 2458 Diomedes
1829 2401 1901 2458 ist
1946 2401 2045 2458 ein
2085 2399 2331 2472 vorspiel
2372 2416 2449 2457 zu
2476 2399 2729 2457 Hektors

392 2485 596 2542 besuch
642 2485 730 2542 bei
772 2482 1196 2542 Andromache
1201 2489 1240 2512 ‘¹
1325 2484 1533 2559 Neque
1577 2484 1718 2543 haec
1761 2486 1855 2543 est
1897 2486 2074 2543 notae
2118 2483 2554 2541 Alexandrinae
2598 2501 2727 2542 sen-

404 2569 591 2628 tentia
621 2569 779 2627 hunc
807 2569 1005 2627 locum
1050 2568 1289 2628 aliunde
1333 2574 1576 2629 nostrae
1619 2569 1966 2644 rhapsodias
2013 2569 2248 2627 illatum
2295 2587 2440 2641 esse,
2489 2568 2593 2627 sed
2625 2587 2725 2643 po·

396 2656 515 2714 tius
561 2654 690 2712 vice
733 2672 907 2713 versa
949 2671 1085 2711 eum
1130 2671 1198 2711 ex
1243 2659 1448 2713 nostra
1490 2653 1864 2729 rhapsodia,
1870 2652 2211 2724 ,aliorsum“
2242 2653 2544 2712 invectum
2577 2672 2725 2712 esse.

391 2737 458 2796 Id
503 2756 648 2797 vero
692 2737 754 2796 in
798 2737 1071 2814 pluribus
1115 2737 1326 2797 Iliadis
1370 2728 1538 2797 libris
1584 2740 1645 2798 et
1688 2737 1815 2798 fieri
1863 2738 2076 2813 potuit,
2126 2738 2407 2813 quoniam
2452 2738 2552 2796 ille
2597 2757 2729 2797 con-

391 2841 631 2900 gressus
689 2821 965 2881 absoluto
1023 2823 1191 2897 quasi
1249 2822 1476 2899 epyllio
1534 2826 1800 2895 constat,
1863 2825 1926 2882 et
1967 2840 2108 2882 vere
2154 2823 2375 2881 factum
2424 2841 2551 2882 esse
2596 2841 2727 2881 con·

392 2911 743 2967 sentaneum
790 2909 900 2978 est,
948 2907 1227 2981 quoniam
1269 2908 1568 2984 generalis
1600 2908 1898 2967 sententia
1929 2911 2107 2983 atque
2139 2906 2418 2967 salutaris
2449 2907 2521 2966 de
2553 2908 2728 2966 rebus

393 2992 672 3051 humanis
727 2990 1020 3067 sapientia
1076 3009 1142 3049 eo
1198 2993 1553 3051 continetur.
1656 2991 1825 3061 Quod
1893 2993 2158 3069 igitur,
2169 2991 2729 3064 ,trucidationibus“

394 3077 617 3137 sactum
652 3094 781 3136 esse
814 3075 1207 3151 probabiliter
1245 3077 1585 3137 monuimus
1618 3078 1682 3136 in
1717 3076 2135 3136 dissertatione
2179 3075 2265 3134 IV
2302 3096 2363 3151 p.
2408 3077 2485 3133 21
2520 3071 2732 3154 [supra

390 3182 449 3238 p.
494 3158 637 3240 85],
695 3165 764 3221 ut
817 3179 920 3220 eae
990 3161 1229 3237 „prouti
1286 3180 1380 3220 res
1439 3161 1671 3221 ferebat
1723 3162 1899 3221 modo
1954 3162 2090 3220 huic
2132 3160 2308 3220 modo
2353 3160 2441 3218 illi
2488 3162 2731 3220 carmini

391 3266 427 3304 a
468 3245 784 3321 rhapsodis
828 3245 1085 3305 insertae
1141 3245 1422 3319 suerint‘ss
1487 3246 1549 3304 id
1596 3246 1669 3306 de
1712 3247 1822 3305 hoc
1879 3246 2186 3306 dissimilis
2232 3245 2471 3322 quidem
2518 3245 2730 3305 coloris

390 3331 495 3390 sed
540 3331 755 3390 similis
798 3331 1050 3390 rationis
1094 3330 1360 3405 episodio
1405 3330 1627 3390 diserte
1670 3334 1954 3390 testatum
2001 3331 2357 3389 invenimus.

567 3416 776 3474 Fuisse
830 3414 978 3474 illud
1038 3416 1370 3491 episodium
1428 3414 1502 3473 ab
1558 3415 1734 3476 initio
1793 3415 1852 3474 in
1912 3414 2178 3473 Homilia
2234 3415 2414 3474 etiam
2471 3434 2541 3472 ex
2586 3416 2728 3489 apto

392 3501 672 3560 carminis
719 3499 871 3559 fine
904 3500 967 3555 H
1000 3502 1204 3559 1-—16
1247 3503 1510 3576 apparet,
1556 3499 1659 3558 ubi
1705 3499 2015 3559 Hectori
2062 3502 2243 3575 atque
2288 3498 2549 3556 Paridi
2595 3516 2725 3556 cum

391 3585 591 3645 subito
638 3583 837 3643 reditu
882 3588 1013 3643 tum
1055 3586 1429 3662 singulorum
1469 3585 1733 3644 hostium
1778 3585 1952 3643 caede
1982 3587 2220 3660 gratum
2249 3583 2532 3641 exercitui
2564 3584 2727 3640 auxi-

389 3671 536 3729 lium
593 3669 924 3729 serentibus
976 3673 1046 3727 ut
1113 3670 1327 3728 tertius
1390 3673 1804 3746 propugnator
1868 3688 2022 3728 unus
2091 3668 2334 3728 additur
2397 3666 2727 3726 Glaucus

390 3755 628 3830 Iphinoi
669 3754 914 3813 victor-,⁴
963 3753 1080 3813 Sed
1126 3773 1275 3829 quae
1321 3755 1437 3813 iam
1482 3756 1769 3830 sequitur·
1796 3754 1867 3814 de
1911 3753 2198 3830 singulari
2244 3751 2517 3812 Hectoris
2550 3754 2730 3827 atque

391 3839 590 3899 Aiacis
634 3840 957 3898 certamine
1000 3838 1263 3897 narratio
1312 3839 1375 3894 H
1418 3840 1742 3911 17—312,
1803 3858 1889 3913 ea,
1949 3837 2074 3898 sive
2132 3856 2255 3896 rem
2316 3839 2549 3911 spectes
2605 3835 2731 3894 sive

392 3942 723 3984 sermonem
779 3928 841 3984 et
895 3923 1132 3999 singula
1186 3923 1399 3995 verba,
1467 3925 1612 4000 quin
1667 3925 1739 3982 ab
1806 3926 2012 3983 nostro
2067 3923 2330 3982 carmine
2383 3921 2576 3979 aliena
2630 3920 2728 3991 sit,

393 4009 652 4068 dubitari
709 4008 943 4084 nequit.
1031 4008 1163 4085 Age
1218 4008 1406 4084 igitur
1460 4008 1779 4085 diligenter
1822 4028 1954 4067 eam
1997 4009 2398 4066 examinemus
2440 4005 2729 4065 narratio·

393 4113 545 4166 nem,
595 4112 746 4169 quae
792 4094 960 4169 quasi
1004 4092 1326 4169 singularis
1369 4093 1689 4170 rhapsodia
1749 4111 1855 4165 suo
1899 4093 2122 4169 gaudet
2164 4091 2448 4168 peculiari
2492 4092 2730 4150 nomine

375 4173 735 4253 Ἕκτορος
779 4172 902 4234 καὶ
945 4172 1271 4247 Αἴαντος
1315 4175 1754 4254 μονομαχία.
1830 4177 1917 4236 Ac
1947 4177 2205 4253 primum
2250 4176 2491 4251 quidem
2537 4177 2732 4251 ipsum

394 4264 914 4340 argumentum
968 4261 1385 4338 dignissimum
1442 4281 1584 4322 sane
1629 4263 1847 4322 summi
1890 4264 2099 4337 poetae
2143 4262 2384 4337 ingenio
2432 4259 2730 4337 quomodo

393 4350 716 4407 tractatum
761 4347 873 4419 sit,
919 4346 1271 4423 simpliciter
1314 4346 1753 4407 consideremus
1797 4346 1963 4405 nulla
2017 4345 2294 4407 dictionis
2350 4346 2732 4427 locorumque

395 4432 630 4492 aliunde
675 4431 1048 4492 sublatorum
1091 4432 1321 4492 ratione
1365 4431 1587 4491 habita.
