3132 5129
1447 381 1906 444 -416—

510 542 697 601 donec
751 541 968 600 Bacchi
1013 541 1219 617 thyrso
1275 540 1623 598 vulneratus
1669 558 1874 616 pugna
1935 539 2191 613 excedit,
2258 539 2350 598 cui
2408 529 2638 598 vulneri
2702 539 2842 597 dum

508 627 914 686 Brachmanus
958 626 1200 702 quidam
1245 624 1540 701 medetur,

917 738 1105 819 τόφρα
1153 739 1215 802 δὲ
1259 738 1684 820 δυσμενέεσσιν
1728 738 1970 821 ἕπε’χραε
2021 734 2248 812 Λύδιος
2291 738 2440 821 ἅρης

512 903 571 942 v.
606 882 758 940 360!
819 881 1014 956 Igitur
1067 884 1195 939 tum
1250 880 1490 938 demum
1547 882 1832 955 utraeque
1886 881 2089 955 copiae
2147 882 2511 939 concurrunt
2562 882 2700 954 post
2753 882 2850 936 tot

514 966 903 1026 certaminum
949 965 1295 1024 discrimina
1338 967 1517 1039 atque
1561 965 1872 1024 victoriam
1918 985 1953 1023 a
1994 965 2226 1024 Baccho
2270 965 2663 1040 reportatam!

683 1048 801 1109 Sed
844 1049 939 1109 hic
995 1056 1153 1109 certe
1209 1049 1544 1123 conflictus,
1603 1051 1706 1125 qui
1759 1053 1959 1109 tamen
2017 1050 2194 1125 paulo
2250 1049 2604 1108 insolentius
2649 1048 2846 1108 verbis

514 1139 663 1193 τοῖσι
706 1131 817 1209 μὲν
871 1128 1284 1211 ἕγρεκύδὸιμος
1343 1129 1451 1207 ἔην
1502 1128 1685 1204 πλόος
1740 1135 2061 1209 indicatur,
2120 1134 2237 1193 cito
2297 1133 2525 1192 Baccho
2583 1133 2849 1192 faustum

511 1221 804 1296 augurari.
837 1220 1089 1290 videtur,
1130 1222 1437 1278 eventum:
1495 1221 1655 1285 certe
1705 1223 2008 1294 quotquot
2060 1220 2318 1278 hostium
2366 1219 2425 1276 in
2471 1236 2632 1275 mare
2679 1214 2842 1292 prael

513 1306 870 1380 cipitantur,
916 1304 1195 1363 fluctibus
1239 1303 1621 1379 hauriuntur,
1670 1305 1769 1378 qui
1816 1304 2142 1363 exBacchi
2189 1303 2483 1362 militibus
2525 1303 2673 1360 mari
2705 1302 2848 1360 inci-

515 1390 692 1464 dunt,
739 1392 1013 1449 natantes
1058 1388 1317 1447 evadunt
1360 1408 1417 1448 v.
1452 1390 1810 1447 361—371.

688 1474 801 1532 Vix
845 1492 996 1549 opus
1041 1473 1227 1548 igitur
1255 1473 1523 1547 videtur,
1570 1475 1728 1548 quod
1773 1476 1835 1531 et
1863 1474 2137 1548 Iuppiter
2168 1473 2376 1531 Martis
2409 1505 2486 1514 ——
2517 1473 2620 1548 qui
2660 1471 2843 1531 ambi-

513 1579 666 1636 guus
711 1578 839 1618 esse
895 1560 1011 1617 iam
1067 1557 1300 1616 dudum·
1348 1557 1604 1615 desierat
1649 1590 1723 1598 —
1771 1558 1999 1616 lancem
2060 1558 2366 1632 deprimit,
2425 1560 2488 1615 et
2533 1556 2849 1632 Neptunus

514 1663 647 1702 cum
679 1643 988 1705 Melicerta
1016 1643 1225 1718 auriga
1255 1642 1455 1701 currui
1487 1642 1768 1701 insistens
1800 1643 2060 1700 tridente
2100 1642 2304 1701 hostes
2345 1642 2519 1717 fugat
2549 1661 2605 1700 v.
2640 1642 2852 1699 372—

518 1731 673 1803 376,
719 1731 790 1787 ut
831 1728 950 1786 iam
995 1727 1195 1785 omnia
1239 1727 1603 1785 conclamata
1648 1746 1772 1786 esse
1817 1728 1929 1785 tibi
1974 1726 2354 1801 persuadeas.

688 1812 904 1871 Verum
953 1813 1251 1871 enimvero
1296 1830 1390 1870 res
1433 1812 1626 1870 multo
1680 1812 1854 1870 aliter
1911 1813 2097 1870 cedit:
2156 1831 2296 1871 nam
2352 1814 2414 1868 et
2456 1811 2617 1869 venti
2663 1809 2850 1868 mina·

516 1897 805 1961 bundum„
823 1896 1092 1972 Neptuni
1138 1896 1301 1972 quasi
1348 1913 1518 1953 suum
1563 1896 1713 1954 illud
1761 1895 1961 1970 „Quos
2006 1896 2531 1972 ego“·intonantis
2577 1894 2850 1953 habitum

515 1985 623 2042 aut
678 1984 1020 2059 ignorantes
1075 1986 1179 2039 aut
1230 1980 1549 2039 illudentes
1608 1983 1825 2056 partim
1881 1981 2120 2040 Deriadi
2173 1981 2392 2055 partim
2439 1979 2670 2038 Baccho
2726 1998 2852 2036 suc·

517 2086 755 2125 currere
812 2070 1054 2141 parant,
1113 2068 1174 2124 et
1229 2065 1365 2122 Eris
1420 2084 1776 2141 quamquam
1828 2065 2091 2124 Victoria
2134 2065 2554 2124 Bacchicarum
2609 2065 2853 2122 navium

518 2151 649 2210 vela
680 2152 954 2210 sinuante
983 2150 1258 2209 Deriadis
1288 2153 1487 2207 tamen
1518 2150 1763 2210 classem
1798 2151 2018 2209 ducens
2063 2183 2143 2192 —-
2188 2150 2332 2225 quid
2377 2150 2616 2208 tandem
2664 2148 2855 2207 facit‘?

518 2236 677 2294 Num
722 2236 895 2312 fugae
940 2235 1295 2293 inclinantes
1338 2234 1649 2309 paululum
1694 2238 1916 2294 retinet
1958 2234 2314 2310 firmatque?
2389 2234 2632 2292 Minime
2679 2252 2852 2304 vero;

517 2321 617 2379 sed
649 2321 818 2395 quasi
852 2320 1049 2378 omnia
1078 2320 1271 2378 adhuc
1300 2323 1508 2394 pacata
1539 2319 1822 2396 fuissent,
1872 2320 2258 2396 pugn-andi
2292 2319 2596 2377 initium
2631 2312 2851 2376 facit!

519 2404 737 2465 Credat
779 2404 1060 2479 Iudaeus,
1122 2403 1297 2477 dicis;
1356 2405 1594 2462 credere
1645 2405 1774 2479 ipse
1833 2404 2041 2478 debes,
2102 2408 2205 2462 aut
2257 2401 2554 2478 quomodo
2610 2402 2853 2459 tandem

518 2489 932 2564 interpreteris
984 2488 1132 2546 illud
1166 2508 1223 2549 v.
1259 2488 1379 2545 384
1407 2508 1493 2563 sq.
1539 2485 1640 2546 καὶ
1684 2485 1892 2546 στόλον
1935 2486 2236 2546 ι’θύνουσα
2280 2486 2597 2563 μαχήμονα
2633 2489 2854 2563 Δηρια-

517 2573 661 2651 ὃῆος
700 2575 710 2649 Ι
749 2568 1068 2649 ὑσμίνης
1102 2569 1269 2649 Ἔρις
1313 2561 1529 2650 ἦρχεῬ
1616 2573 1890 2633 Profecto
1948 2574 2059 2632 hoc
2103 2575 2152 2632 si
2198 2591 2558 2647 concoquere
2612 2572 2855 2646 poteris,

517 2661 636 2718 iam
679 2659 829 2717 nihil
874 2661 932 2716 te
991 2657 1280 2731 movebit,
1338 2658 1497 2732 quod
1557 2678 1716 2717 nunc
1773 2660 2009 2716 demum
2054 2658 2284 2717 Nereus
2342 2657 2564 2716 concha
2620 2674 2851 2730 canere,

458 2751 488 2799 ’1
521 2743 728 2801 Thetis
772 2742 1050 2800 fluctibus
1112 2745 1375 2817 strepere
1432 2747 1751 2801 narrantur
1797 2764 1852 2803 v.
1899 2745 2263 2818 387—390,
2321 2746 2571 2816 uterque
2627 2742 2857 2800 scilicet

429 4441 492 4488 16

523 2827 625 2903 „in
670 2827 954 2884 maiorem
1000 2825 1214 2885 Bacchi
1259 2823 1585 2902 gloriam!“

688 2910 864 2969 Hunc
920 2911 1076 2968 enim
1136 2911 1252 2968 iam
1300 2912 1583 2970 victoriae
1638 2913 1832 2987 gloria
1892 2915 2167 2970 ornatum
2234 2931 2357 2971 esse
2424 2914 2622 2986 putes,
2690 2914 2850 2986 post-

519 3015 696 3071 quam
741 2995 1015 3070 Iuppiter
1055 2996 1181 3071 ipse
1223 2999 1403 3070 atque
1437 2995 1753 3071 Neptunus
1796 3001 1992 3071 aperte
2038 2998 2163 3056 eius
2205 3001 2404 3072 partes
2446 3001 2853 3070 susceperunt.

519 3080 772 3139 Nonne?
845 3080 1103 3156 Egregie
1147 3098 1287 3138 vero
1330 3079 1588 3139 falleris!
1660 3081 1865 3157 Neque
1920 3082 2075 3139 enim
2125 3082 2203 3140 dii
2249 3083 2367 3139 iam
2414 3099 2538 3139 rem
2584 3099 2854 3140 consum-

523 3168 865 3240 maverunt,
928 3164 1030 3223 sed
1087 3164 1386 3223 cumulum
1447 3163 1684 3223 demum
1727 3166 1911 3224 ‘addit
1966 3166 2349 3241 Eurymedon
2408 3163 2687 3238 Cabirus,
2751 3163 2856 3240 qui

520 3269 626 3312 sua
670 3268 819 3308 nave
863 3251 1105 3307 incensa
1147 3249 1326 3306 etiam
1371 3248 1843 3308 adversariorum
1890 3268 2070 3309 naves
2114 3250 2365 3309 flammis
2397 3251 2578 3325 petit,
2627 3256 2696 3307 ut
2726 3253 2857 3307 tan-

522 3335 655 3393 dem
681 3333 964 3392 Deriades
995 3352 1125 3391 cum
1150 3332 1315 3392 Indis
1346 3332 1467 3392 suis
1499 3335 1704 3411 fugam
1736 3338 2001 3409 capessat
2033 3339 2208 3412 atque
2238 3335 2310 3392 ad
2342 3338 2560 3394 terram
2592 3334 2856 3409 refugiat

524 3440 580 3478 v.
614 3420 970 3478 391—407.

562 3513 586 3538 ⁹
693 3503 817 3561 Iam
862 3522 1128 3562 recreare
1173 3504 1432 3561 animum
1480 3503 1651 3560 lieet:
1697 3522 1900 3580 pugna
1942 3507 2234 3580 pugnata,
2286 3503 2529 3562 victoria
2558 3506 2857 3579 reportata

522 3588 649 3646 est!
729 3586 845 3645 Sed
891 3607 1011 3663 qua
1040 3588 1138 3646 via
1182 3592 1244 3646 et
1286 3607 1404 3662 qua
1447 3588 1706 3660 ratione,
1752 3606 1928 3646 nemo
1975 3588 2147 3646 facile
2191 3588 2426 3646 dixerit.
2501 3588 2593 3646 Ne
2639 3588 2856 3645 multa:

525 3676 630 3730 aut
672 3672 886 3731 Bacchi
916 3673 1055 3731 vino
1099 3673 1417 3748 gaudentis
1462 3691 1724 3749 pugnam
1772 3673 2042 3748 quamvis
2088 3673 2406 3748 aquatilem
2455 3672 2656 3730 ebrius
2688 3672 2855 3730 Non·

523 3775 637 3814 nus
692 3756 1034 3831 descripsit,
1092 3760 1197 3815 aut
1252 3775 1402 3831 quos
1458 3757 1552 3814 hie
1607 3775 1842 3833 pugnae
1901 3757 2064 3815 illius
2110 3763 2272 3816 actus
2317 3761 2380 3815 et
2421 3759 2588 3832 quasi
2636 3756 2859 3832 gradus

524 3859 634 3900 suo
665 3859 827 3899 more
859 3842 1053 3899 sobrie
1096 3842 1325 3916 riteque
1370 3842 1700 3915 enarravit,
1748 3843 2009 3900 infausta
2053 3842 2177 3900 sive
2224 3841 2446 3900 librarii
2489 3843 2613 3901 sive
2644 3841 2856 3900 biblio·

525 3926 664 4002 pegi
709 3925 1060 3984 temulentia
1103 3929 1324 3986 temere
1367 3926 1734 4000 permiscuit.
1812 3925 1964 3984 Vide
2010 3927 2197 4000 enim,
2248 3945 2424 4000 quam
2468 3926 2619 3984 bene
2663 3925 2861 3984 omnia

526 4010 874 4086 procedant,
944 4012 994 4069 si
1051 4011 1319 4086 „disiecti
1375 4010 1638 4068 membra
1690 4011 1938 4085 poetae“
1996 4011 2107 4069 hoc
2175 4011 2380 4071 ordine
2454 4010 2858 4086 colligaveris:

533 4095 881 4154 123—130.
969 4096 1326 4154 387—390.
1410 4095 1761 4154 384—386.
1851 4096 2204 4155 348—360.
2281 4098 2423 4155 300.
2502 4095 2857 4153 222-227.

529 4180 879 4238 312—339.
937 4181 1284 4238 131—217.
1332 4180 1686 4238 377—383.
1720 4182 1914 4238 361—-
1934 4182 2075 4238 371.
2110 4181 2465 4239 301—305.
2500 4180 2859 4238 344-347.

529 4264 885 4323 soe-311.
934 4265 1284 4323 218-221,
1334 4265 1689 4324 340—343.
1723 4265 2077 4323 257—294.
2112 4265 2465 4324 391-407.
2500 4265 2858 4323 372-376,

528 4348 883 4407 228-256,
933 4351 1286 4408 295-299,

695 4433 1056 4507 Quamquam
1102 4435 1243 4493 haec
1286 4438 1408 4491 tam
1452 4432 1602 4490 bene
1648 4433 1995 4505 cohaerent,
2043 4434 2102 4491 id
2150 4437 2217 4492 ut
2245 4435 2340 4493 vel
2388 4433 2583 4493 obiter
2618 4452 2857 4508 percur-
