3132 5129
1265 396 1555 461 -237
1648 434 1727 443 —

333 558 544 633 piceis,
589 555 809 631 quibus
854 555 1192 614 Melicertae
1236 572 1451 630 corpus
1494 555 1841 651 impositum
1888 555 1993 630 sit,
2054 555 2173 613 dici
2216 573 2337 614 non
2382 556 2660 631 potuerit,
2701 562 2763 609 18

331 646 400 700 ut
442 659 631 717 paene
674 640 936 700 adducar
979 639 1053 699 ad
1098 639 1566 700 emendandum:
1615 629 1737 697 ὑπ’
1784 632 2084 717 ἄγχιᾶλοις
2128 635 2462 703 πιτύεσσιν,

500 719 613 785 33.
671 725 744 784 Ιιι
789 726 1109 802 fragment.
1159 725 1303 785 dub.
1351 726 1389 781 2
1435 721 1517 801 (p.
1571 719 1753 804 165),
1812 724 1973 800 quod
2028 743 2098 785 ox
2141 724 2300 785 Plut.
2347 725 2557 785 moral.
2603 745 2661 801 p.

327 813 451 871 682
498 811 549 870 Β
594 813 850 871 tractum
897 813 1020 885 est,

577 922 715 986 ἀλλ’
761 922 953 988 αὑτὸν
994 920 1322 1004 βασκαινεν
1365 922 1513 986 ἰδὼν
1558 917 1847 1001 ὀλοφωιος
1891 919 2047 1006 ἀνὴρ

581 1011 922 1090 δινήεντι
964 1012 1293 1093 ποταμῷ·
1342 1009 1446 1071 τὸν
1489 1005 1550 1069 δ’
1600 1003 1812 1070 αὐτίκα
1858 1013 2074 1085 νοῦσος
2117 1004 2323 1090 ἀεικής
2367 1047 2451 1057 -

326 1150 450 1192 non
497 1128 633 1213 δίνῃ
677 1128 766 1191 ἔνι
810 1138 1112 1209 ποταμοῦ,
1158 1133 1261 1191 sed
1307 1128 1572 1209 δινήεντι
1616 1124 1736 1211 ῥόῳ
1776 1132 1923 1192 mihi
1953 1132 2455 1208 simplicissimum
2502 1133 2660 1194 vide·

330 1217 588 1278 tur.1n
633 1218 740 1278 illo
786 1217 1167 1294 Panyassidis
1211 1236 1386 1278 versu
1430 1211 1540 1295 (17
1588 1216 1888 1281 Duobner.
1936 1219 2013 1276 15
2061 1213 2463 1297 Tzsehirnor.)

585 1334 787 1416 Σίβρῳ
831 1329 928 1393 ἐπ’
974 1328 1236 1415 ἀργυρέῳ
1280 1340 1534 1417 ποταμῷ·
1576 1333 1738 1414 παρὰ
1784 1332 2070 1413 δινήεντι,

330 1420 435 1480 ubi
479 1422 920 1498 elegantissime
968 1420 1224 1481 Meinek.
1271 1422 1309 1480 l.
1356 1440 1409 1480 ο.
1440 1441 1498 1497 p.
1533 1423 1655 1480 368
1701 1418 2181 1499 βαθυδινήεντι
2226 1422 2497 1494 coniecit,
2544 1421 2660 1480 suf-

327 1505 500 1565 ficere
555 1507 817 1565 arbitror
870 1503 1354 1604 περιδινήεντι,
1421 1506 1581 1582 quod
1648 1525 1784 1566 cum
1840 1525 1911 1566 ox
1967 1507 2182 1584 fragm.
2242 1506 2477 1565 Gallim.
2545 1507 2659 1564 147

326 1591 632 1651 attulisset
676 1591 1128 1666 hechin-uerus,
1176 1592 1393 1650 mirum
1436 1595 1637 1650 tamen
1685 1591 1802 1667 est,
1848 1591 2007 1668 quod
2051 1592 2201 1651 illud
2238 1580 2665 1667 παραδινήεντι

331 1673 620 1735 Gronovii
665 1676 931 1736 retinuit.

499 1755 615 1822 34.
675 1761 1189 1820 Alexandrum
1220 1761 1572 1821 Aetolum
1613 1761 1677 1819 in
1707 1760 1812 1820 illo
1843 1761 2210 1862 fragment0‚
2258 1762 2418 1838 quod
2447 1764 2661 1821 tracta-

331 1845 422 1904 vit
464 1845 798 1905 Meinekius
841 1865 902 1921 p.
950 1847 1103 1920 238,
1161 1865 1279 1906 non
1332 1850 1478 1923 puto
1539 1846 1758 1905 dixisse
1813 1838 2178 1923 γευσάμενος
2235 1839 2529 1923 βοτάνης,
2584 1841 2667 1923 ἣν

335 1962 407 1972 -
445 1926 590 2004 φύει
632 1927 792 2009 εἴαρι
833 1933 974 2008 γαῖα
1004 1964 1083 1973 —-
1114 1925 1232 2013 υλῃ
1276 1920 1810 1990 ναιετάουσαν.
1886 1930 2070 1992 Varia
2113 1934 2333 1991 tentari
2377 1934 2662 2009 possunt:

335 2016 611 2090 equidem
656 2016 728 2074 de
772 2010 888 2097 υλῃ
932 2010 1048 2074 ἀεὶ
1089 2011 1585 2075 θαλέθουσαν
1628 2016 1908 2093 cogitavi

499 2110 613 2177 35.
673 2111 970 2187 Quoniam
1025 2118 1102 2177 ad
1157 2118 1310 2177 hanc
1365 2119 1631 2178 sterilem
1687 2119 1980 2196 spicilegii
2038 2120 2293 2194 opellam
2359 2117 2664 2178 descendi-

329 2220 494 2277 mus,
541 2202 717 2262 liceat
762 2221 980 2279 paucas
1038 2203 1324 2279 quasdam
1368 2203 1578 2263 afferro
1633 2204 1809 2261 etiam
1877 2203 1953 2263 ad
2011 2202 2332 2279 Orphica
2385 2203 2661 2262 emenda-

331 2287 556 2362 tiones,
606 2306 756 2363 quae
802 2288 894 2347 vir
938 2306 1203 2347 summus
1231 2287 1569 2349 Lobeckius
1613 2287 2129 2365 Aglaophamo
2175 2307 2282 2347 suo
2328 2287 2584 2387 collegit
2604 2293 2665 2346 et

327 2371 676 2432 illustravit.
752 2370 869 2430 Sed
911 2392 949 2431 s
989 2372 1316 2433 levioribus
1362 2373 1613 2433 facimus
1658 2373 1928 2431 initium:
1987 2394 2046 2449 p.
2093 2374 2210 2431 481
2273 2376 2412 2448 post
2469 2366 2663 2476 μούνη

330 2456 744 2533 corrigendum
790 2460 881 2516 est
923 2452 1034 2515 τοὶ
1079 2449 1140 2514 δ’
1185 2454 1353 2516 ἄλλοι
1395 2476 1504 2534 pro
1550 2457 1624 2515 οἷ
1661 2449 1721 2515 δ’
1768 2453 1962 2534 ἄλλοι,
2010 2478 2069 2533 p.
2102 2458 2222 2516 543
2266 2450 2462 2533 μέλε’
2510 2446 2665 2514 αυθι

328 2541 588 2600 λιποῦσα
630 2561 741 2619 pro
784 2537 948 2621 μέλη.
1021 2541 1170 2601 Tum
1213 2563 1274 2620 p.
1322 2543 1444 2604 506
1489 2543 1650 2620 quod
1696 2543 1949 2620 legitur:

582 2654 664 2732 ὦς
710 2655 914 2734 ἕνόησ’
962 2656 1182 2731 αυτους
1224 2656 1535 2738 ἀμείλιχον
1579 2652 1722 2741 ἦτορ
1766 2657 2043 2738 ἔχοντας,

331 2778 567 2838 facilius
609 2781 756 2855 puto
799 2780 1244 2856 transponendo
1275 2782 1473 2840 sanari
1518 2798 1694 2857 posse
1738 2765 1821 2851 ὥς
1867 2775 1930 2837 δ’
1978 2772 2197 2851 αὐτοὺς
2247 2776 2495 2854 ἐνόησεν
2535 2774 2663 2857 ehu,

330 2882 511 2939 quam
554 2865 607 2923 si
650 2882 784 2923 cum
826 2864 1128 2926 Lobeokio
1174 2865 1469 2925 scribatur
1511 2864 2000 2942 παναμείλιχον.

502 2960 613 3026 36.
693 2966 846 3026 Ibid.
912 2986 973 3042 p.
1018 2967 1143 3024 424
1210 2987 1280 3027 ex
1345 2967 1577 3027 Dode
1605 2986 1752 3028 cao
1779 2969 1957 3027 teri
1985 2967 2075 3028 do
2141 2968 2382 3027 hiduo
2456 2986 2664 3028 versus

327 3051 692 3110 afferuntur.

583 3158 700 3228 ὦδε
744 3190 857 3248 γαρ
899 3189 983 3226 αν
1024 3165 1228 3246 μίμνοι
1273 3167 1566 3273 καθαρός
1590 3191 1648 3230 τε
1692 3167 1796 3228 καὶ
1838 3167 2146 3246 ἕμπλεος
2191 3164 2351 3241 οἶνος

585 3249 816 3329 ηδυμος
860 3242 1094 3331 ευαίδης
1137 3271 1230 3313 τε·
1275 3247 1460 3313 καλὸν
1503 3247 1566 3313 δ’
1613 3251 1737 3325 ἔτος
1781 3250 1899 3314 ἐστὶ
1942 3255 2174 3338 φυτείῃ.

328 3370 536 3430 Malim
581 3366 904 3447 ἔμπεδος
949 3373 1022 3431 de
1068 3374 1237 3449 vine,
1299 3374 1458 3450 quod
1501 3374 1565 3433 in
1622 3392 1731 3434 suo
1776 3379 2093 3450 pormanet
2148 3379 2333 3435 statu.
2405 3375 2556 3433 Tum
2604 3394 2666 3449 p.

328 3455 453 3514 425
498 3456 876 3516 scribendum
921 3461 1047 3518 est:

588 3570 754 3633 ἔσται
799 3569 858 3630 δ’
905 3565 994 3634 οὗ
1005 3596 1124 3646 τος
1168 3568 1329 3656 ἀνὴρ
1369 3570 1415 3652 ἦ
1455 3575 1735 3653 κοίρανος
1779 3569 1846 3654 ἠὲ
1890 3575 2203 3656 τύραννος.

331 3691 533 3769 Vulgo
577 3682 660 3751 αὖ
701 3714 822 3770 τις,
867 3694 1202 3755 Lobeekius
1245 3685 1433 3766 αὖτις.

498 3787 611 3856 37.
674 3794 740 3854 Ρ.
788 3796 910 3856 525
955 3798 1018 3856 in
1063 3798 1355 3875 longioris
1402 3798 1723 3875 fragmenti
1767 3819 1826 3858 v.
1876 3802 1954 3859 18

582 3905 820 3991 ὄμματά
864 3906 922 3972 τ’
969 3901 1169 3989 ἠέλιός
1213 3936 1284 3975 τε
1328 3911 1453 3973 καὶ
1497 3907 1871 3975 ἀντιόωσα
1915 3910 2154 3993 Σελήνη

330 4050 450 4091 non
498 4032 562 4091 in
605 4052 667 4090 τε
711 4028 814 4090 καὶ
858 4022 1383 4112 ἇνταυγοῦσα,
1427 4035 1531 4094 sed
1576 4036 1639 4095 in
1695 4030 1824 4093 καὶ
1856 4003 2390 4112 ’παμφανόωσα
2448 4037 2664 4096 mutari

327 4116 541 4176 debet:
587 4118 666 4177 cf.
717 4118 921 4189 Quint.
968 4118 1089 4178 Sm.
1138 4119 1209 4194 X,
1257 4120 1404 4180 457.

498 4212 613 4279 38.
676 4219 987 4282 Postremo
1035 4221 1194 4297 quod
1227 4239 1298 4297 p.
1348 4222 1470 4281 538
1516 4222 1741 4300 legitur

578 4331 805 4413 μήσατο
850 4328 911 4396 δ’
958 4329 1297 4418 ἀμβροσίην
1340 4335 1439 4397 καὶ
1488 4335 1754 4420 ἐρυθροῦ·
1799 4337 2081 4418 νέκταρος
2123 4336 2169 4400 ὅ
2178 4362 2211 4418 ρ
2225 4345 2446 4419 θρον,

327 4455 426 4516 vix
474 4457 759 4532 explicari
803 4458 1044 4533 poterit.
1120 4457 1493 4535 Cogitsvorit
1544 4461 1679 4536 quis
1725 4461 1798 4520 do
1854 4457 2104 4539 ἔργον,
2163 4462 2663 4539 quemadmodum
2698 4470 2758 4517 ιθ
