<?xml version="1.0" encoding="UTF-8"?>
<!DOCTYPE html PUBLIC "-//W3C//DTD XHTML 1.0 Transitional//EN"
    "http://www.w3.org/TR/xhtml1/DTD/xhtml1-transitional.dtd">
<html xmlns="http://www.w3.org/1999/xhtml" xml:lang="en" lang="en">
 <head>
  <title>
</title>
<meta http-equiv="Content-Type" content="text/html;charset=utf-8" />
  <meta name='ocr-system' content='tesseract 3.04.00' />
  <meta name='ocr-capabilities' content='ocr_page ocr_carea ocr_par ocr_line ocrx_word'/>
</head>
<body>
  <div class='ocr_page' id='page_1' title='image "./opusculaphilolo00koecgoog_0215.png"; bbox 0 0 3132 5129; ppageno 0'>
   <div class='ocr_carea' id='block_1_1' title="bbox 581 396 2063 656">
    <p class='ocr_par' dir='ltr' id='par_1_1' title="bbox 581 396 2044 632">
     <span class='ocr_line' id='line_1_1' title="bbox 1345 396 1801 460; baseline 0 -18"><span class='ocrx_word' id='word_1_1' title='bbox 1345 433 1426 442; x_wconf 84' lang='grc'>-</span> <span class='ocrx_word' id='word_1_2' title='bbox 1512 396 1639 460; x_wconf 79' lang='lat'><strong><em>203</em></strong></span> <span class='ocrx_word' id='word_1_3' title='bbox 1731 433 1801 442; x_wconf 84' lang='grc'><strong><em>.-</em></strong></span> 
     </span>
     <span class='ocr_line' id='line_1_2' title="bbox 581 542 2063 656; baseline 0.005 -49"><span class='ocrx_word' id='word_1_4' title='bbox 581 569 659 607; x_wconf 92' lang='grc' dir='ltr'><strong><em>τω</em></strong></span> <span class='ocrx_word' id='word_1_5' title='bbox 701 544 770 608; x_wconf 84' lang='grc' dir='ltr'><strong><em>δὲ</em></strong></span> <span class='ocrx_word' id='word_1_6' title='bbox 816 542 918 607; x_wconf 86' lang='grc' dir='ltr'><strong><em>δύ’</em></strong></span> <span class='ocrx_word' id='word_1_7' title='bbox 967 543 1202 621; x_wconf 83' lang='grc' dir='ltr'><strong><em>ἀίξαντε</em></strong></span> <span class='ocrx_word' id='word_1_8' title='bbox 1227 549 1426 656; x_wconf 81' lang='grc' dir='ltr'><strong><em>φυγῇ</em></strong></span> <span class='ocrx_word' id='word_1_9' title='bbox 1456 546 1550 610; x_wconf 74' lang='grc' dir='ltr'><strong><em>ἐπὶ</em></strong></span> <span class='ocrx_word' id='word_1_10' title='bbox 1594 553 1746 628; x_wconf 84' lang='grc' dir='ltr'><strong><em>νῆας</em></strong></span> <span class='ocrx_word' id='word_1_11' title='bbox 1792 549 2063 629; x_wconf 76' lang='grc' dir='ltr'><strong><em>ἱκέσθην.</em></strong></span> 
     </span>
    </p>
   </div>
   <div class='ocr_carea' id='block_1_2' title="bbox 481 626 2327 3527">
    <p class='ocr_par' dir='ltr' id='par_1_2' title="bbox 506 626 2206 887">
     <span class='ocr_line' id='line_1_3' title="bbox 506 626 2206 714; baseline 0.002 -20"><span class='ocrx_word' id='word_1_12' title='bbox 506 655 539 694; x_wconf 82' lang='grc' dir='ltr'>θ</span> <span class='ocrx_word' id='word_1_13' title='bbox 623 628 813 714; x_wconf 83' lang='grc' dir='ltr'><strong><em>αύτάρ</em></strong></span> <span class='ocrx_word' id='word_1_14' title='bbox 858 629 895 692; x_wconf 75' lang='grc' dir='ltr'>ὃ</span> <span class='ocrx_word' id='word_1_15' title='bbox 936 634 1101 711; x_wconf 86' lang='grc' dir='ltr'><strong><em>τεῦχε</em></strong></span> <span class='ocrx_word' id='word_1_16' title='bbox 1144 626 1291 712; x_wconf 70' lang='grc' dir='ltr'><strong><em>βοὴν</em></strong></span> <span class='ocrx_word' id='word_1_17' title='bbox 1337 632 1435 693; x_wconf 74' lang='grc' dir='ltr'><strong><em>διὰ</em></strong></span> <span class='ocrx_word' id='word_1_18' title='bbox 1478 634 1717 709; x_wconf 73' lang='grc' dir='ltr'><strong><em>ἄστεος·</em></strong></span> <span class='ocrx_word' id='word_1_19' title='bbox 1763 637 1823 696; x_wconf 83' lang='grc' dir='ltr'><strong><em>οἳ</em></strong></span> <span class='ocrx_word' id='word_1_20' title='bbox 1866 634 1928 697; x_wconf 85' lang='grc' dir='ltr'><strong><em>δ’</em></strong></span> <span class='ocrx_word' id='word_1_21' title='bbox 1977 635 2206 710; x_wconf 87' lang='grc' dir='ltr'><strong><em>ἀίοντες</em></strong></span> 
     </span>
     <span class='ocr_line' id='line_1_4' title="bbox 577 714 2132 801; baseline 0.002 -23"><span class='ocrx_word' id='word_1_22' title='bbox 577 718 802 794; x_wconf 89' lang='grc' dir='ltr'><strong><em>φοίτων</em></strong></span> <span class='ocrx_word' id='word_1_23' title='bbox 846 717 1096 794; x_wconf 78' lang='grc' dir='ltr'><strong><em>ἴφθιμοι</em></strong></span> <span class='ocrx_word' id='word_1_24' title='bbox 1141 714 1584 800; x_wconf 79' lang='grc' dir='ltr'><strong><em>Λαιστρυγόνες</em></strong></span> <span class='ocrx_word' id='word_1_25' title='bbox 1625 720 1887 782; x_wconf 75' lang='grc' dir='ltr'><strong><em>ἄλλοθεν</em></strong></span> <span class='ocrx_word' id='word_1_26' title='bbox 1927 721 2132 801; x_wconf 75' lang='grc' dir='ltr'><strong><em>ἄλλος,</em></strong></span> 
     </span>
     <span class='ocr_line' id='line_1_5' title="bbox 575 797 2180 908; baseline 0.004 -47"><span class='ocrx_word' id='word_1_27' title='bbox 575 802 808 882; x_wconf 88' lang='grc' dir='ltr'><strong><em>μυρίοι,</em></strong></span> <span class='ocrx_word' id='word_1_28' title='bbox 853 797 967 863; x_wconf 77' lang='grc' dir='ltr'><strong><em>οὐκ</em></strong></span> <span class='ocrx_word' id='word_1_29' title='bbox 1009 801 1334 908; x_wconf 71' lang='grc' dir='ltr'><strong><em>ἄνδρεσσιν</em></strong></span> <span class='ocrx_word' id='word_1_30' title='bbox 1377 801 1674 881; x_wconf 75' lang='grc' dir='ltr'><strong><em>ἐοικότες,</em></strong></span> <span class='ocrx_word' id='word_1_31' title='bbox 1719 798 1865 868; x_wconf 81' lang='grc' dir='ltr'><strong><em>ἀλλά</em></strong></span> <span class='ocrx_word' id='word_1_32' title='bbox 1914 808 2180 887; x_wconf 88' lang='grc' dir='ltr'><strong><em>Γίγασιν.</em></strong></span> 
     </span>
    </p>

    <p class='ocr_par' dir='ltr' id='par_1_3' title="bbox 503 884 2327 1226">
     <span class='ocr_line' id='line_1_6' title="bbox 503 884 2094 994; baseline 0.001 -44"><span class='ocrx_word' id='word_1_33' title='bbox 503 913 538 950; x_wconf 80' lang='lat' dir='ltr'><strong>a</strong></span> <span class='ocrx_word' id='word_1_34' title='bbox 622 886 690 947; x_wconf 77' lang='grc' dir='ltr'><strong><em>οῗ</em></strong></span> <span class='ocrx_word' id='word_1_35' title='bbox 725 884 785 964; x_wconf 80' lang='grc' dir='ltr'><strong><em>ῤ’</em></strong></span> <span class='ocrx_word' id='word_1_36' title='bbox 835 884 953 948; x_wconf 89' lang='grc' dir='ltr'><strong><em>ἀπὸ</em></strong></span> <span class='ocrx_word' id='word_1_37' title='bbox 996 888 1268 967; x_wconf 76' lang='grc' dir='ltr'><strong><em>πετράων</em></strong></span> <span class='ocrx_word' id='word_1_38' title='bbox 1308 886 1680 992; x_wconf 74' lang='grc' dir='ltr'><strong><em>ἀνδραχθέσι</em></strong></span> <span class='ocrx_word' id='word_1_39' title='bbox 1725 891 2094 994; x_wconf 76' lang='grc' dir='ltr'><strong><em>χερμαδίοισι</em></strong></span> 
     </span>
     <span class='ocr_line' id='line_1_7' title="bbox 579 967 2327 1055; baseline 0.003 -23"><span class='ocrx_word' id='word_1_40' title='bbox 579 972 828 1050; x_wconf 77' lang='grc' dir='ltr'><strong><em>βάλλον·</em></strong></span> <span class='ocrx_word' id='word_1_41' title='bbox 874 972 1043 1052; x_wconf 72' lang='grc' dir='ltr'><strong><em>ἄφαρ</em></strong></span> <span class='ocrx_word' id='word_1_42' title='bbox 1086 970 1154 1033; x_wconf 84' lang='grc' dir='ltr'><strong><em>δὲ</em></strong></span> <span class='ocrx_word' id='word_1_43' title='bbox 1197 967 1380 1046; x_wconf 82' lang='grc' dir='ltr'><strong><em>κακὸς</em></strong></span> <span class='ocrx_word' id='word_1_44' title='bbox 1424 975 1683 1054; x_wconf 84' lang='grc' dir='ltr'><strong><em>κόναβος</em></strong></span> <span class='ocrx_word' id='word_1_45' title='bbox 1728 970 1876 1036; x_wconf 77' lang='grc' dir='ltr'><strong><em>κατὰ</em></strong></span> <span class='ocrx_word' id='word_1_46' title='bbox 1920 980 2068 1055; x_wconf 85' lang='grc' dir='ltr'><strong><em>νῆας</em></strong></span> <span class='ocrx_word' id='word_1_47' title='bbox 2113 972 2327 1054; x_wconf 79' lang='grc' dir='ltr'><strong><em>ὀρώρει</em></strong></span> 
     </span>
     <span class='ocr_line' id='line_1_8' title="bbox 576 1055 2276 1141; baseline 0.002 -22"><span class='ocrx_word' id='word_1_48' title='bbox 576 1056 816 1137; x_wconf 76' lang='grc' dir='ltr'><strong><em>ἀνδρῶν</em></strong></span> <span class='ocrx_word' id='word_1_49' title='bbox 860 1055 914 1118; x_wconf 88' lang='grc' dir='ltr'><strong><em>τ’</em></strong></span> <span class='ocrx_word' id='word_1_50' title='bbox 963 1055 1307 1136; x_wconf 78' lang='grc' dir='ltr'><strong><em>ὀλλυμένων</em></strong></span> <span class='ocrx_word' id='word_1_51' title='bbox 1352 1062 1516 1136; x_wconf 78' lang='grc' dir='ltr'><strong><em>νηῶν</em></strong></span> <span class='ocrx_word' id='word_1_52' title='bbox 1561 1057 1632 1120; x_wconf 89' lang='grc' dir='ltr'><strong><em>θ’</em></strong></span> <span class='ocrx_word' id='word_1_53' title='bbox 1682 1059 1809 1139; x_wconf 74' lang='grc' dir='ltr'><strong><em>ἅμα</em></strong></span> <span class='ocrx_word' id='word_1_54' title='bbox 1851 1058 2276 1141; x_wconf 86' lang='grc' dir='ltr'><strong><em>ἀγνυμενάων·</em></strong></span> 
     </span>
     <span class='ocr_line' id='line_1_9' title="bbox 577 1140 2168 1226; baseline 0.003 -23"><span class='ocrx_word' id='word_1_55' title='bbox 577 1144 757 1222; x_wconf 80' lang='grc' dir='ltr'><strong><em>ἰχθῦς</em></strong></span> <span class='ocrx_word' id='word_1_56' title='bbox 801 1140 858 1203; x_wconf 86' lang='grc' dir='ltr'><strong><em>δ’</em></strong></span> <span class='ocrx_word' id='word_1_57' title='bbox 908 1140 989 1218; x_wconf 68' lang='grc' dir='ltr'><strong><em>ὥς</em></strong></span> <span class='ocrx_word' id='word_1_58' title='bbox 1033 1143 1335 1217; x_wconf 81' lang='grc' dir='ltr'><strong><em>πείροντες</em></strong></span> <span class='ocrx_word' id='word_1_59' title='bbox 1378 1141 1631 1226; x_wconf 89' lang='grc' dir='ltr'><strong><em>ἀτερπέα</em></strong></span> <span class='ocrx_word' id='word_1_60' title='bbox 1677 1146 1850 1207; x_wconf 84' lang='grc' dir='ltr'><strong><em>δαῖτα</em></strong></span> <span class='ocrx_word' id='word_1_61' title='bbox 1896 1145 2168 1222; x_wconf 79' lang='grc' dir='ltr'><strong><em>φέροντο.</em></strong></span> 
     </span>
    </p>

    <p class='ocr_par' dir='ltr' id='par_1_4' title="bbox 500 1226 2312 1479">
     <span class='ocr_line' id='line_1_10' title="bbox 500 1226 2289 1310; baseline 0.001 -19"><span class='ocrx_word' id='word_1_62' title='bbox 500 1246 570 1293; x_wconf 69' lang='grc' dir='ltr'><strong><em>ογ</em></strong></span> <span class='ocrx_word' id='word_1_63' title='bbox 623 1226 774 1306; x_wconf 87' lang='grc' dir='ltr'><strong><em>οφρ’</em></strong></span> <span class='ocrx_word' id='word_1_64' title='bbox 823 1231 884 1289; x_wconf 83' lang='grc' dir='ltr'><strong><em>οἳ</em></strong></span> <span class='ocrx_word' id='word_1_65' title='bbox 928 1251 1066 1301; x_wconf 89' lang='grc' dir='ltr'><strong><em>τους</em></strong></span> <span class='ocrx_word' id='word_1_66' title='bbox 1115 1227 1324 1291; x_wconf 89' lang='grc' dir='ltr'><strong><em>ολεκον</em></strong></span> <span class='ocrx_word' id='word_1_67' title='bbox 1366 1229 1600 1308; x_wconf 82' lang='grc' dir='ltr'><strong><em>λιμένος</em></strong></span> <span class='ocrx_word' id='word_1_68' title='bbox 1644 1230 2049 1310; x_wconf 81' lang='grc' dir='ltr'><strong><em>πολυβενθέος</em></strong></span> <span class='ocrx_word' id='word_1_69' title='bbox 2095 1230 2289 1307; x_wconf 89' lang='grc' dir='ltr'><strong><em>ἐντός,</em></strong></span> 
     </span>
     <span class='ocr_line' id='line_1_11' title="bbox 574 1309 2312 1397; baseline 0.001 -23"><span class='ocrx_word' id='word_1_70' title='bbox 574 1336 769 1390; x_wconf 87' lang='grc' dir='ltr'><strong><em>τοφρα</em></strong></span> <span class='ocrx_word' id='word_1_71' title='bbox 815 1310 872 1372; x_wconf 83' lang='grc' dir='ltr'><strong><em>δ’</em></strong></span> <span class='ocrx_word' id='word_1_72' title='bbox 921 1309 1035 1393; x_wconf 73' lang='grc' dir='ltr'><strong><em>ἐγώ</em></strong></span> <span class='ocrx_word' id='word_1_73' title='bbox 1081 1314 1248 1391; x_wconf 81' lang='grc' dir='ltr'><strong><em>ξίφος</em></strong></span> <span class='ocrx_word' id='word_1_74' title='bbox 1294 1309 1397 1390; x_wconf 74' lang='grc' dir='ltr'><strong><em>ὀξύ</em></strong></span> <span class='ocrx_word' id='word_1_75' title='bbox 1443 1311 1838 1395; x_wconf 84' lang='grc' dir='ltr'><strong><em>ἐρυσσάμενος</em></strong></span> <span class='ocrx_word' id='word_1_76' title='bbox 1882 1314 2041 1397; x_wconf 75' lang='grc' dir='ltr'><strong><em>παρὰ</em></strong></span> <span class='ocrx_word' id='word_1_77' title='bbox 2087 1319 2312 1397; x_wconf 82' lang='grc' dir='ltr'><strong><em>μηροῦ,</em></strong></span> 
     </span>
     <span class='ocr_line' id='line_1_12' title="bbox 574 1395 2085 1485; baseline 0.002 -27"><span class='ocrx_word' id='word_1_78' title='bbox 574 1400 653 1482; x_wconf 76' lang='grc' dir='ltr'><strong><em>τῷ</em></strong></span> <span class='ocrx_word' id='word_1_79' title='bbox 695 1395 817 1459; x_wconf 81' lang='grc' dir='ltr'><strong><em>ἀπὸ</em></strong></span> <span class='ocrx_word' id='word_1_80' title='bbox 867 1396 1143 1476; x_wconf 77' lang='grc' dir='ltr'><strong><em>πείσματ’</em></strong></span> <span class='ocrx_word' id='word_1_81' title='bbox 1194 1397 1389 1474; x_wconf 76' lang='grc' dir='ltr'><strong><em>ἔκοψα</em></strong></span> <span class='ocrx_word' id='word_1_82' title='bbox 1434 1401 1568 1473; x_wconf 89' lang='grc' dir='ltr'><strong><em>νεὸς</em></strong></span> <span class='ocrx_word' id='word_1_83' title='bbox 1614 1401 2085 1485; x_wconf 76' lang='grc' dir='ltr'><strong><em>κυανοπρώροιο</em></strong></span> 
     </span>
    </p>

    <p class='ocr_par' dir='ltr' id='par_1_5' title="bbox 498 1460 2211 1737">
     <span class='ocr_line' id='line_1_13' title="bbox 498 1460 2131 1588; baseline 0 -42"><span class='ocrx_word' id='word_1_84' title='bbox 498 1503 565 1552; x_wconf 74' lang='grc' dir='ltr'><strong><em>ογ</em></strong></span> <span class='ocrx_word' id='word_1_85' title='bbox 614 1460 776 1558; x_wconf 80' lang='grc' dir='ltr'><strong><em>αἶψα</em></strong></span> <span class='ocrx_word' id='word_1_86' title='bbox 819 1479 878 1544; x_wconf 89' lang='grc' dir='ltr'><strong><em>δ’</em></strong></span> <span class='ocrx_word' id='word_1_87' title='bbox 929 1482 1086 1563; x_wconf 80' lang='grc' dir='ltr'><strong><em>ἐμοῖς</em></strong></span> <span class='ocrx_word' id='word_1_88' title='bbox 1132 1482 1433 1562; x_wconf 73' lang='grc' dir='ltr'><strong><em>ἑτάροισιν</em></strong></span> <span class='ocrx_word' id='word_1_89' title='bbox 1476 1484 1810 1588; x_wconf 79' lang='grc' dir='ltr'><strong><em>ἐποτρύνας</em></strong></span> <span class='ocrx_word' id='word_1_90' title='bbox 1853 1463 2131 1548; x_wconf 81' lang='grc' dir='ltr'><strong><em>ἐκέλευσα</em></strong></span> 
     </span>
     <span class='ocr_line' id='line_1_14' title="bbox 574 1567 2211 1674; baseline 0 -43"><span class='ocrx_word' id='word_1_91' title='bbox 574 1567 881 1674; x_wconf 78' lang='grc' dir='ltr'><strong><em>ἐμβαλέειν</em></strong></span> <span class='ocrx_word' id='word_1_92' title='bbox 924 1592 1164 1671; x_wconf 88' lang='grc' dir='ltr'><strong><em>κωπῃς,</em></strong></span> <span class='ocrx_word' id='word_1_93' title='bbox 1210 1568 1292 1631; x_wconf 78' lang='grc' dir='ltr'><strong><em>ἵν’</em></strong></span> <span class='ocrx_word' id='word_1_94' title='bbox 1340 1567 1496 1632; x_wconf 77' lang='grc' dir='ltr'><strong><em>ὑπὲκ</em></strong></span> <span class='ocrx_word' id='word_1_95' title='bbox 1543 1568 1841 1648; x_wconf 87' lang='grc' dir='ltr'><strong><em>κακότητα</em></strong></span> <span class='ocrx_word' id='word_1_96' title='bbox 1884 1570 2211 1650; x_wconf 79' lang='grc' dir='ltr'><strong><em>φύγοιμεν·</em></strong></span> 
     </span>
     <span class='ocr_line' id='line_1_15' title="bbox 570 1649 2227 1737; baseline 0.002 -23"><span class='ocrx_word' id='word_1_97' title='bbox 570 1655 632 1714; x_wconf 76' lang='grc' dir='ltr'><strong><em>οἳ</em></strong></span> <span class='ocrx_word' id='word_1_98' title='bbox 675 1649 735 1712; x_wconf 86' lang='grc' dir='ltr'><strong><em>δ’</em></strong></span> <span class='ocrx_word' id='word_1_99' title='bbox 781 1652 902 1716; x_wconf 72' lang='grc' dir='ltr'><strong><em>ἅλα</em></strong></span> <span class='ocrx_word' id='word_1_100' title='bbox 943 1650 1159 1727; x_wconf 90' lang='grc' dir='ltr'><strong><em>πάντες</em></strong></span> <span class='ocrx_word' id='word_1_101' title='bbox 1203 1652 1580 1736; x_wconf 77' lang='grc' dir='ltr'><strong><em>ἀνέρριψαν,</em></strong></span> <span class='ocrx_word' id='word_1_102' title='bbox 1626 1657 1925 1727; x_wconf 84' lang='grc' dir='ltr'><strong><em>δείσαντες</em></strong></span> <span class='ocrx_word' id='word_1_103' title='bbox 1956 1656 2227 1737; x_wconf 85' lang='grc' dir='ltr'><strong><em>ὄλεθρον.</em></strong></span> 
     </span>
    </p>

    <p class='ocr_par' dir='ltr' id='par_1_6' title="bbox 489 1735 2255 1904">
     <span class='ocr_line' id='line_1_16' title="bbox 489 1735 2234 1847; baseline 0 -47"><span class='ocrx_word' id='word_1_104' title='bbox 489 1741 529 1800; x_wconf 85' lang='lat' dir='ltr'>d</span> <span class='ocrx_word' id='word_1_105' title='bbox 613 1735 922 1811; x_wconf 76' lang='grc' dir='ltr'><strong><em>ἀσπασίως</em></strong></span> <span class='ocrx_word' id='word_1_106' title='bbox 965 1735 1026 1800; x_wconf 85' lang='grc' dir='ltr'><strong><em>δ’</em></strong></span> <span class='ocrx_word' id='word_1_107' title='bbox 1077 1737 1135 1812; x_wconf 83' lang='grc' dir='ltr'><strong><em>ἐς</em></strong></span> <span class='ocrx_word' id='word_1_108' title='bbox 1178 1740 1399 1803; x_wconf 87' lang='grc' dir='ltr'><strong><em>πόντον</em></strong></span> <span class='ocrx_word' id='word_1_109' title='bbox 1443 1738 1775 1822; x_wconf 85' lang='grc' dir='ltr'><strong><em>ἐπηρέφεας</em></strong></span> <span class='ocrx_word' id='word_1_110' title='bbox 1821 1739 1999 1847; x_wconf 89' lang='grc' dir='ltr'><strong><em>φύγε</em></strong></span> <span class='ocrx_word' id='word_1_111' title='bbox 2018 1739 2234 1816; x_wconf 86' lang='grc' dir='ltr'><strong><em>πέτρας</em></strong></span> 
     </span>
     <span class='ocr_line' id='line_1_17' title="bbox 573 1816 2272 1904; baseline 0.002 -20"><span class='ocrx_word' id='word_1_112' title='bbox 573 1830 720 1900; x_wconf 81' lang='grc' dir='ltr'><strong><em>νηῦς</em></strong></span> <span class='ocrx_word' id='word_1_113' title='bbox 764 1823 905 1904; x_wconf 79' lang='grc' dir='ltr'><strong><em>ἐμή·</em></strong></span> <span class='ocrx_word' id='word_1_114' title='bbox 950 1816 1138 1898; x_wconf 82' lang='grc' dir='ltr'><strong><em>αύτάρ</em></strong></span> <span class='ocrx_word' id='word_1_115' title='bbox 1184 1827 1254 1886; x_wconf 94' lang='grc' dir='ltr'><strong><em>αἱ</em></strong></span> <span class='ocrx_word' id='word_1_116' title='bbox 1289 1825 1459 1888; x_wconf 89' lang='grc' dir='ltr'><strong><em>αλλαι</em></strong></span> <span class='ocrx_word' id='word_1_117' title='bbox 1501 1823 1735 1898; x_wconf 87' lang='grc' dir='ltr'><strong><em>ἀολλέες</em></strong></span> <span class='ocrx_word' id='word_1_118' title='bbox 1779 1816 1999 1887; x_wconf 79' lang='grc' dir='ltr'><strong><em>αὐτόθ’</em></strong></span> <span class='ocrx_word' id='word_1_119' title='bbox 2047 1825 2272 1889; x_wconf 83' lang='grc' dir='ltr'><strong><em>ὄλοντο.</em></strong></span> 
     </span>
    </p>

    <p class='ocr_par' dir='ltr' id='par_1_7' title="bbox 485 1902 2219 2075">
     <span class='ocr_line' id='line_1_18' title="bbox 485 1902 2132 1991; baseline 0.001 -21"><span class='ocrx_word' id='word_1_120' title='bbox 485 1912 523 1970; x_wconf 84' lang='lat' dir='ltr'>d</span> <span class='ocrx_word' id='word_1_121' title='bbox 610 1909 793 1970; x_wconf 78' lang='grc' dir='ltr'><strong><em>ἔνθεν</em></strong></span> <span class='ocrx_word' id='word_1_122' title='bbox 834 1907 901 1972; x_wconf 80' lang='grc' dir='ltr'><strong><em>δὲ</em></strong></span> <span class='ocrx_word' id='word_1_123' title='bbox 945 1907 1209 1990; x_wconf 85' lang='grc' dir='ltr'><strong><em>προτέρω</em></strong></span> <span class='ocrx_word' id='word_1_124' title='bbox 1251 1910 1503 1987; x_wconf 86' lang='grc' dir='ltr'><strong><em>πλέομεν</em></strong></span> <span class='ocrx_word' id='word_1_125' title='bbox 1546 1909 1910 1991; x_wconf 82' lang='grc' dir='ltr'><strong><em>ἀκαχήμενοι</em></strong></span> <span class='ocrx_word' id='word_1_126' title='bbox 1954 1902 2132 1989; x_wconf 80' lang='grc' dir='ltr'><strong><em>ἦτορ,</em></strong></span> 
     </span>
     <span class='ocr_line' id='line_1_19' title="bbox 574 1993 2240 2075; baseline 0.001 -21"><span class='ocrx_word' id='word_1_127' title='bbox 574 1994 822 2071; x_wconf 74' lang='grc' dir='ltr'><strong><em>ἅσμενοι</em></strong></span> <span class='ocrx_word' id='word_1_128' title='bbox 867 1995 933 2058; x_wconf 74' lang='grc' dir='ltr'><strong><em>ἐκ</em></strong></span> <span class='ocrx_word' id='word_1_129' title='bbox 976 1994 1300 2075; x_wconf 88' lang='grc' dir='ltr'><strong><em>θανάτοιο,</em></strong></span> <span class='ocrx_word' id='word_1_130' title='bbox 1346 1997 1562 2074; x_wconf 90' lang='grc' dir='ltr'><strong><em>φίλους</em></strong></span> <span class='ocrx_word' id='word_1_131' title='bbox 1608 1993 1913 2067; x_wconf 82' lang='grc' dir='ltr'><strong><em>ὀλέσαντες</em></strong></span> <span class='ocrx_word' id='word_1_132' title='bbox 1956 1995 2240 2070; x_wconf 72' lang='grc' dir='ltr'><strong><em>ἑταίρους.</em></strong></span> 
     </span>
    </p>

    <p class='ocr_par' dir='ltr' id='par_1_8' title="bbox 494 2076 2283 2416">
     <span class='ocr_line' id='line_1_20' title="bbox 494 2076 2283 2161; baseline 0.002 -22"><span class='ocrx_word' id='word_1_133' title='bbox 494 2101 531 2139; x_wconf 75' lang='lat' dir='ltr'><strong>a</strong></span> <span class='ocrx_word' id='word_1_134' title='bbox 615 2079 871 2157; x_wconf 73' lang='grc' dir='ltr'><strong><em>Αἰολίην</em></strong></span> <span class='ocrx_word' id='word_1_135' title='bbox 915 2076 974 2137; x_wconf 85' lang='grc' dir='ltr'><strong><em>δ’</em></strong></span> <span class='ocrx_word' id='word_1_136' title='bbox 1025 2076 1084 2150; x_wconf 79' lang='grc' dir='ltr'><strong><em>ἐς</em></strong></span> <span class='ocrx_word' id='word_1_137' title='bbox 1130 2081 1318 2157; x_wconf 85' lang='grc' dir='ltr'><strong><em>νῆσον</em></strong></span> <span class='ocrx_word' id='word_1_138' title='bbox 1360 2079 1725 2161; x_wconf 84' lang='grc' dir='ltr'><strong><em>ἀφικόμεθ’·</em></strong></span> <span class='ocrx_word' id='word_1_139' title='bbox 1774 2081 1928 2143; x_wconf 75' lang='grc' dir='ltr'><strong><em>ἔνθα</em></strong></span> <span class='ocrx_word' id='word_1_140' title='bbox 1971 2078 2034 2142; x_wconf 84' lang='grc' dir='ltr'><strong><em>δ’</em></strong></span> <span class='ocrx_word' id='word_1_141' title='bbox 2086 2080 2283 2143; x_wconf 82' lang='grc' dir='ltr'><strong><em>ἔναιεν</em></strong></span> 
     </span>
     <span class='ocr_line' id='line_1_21' title="bbox 574 2158 2111 2245; baseline 0.001 -21"><span class='ocrx_word' id='word_1_142' title='bbox 574 2163 792 2237; x_wconf 83' lang='grc' dir='ltr'><strong><em>Αἴολος</em></strong></span> <span class='ocrx_word' id='word_1_143' title='bbox 830 2158 1218 2245; x_wconf 85' lang='grc' dir='ltr'><strong><em>Ἱπποτάδης,</em></strong></span> <span class='ocrx_word' id='word_1_144' title='bbox 1264 2167 1435 2242; x_wconf 91' lang='grc' dir='ltr'><strong><em>φίλος</em></strong></span> <span class='ocrx_word' id='word_1_145' title='bbox 1477 2163 1839 2228; x_wconf 76' lang='grc' dir='ltr'><strong><em>ἀθανάτοισι</em></strong></span> <span class='ocrx_word' id='word_1_146' title='bbox 1884 2172 2111 2245; x_wconf 85' lang='grc' dir='ltr'><strong><em>θεοῖσι,</em></strong></span> 
     </span>
     <span class='ocr_line' id='line_1_22' title="bbox 569 2247 2173 2333; baseline 0.001 -24"><span class='ocrx_word' id='word_1_147' title='bbox 569 2253 772 2331; x_wconf 82' lang='grc' dir='ltr'><strong><em>πλωτῇ</em></strong></span> <span class='ocrx_word' id='word_1_148' title='bbox 816 2249 905 2312; x_wconf 77' lang='grc' dir='ltr'><strong><em>ἐνὶ</em></strong></span> <span class='ocrx_word' id='word_1_149' title='bbox 950 2247 1146 2333; x_wconf 80' lang='grc' dir='ltr'><strong><em>νήσω·</em></strong></span> <span class='ocrx_word' id='word_1_150' title='bbox 1195 2252 1399 2312; x_wconf 81' lang='grc' dir='ltr'><strong><em>πᾶσαν</em></strong></span> <span class='ocrx_word' id='word_1_151' title='bbox 1441 2252 1510 2314; x_wconf 90' lang='grc' dir='ltr'><strong><em>δέ</em></strong></span> <span class='ocrx_word' id='word_1_152' title='bbox 1552 2251 1616 2313; x_wconf 88' lang='grc' dir='ltr'><strong><em>τέ</em></strong></span> <span class='ocrx_word' id='word_1_153' title='bbox 1656 2275 1763 2328; x_wconf 91' lang='grc' dir='ltr'><strong><em>μιν</em></strong></span> <span class='ocrx_word' id='word_1_154' title='bbox 1804 2250 1951 2329; x_wconf 89' lang='grc' dir='ltr'><strong><em>πέρι</em></strong></span> <span class='ocrx_word' id='word_1_155' title='bbox 1985 2258 2173 2330; x_wconf 86' lang='grc' dir='ltr'><strong><em>τεῖχος</em></strong></span> 
     </span>
     <span class='ocr_line' id='line_1_23' title="bbox 566 2327 2201 2434; baseline 0.001 -40"><span class='ocrx_word' id='word_1_156' title='bbox 566 2334 847 2413; x_wconf 83' lang='grc' dir='ltr'><strong><em>χάλκεον,</em></strong></span> <span class='ocrx_word' id='word_1_157' title='bbox 890 2329 1220 2415; x_wconf 69' lang='grc' dir='ltr'><strong><em>ἄρρηκτον,</em></strong></span> <span class='ocrx_word' id='word_1_158' title='bbox 1268 2327 1438 2416; x_wconf 80' lang='grc' dir='ltr'><strong><em>λισσὴ</em></strong></span> <span class='ocrx_word' id='word_1_159' title='bbox 1483 2328 1542 2398; x_wconf 87' lang='grc' dir='ltr'><strong><em>δ’</em></strong></span> <span class='ocrx_word' id='word_1_160' title='bbox 1592 2332 1956 2416; x_wconf 88' lang='grc' dir='ltr'><strong><em>ἀναδέδρομε</em></strong></span> <span class='ocrx_word' id='word_1_161' title='bbox 2001 2335 2201 2434; x_wconf 86' lang='grc' dir='ltr'><strong><em>πέτρη.</em></strong></span> 
     </span>
    </p>

    <p class='ocr_par' dir='ltr' id='par_1_9' title="bbox 491 2416 2228 2672">
     <span class='ocr_line' id='line_1_24' title="bbox 491 2416 2210 2502; baseline 0.001 -22"><span class='ocrx_word' id='word_1_162' title='bbox 491 2442 523 2480; x_wconf 83' lang='lat' dir='ltr'><strong>e</strong></span> <span class='ocrx_word' id='word_1_163' title='bbox 608 2420 714 2480; x_wconf 79' lang='grc' dir='ltr'><strong><em>τοῦ</em></strong></span> <span class='ocrx_word' id='word_1_164' title='bbox 758 2420 860 2481; x_wconf 81' lang='grc' dir='ltr'><strong><em>καὶ</em></strong></span> <span class='ocrx_word' id='word_1_165' title='bbox 902 2419 1138 2482; x_wconf 87' lang='grc' dir='ltr'><strong><em>δωδεκα</em></strong></span> <span class='ocrx_word' id='word_1_166' title='bbox 1181 2422 1390 2493; x_wconf 82' lang='grc' dir='ltr'><strong><em>παῖδες</em></strong></span> <span class='ocrx_word' id='word_1_167' title='bbox 1435 2418 1523 2483; x_wconf 81' lang='grc' dir='ltr'><strong><em>ἐνὶ</em></strong></span> <span class='ocrx_word' id='word_1_168' title='bbox 1571 2422 1847 2501; x_wconf 77' lang='grc' dir='ltr'><strong><em>μεγάροις</em></strong></span> <span class='ocrx_word' id='word_1_169' title='bbox 1890 2416 2210 2502; x_wconf 84' lang='grc' dir='ltr'><strong><em>γεγάασιν,</em></strong></span> 
     </span>
     <span class='ocr_line' id='line_1_25' title="bbox 557 2501 1968 2588; baseline 0.001 -22"><span class='ocrx_word' id='word_1_170' title='bbox 557 2505 625 2580; x_wconf 59' lang='grc' dir='ltr'><strong><em>’ἐξ</em></strong></span> <span class='ocrx_word' id='word_1_171' title='bbox 668 2501 780 2581; x_wconf 80' lang='grc' dir='ltr'><strong><em>μὲν</em></strong></span> <span class='ocrx_word' id='word_1_172' title='bbox 821 2503 1184 2588; x_wconf 84' lang='grc' dir='ltr'><strong><em>θυγατέρες,</em></strong></span> <span class='ocrx_word' id='word_1_173' title='bbox 1221 2507 1290 2583; x_wconf 67' lang='grc' dir='ltr'><strong><em>’ἐξ</em></strong></span> <span class='ocrx_word' id='word_1_174' title='bbox 1334 2503 1390 2567; x_wconf 86' lang='grc' dir='ltr'><strong><em>δ’</em></strong></span> <span class='ocrx_word' id='word_1_175' title='bbox 1443 2505 1595 2580; x_wconf 83' lang='grc' dir='ltr'><strong><em>υἱέες</em></strong></span> <span class='ocrx_word' id='word_1_176' title='bbox 1638 2503 1968 2585; x_wconf 76' lang='grc' dir='ltr'><strong><em>ἡβώοντες·</em></strong></span> 
     </span>
     <span class='ocr_line' id='line_1_26' title="bbox 566 2530 2246 2690; baseline -0.001 -39"><span class='ocrx_word' id='word_1_177' title='bbox 566 2586 705 2651; x_wconf 79' lang='grc' dir='ltr'><strong><em>ἔνθ’</em></strong></span> <span class='ocrx_word' id='word_1_178' title='bbox 750 2589 786 2654; x_wconf 76' lang='grc' dir='ltr'>ὅ</span> <span class='ocrx_word' id='word_1_179' title='bbox 828 2614 893 2672; x_wconf 89' lang='grc' dir='ltr'><strong><em>γε</em></strong></span> <span class='ocrx_word' id='word_1_180' title='bbox 872 2530 1279 2690; x_wconf 63' lang='grc' dir='ltr'><strong><em>υγθυγατέρας</em></strong></span> <span class='ocrx_word' id='word_1_181' title='bbox 1322 2592 1510 2669; x_wconf 90' lang='grc' dir='ltr'><strong><em>πόρεν</em></strong></span> <span class='ocrx_word' id='word_1_182' title='bbox 1550 2592 1763 2655; x_wconf 89' lang='grc' dir='ltr'><strong><em>υἱάσιν</em></strong></span> <span class='ocrx_word' id='word_1_183' title='bbox 1806 2585 1959 2653; x_wconf 80' lang='grc' dir='ltr'><strong><em>εἶναι</em></strong></span> <span class='ocrx_word' id='word_1_184' title='bbox 2002 2586 2246 2664; x_wconf 88' lang='grc' dir='ltr'><strong><em>ἀκοίτις.</em></strong></span> 
     </span>
    </p>

    <p class='ocr_par' dir='ltr' id='par_1_10' title="bbox 485 2669 2194 3097">
     <span class='ocr_line' id='line_1_27' title="bbox 485 2669 2194 2762; baseline -0.001 -26"><span class='ocrx_word' id='word_1_185' title='bbox 485 2677 526 2736; x_wconf 89' lang='lat' dir='ltr'><strong>b</strong></span> <span class='ocrx_word' id='word_1_186' title='bbox 609 2676 671 2735; x_wconf 77' lang='grc' dir='ltr'><strong><em>οἳ</em></strong></span> <span class='ocrx_word' id='word_1_187' title='bbox 713 2673 776 2736; x_wconf 83' lang='grc' dir='ltr'><strong><em>δ’</em></strong></span> <span class='ocrx_word' id='word_1_188' title='bbox 823 2675 937 2738; x_wconf 69' lang='grc' dir='ltr'><strong><em>αἰεὶ</em></strong></span> <span class='ocrx_word' id='word_1_189' title='bbox 982 2669 1141 2756; x_wconf 73' lang='grc' dir='ltr'><strong><em>παρὰ</em></strong></span> <span class='ocrx_word' id='word_1_190' title='bbox 1186 2677 1368 2751; x_wconf 74' lang='grc' dir='ltr'><strong><em>πατρὶ</em></strong></span> <span class='ocrx_word' id='word_1_191' title='bbox 1409 2680 1565 2762; x_wconf 78' lang='grc' dir='ltr'><strong><em>φίλῳ</em></strong></span> <span class='ocrx_word' id='word_1_192' title='bbox 1611 2677 1712 2738; x_wconf 77' lang='grc' dir='ltr'><strong><em>καὶ</em></strong></span> <span class='ocrx_word' id='word_1_193' title='bbox 1758 2674 1966 2755; x_wconf 87' lang='grc' dir='ltr'><strong><em>μητέρι</em></strong></span> <span class='ocrx_word' id='word_1_194' title='bbox 2010 2676 2194 2760; x_wconf 83' lang='grc' dir='ltr'><strong><em>κεδνῇ</em></strong></span> 
     </span>
     <span class='ocr_line' id='line_1_28' title="bbox 574 2740 2201 2840; baseline -0.001 -19"><span class='ocrx_word' id='word_1_195' title='bbox 574 2760 920 2823; x_wconf 89' lang='grc' dir='ltr'><strong><em>δαίνυνται·</em></strong></span> <span class='ocrx_word' id='word_1_196' title='bbox 966 2759 1128 2839; x_wconf 76' lang='grc' dir='ltr'><strong><em>παρὰ</em></strong></span> <span class='ocrx_word' id='word_1_197' title='bbox 1175 2761 1244 2823; x_wconf 89' lang='grc' dir='ltr'><strong><em>δέ</em></strong></span> <span class='ocrx_word' id='word_1_198' title='bbox 1286 2778 1433 2840; x_wconf 89' lang='grc' dir='ltr'><strong><em>σφιν</em></strong></span> <span class='ocrx_word' id='word_1_199' title='bbox 1478 2740 1715 2824; x_wconf 80' lang='grc' dir='ltr'><strong><em>ὀνείατα</em></strong></span> <span class='ocrx_word' id='word_1_200' title='bbox 1757 2763 1939 2838; x_wconf 84' lang='grc' dir='ltr'><strong><em>μυρία</em></strong></span> <span class='ocrx_word' id='word_1_201' title='bbox 1984 2766 2201 2821; x_wconf 87' lang='grc' dir='ltr'><strong><em>κεῖται·</em></strong></span> 
     </span>
     <span class='ocr_line' id='line_1_29' title="bbox 567 2842 2024 2954; baseline 0 -49"><span class='ocrx_word' id='word_1_202' title='bbox 567 2855 818 2947; x_wconf 82' lang='grc' dir='ltr'><strong><em>κνισῆεν</em></strong></span> <span class='ocrx_word' id='word_1_203' title='bbox 862 2846 926 2907; x_wconf 89' lang='grc' dir='ltr'><strong><em>δέ</em></strong></span> <span class='ocrx_word' id='word_1_204' title='bbox 970 2871 1030 2909; x_wconf 88' lang='grc' dir='ltr'><strong><em>τε</em></strong></span> <span class='ocrx_word' id='word_1_205' title='bbox 1074 2847 1246 2925; x_wconf 79' lang='grc' dir='ltr'><strong><em>δῶμα</em></strong></span> <span class='ocrx_word' id='word_1_206' title='bbox 1276 2848 1821 2954; x_wconf 81' lang='grc' dir='ltr'><strong><em>περιστεναχίζεται</em></strong></span> <span class='ocrx_word' id='word_1_207' title='bbox 1866 2842 2024 2951; x_wconf 78' lang='grc' dir='ltr'><strong><em>αὐλῇ</em></strong></span> 
     </span>
     <span class='ocr_line' id='line_1_30' title="bbox 567 2925 2185 3014; baseline 0.001 -24"><span class='ocrx_word' id='word_1_208' title='bbox 567 2925 791 3007; x_wconf 82' lang='grc' dir='ltr'><strong><em>ἤματα·</em></strong></span> <span class='ocrx_word' id='word_1_209' title='bbox 837 2931 1064 3004; x_wconf 89' lang='grc' dir='ltr'><strong><em>νύκτας</em></strong></span> <span class='ocrx_word' id='word_1_210' title='bbox 1107 2929 1170 2992; x_wconf 84' lang='grc' dir='ltr'><strong><em>δ’</em></strong></span> <span class='ocrx_word' id='word_1_211' title='bbox 1218 2925 1364 2994; x_wconf 81' lang='grc' dir='ltr'><strong><em>αὖτε</em></strong></span> <span class='ocrx_word' id='word_1_212' title='bbox 1408 2930 1554 3008; x_wconf 88' lang='grc' dir='ltr'><strong><em>παρ’</em></strong></span> <span class='ocrx_word' id='word_1_213' title='bbox 1604 2932 1834 3014; x_wconf 81' lang='grc' dir='ltr'><strong><em>αἰδοίῃς</em></strong></span> <span class='ocrx_word' id='word_1_214' title='bbox 1877 2928 2185 3008; x_wconf 87' lang='grc' dir='ltr'><strong><em>ἀλόχοισιν</em></strong></span> 
     </span>
     <span class='ocr_line' id='line_1_31' title="bbox 567 3013 2147 3113; baseline -0.001 -38"><span class='ocrx_word' id='word_1_215' title='bbox 567 3013 809 3078; x_wconf 74' lang='grc' dir='ltr'><strong><em>εὕδουσ’</em></strong></span> <span class='ocrx_word' id='word_1_216' title='bbox 859 3017 928 3080; x_wconf 78' lang='grc' dir='ltr'><strong><em>ἔν</em></strong></span> <span class='ocrx_word' id='word_1_217' title='bbox 970 3041 1032 3078; x_wconf 90' lang='grc' dir='ltr'><strong><em>τε</em></strong></span> <span class='ocrx_word' id='word_1_218' title='bbox 1075 3013 1294 3093; x_wconf 79' lang='grc' dir='ltr'><strong><em>τάπησι</em></strong></span> <span class='ocrx_word' id='word_1_219' title='bbox 1340 3016 1440 3078; x_wconf 81' lang='grc' dir='ltr'><strong><em>καὶ</em></strong></span> <span class='ocrx_word' id='word_1_220' title='bbox 1489 3017 1555 3080; x_wconf 85' lang='grc' dir='ltr'><strong><em>έν</em></strong></span> <span class='ocrx_word' id='word_1_221' title='bbox 1597 3023 1828 3097; x_wconf 82' lang='grc' dir='ltr'><strong><em>τρητοῖς</em></strong></span> <span class='ocrx_word' id='word_1_222' title='bbox 1849 3014 2147 3113; x_wconf 87' lang='grc' dir='ltr'><strong><em>λεχέεσσι.</em></strong></span> 
     </span>
    </p>

    <p class='ocr_par' dir='ltr' id='par_1_11' title="bbox 495 3093 2243 3436">
     <span class='ocr_line' id='line_1_32' title="bbox 495 3093 2243 3181; baseline 0 -21"><span class='ocrx_word' id='word_1_223' title='bbox 495 3122 530 3160; x_wconf 74' lang='lat' dir='ltr'><strong>a</strong></span> <span class='ocrx_word' id='word_1_224' title='bbox 615 3099 715 3160; x_wconf 83' lang='grc' dir='ltr'><strong><em>καὶ</em></strong></span> <span class='ocrx_word' id='word_1_225' title='bbox 755 3101 865 3180; x_wconf 80' lang='grc' dir='ltr'><strong><em>μὲν</em></strong></span> <span class='ocrx_word' id='word_1_226' title='bbox 910 3104 1032 3165; x_wconf 78' lang='grc' dir='ltr'><strong><em>τῶν</em></strong></span> <span class='ocrx_word' id='word_1_227' title='bbox 1075 3099 1371 3181; x_wconf 87' lang='grc' dir='ltr'><strong><em>ἱκόμεσθα</em></strong></span> <span class='ocrx_word' id='word_1_228' title='bbox 1415 3102 1593 3165; x_wconf 90' lang='grc' dir='ltr'><strong><em>πόλιν</em></strong></span> <span class='ocrx_word' id='word_1_229' title='bbox 1636 3103 1737 3165; x_wconf 70' lang='grc' dir='ltr'><strong><em>καὶ</em></strong></span> <span class='ocrx_word' id='word_1_230' title='bbox 1778 3094 2019 3179; x_wconf 75' lang='grc' dir='ltr'><strong><em>δώματα</em></strong></span> <span class='ocrx_word' id='word_1_231' title='bbox 2065 3093 2243 3161; x_wconf 88' lang='grc' dir='ltr'><strong><em>καλά·</em></strong></span> 
     </span>
     <span class='ocr_line' id='line_1_33' title="bbox 561 3185 2228 3269; baseline 0 -24"><span class='ocrx_word' id='word_1_232' title='bbox 561 3185 722 3263; x_wconf 83' lang='grc' dir='ltr'><strong><em>μῆνα</em></strong></span> <span class='ocrx_word' id='word_1_233' title='bbox 769 3185 832 3248; x_wconf 79' lang='grc' dir='ltr'><strong><em>δὲ</em></strong></span> <span class='ocrx_word' id='word_1_234' title='bbox 873 3187 1071 3249; x_wconf 89' lang='grc' dir='ltr'><strong><em>πάντα</em></strong></span> <span class='ocrx_word' id='word_1_235' title='bbox 1115 3187 1277 3264; x_wconf 85' lang='grc' dir='ltr'><strong><em>φίλει</em></strong></span> <span class='ocrx_word' id='word_1_236' title='bbox 1319 3212 1423 3269; x_wconf 88' lang='grc' dir='ltr'><strong><em>με,</em></strong></span> <span class='ocrx_word' id='word_1_237' title='bbox 1470 3187 1571 3249; x_wconf 80' lang='grc' dir='ltr'><strong><em>καὶ</em></strong></span> <span class='ocrx_word' id='word_1_238' title='bbox 1619 3186 1937 3266; x_wconf 80' lang='grc' dir='ltr'><strong><em>ἐξερέεινεν</em></strong></span> <span class='ocrx_word' id='word_1_239' title='bbox 1981 3185 2228 3264; x_wconf 87' lang='grc' dir='ltr'><strong><em>εκαστα,</em></strong></span> 
     </span>
     <span class='ocr_line' id='line_1_34' title="bbox 552 3268 2055 3353; baseline 0.001 -24.029"><span class='ocrx_word' id='word_1_240' title='bbox 552 3269 739 3331; x_wconf 88' lang='grc' dir='ltr'><strong><em>Ἴλιον</em></strong></span> <span class='ocrx_word' id='word_1_241' title='bbox 777 3268 1056 3353; x_wconf 83' lang='grc' dir='ltr'><strong><em>Ἀργείων</em></strong></span> <span class='ocrx_word' id='word_1_242' title='bbox 1097 3296 1158 3335; x_wconf 89' lang='grc' dir='ltr'><strong><em>τε</em></strong></span> <span class='ocrx_word' id='word_1_243' title='bbox 1201 3271 1341 3345; x_wconf 90' lang='grc' dir='ltr'><strong><em>νέας</em></strong></span> <span class='ocrx_word' id='word_1_244' title='bbox 1382 3272 1482 3334; x_wconf 78' lang='grc' dir='ltr'><strong><em>καὶ</em></strong></span> <span class='ocrx_word' id='word_1_245' title='bbox 1528 3271 1738 3334; x_wconf 89' lang='grc' dir='ltr'><strong><em>νόστον</em></strong></span> <span class='ocrx_word' id='word_1_246' title='bbox 1773 3268 2055 3350; x_wconf 80' lang='grc' dir='ltr'><strong><em>Ἀχαιῶν·</em></strong></span> 
     </span>
     <span class='ocr_line' id='line_1_35' title="bbox 565 3352 2138 3460; baseline 0.001 -46"><span class='ocrx_word' id='word_1_247' title='bbox 565 3352 666 3415; x_wconf 90' lang='grc' dir='ltr'><strong><em>και</em></strong></span> <span class='ocrx_word' id='word_1_248' title='bbox 708 3353 818 3433; x_wconf 75' lang='grc' dir='ltr'><strong><em>μὲν</em></strong></span> <span class='ocrx_word' id='word_1_249' title='bbox 862 3355 891 3418; x_wconf 79' lang='grc' dir='ltr'><strong><em>ἐ</em></strong></span> <span class='ocrx_word' id='word_1_250' title='bbox 889 3381 974 3438; x_wconf 93' lang='grc' dir='ltr'><strong><em>γω</em></strong></span> <span class='ocrx_word' id='word_1_251' title='bbox 1018 3381 1101 3440; x_wconf 81' lang='grc' dir='ltr'><strong><em>τῳ</em></strong></span> <span class='ocrx_word' id='word_1_252' title='bbox 1146 3352 1344 3419; x_wconf 87' lang='grc' dir='ltr'><strong><em>πάντα</em></strong></span> <span class='ocrx_word' id='word_1_253' title='bbox 1385 3357 1536 3419; x_wconf 78' lang='grc' dir='ltr'><strong><em>κατὰ</em></strong></span> <span class='ocrx_word' id='word_1_254' title='bbox 1578 3364 1797 3460; x_wconf 87' lang='grc' dir='ltr'><strong><em>μοῖραν</em></strong></span> <span class='ocrx_word' id='word_1_255' title='bbox 1839 3354 2138 3430; x_wconf 85' lang='grc' dir='ltr'><strong><em>κατέλεξα.</em></strong></span> 
     </span>
    </p>

    <p class='ocr_par' dir='ltr' id='par_1_12' title="bbox 481 3382 2179 3527">
     <span class='ocr_line' id='line_1_36' title="bbox 481 3382 2179 3527; baseline 0.002 -29"><span class='ocrx_word' id='word_1_256' title='bbox 481 3441 519 3498; x_wconf 83' lang='lat' dir='ltr'>d</span> <span class='ocrx_word' id='word_1_257' title='bbox 605 3436 734 3500; x_wconf 85' lang='grc' dir='ltr'><strong><em>ἀλλ’</em></strong></span> <span class='ocrx_word' id='word_1_258' title='bbox 785 3382 926 3503; x_wconf 61' lang='grc' dir='ltr'><strong><em>ὅτεγ</em></strong></span> <span class='ocrx_word' id='word_1_259' title='bbox 927 3436 1006 3517; x_wconf 86' lang='grc' dir='ltr'><strong><em>δη</em></strong></span> <span class='ocrx_word' id='word_1_260' title='bbox 1051 3442 1150 3503; x_wconf 72' lang='grc' dir='ltr'><strong><em>καὶ</em></strong></span> <span class='ocrx_word' id='word_1_261' title='bbox 1195 3434 1307 3523; x_wconf 84' lang='grc' dir='ltr'><strong><em>ἐγω</em></strong></span> <span class='ocrx_word' id='word_1_262' title='bbox 1352 3437 1498 3506; x_wconf 84' lang='grc' dir='ltr'><strong><em>ὁδὸν</em></strong></span> <span class='ocrx_word' id='word_1_263' title='bbox 1538 3441 1715 3527; x_wconf 74' lang='grc' dir='ltr'><strong><em>ᾔτεον</em></strong></span> <span class='ocrx_word' id='word_1_264' title='bbox 1756 3435 1857 3522; x_wconf 81' lang='grc' dir='ltr'><strong><em>ἠδ’</em></strong></span> <span class='ocrx_word' id='word_1_265' title='bbox 1908 3440 2179 3503; x_wconf 77' lang='grc' dir='ltr'><strong><em>ἐκέλευον</em></strong></span> 
     </span>
    </p>
   </div>
   <div class='ocr_carea' id='block_1_3' title="bbox 567 3521 2415 3608">
    <p class='ocr_par' dir='ltr' id='par_1_13' title="bbox 567 3521 2415 3608">
     <span class='ocr_line' id='line_1_37' title="bbox 567 3521 2415 3608; baseline 0.001 -24"><span class='ocrx_word' id='word_1_266' title='bbox 567 3523 899 3606; x_wconf 85' lang='grc' dir='ltr'><strong><em>πεμπέμεν,</em></strong></span> <span class='ocrx_word' id='word_1_267' title='bbox 943 3524 1086 3590; x_wconf 81' lang='grc' dir='ltr'><strong><em>ούδέ</em></strong></span> <span class='ocrx_word' id='word_1_268' title='bbox 1128 3552 1183 3588; x_wconf 91' lang='grc' dir='ltr'><strong><em>τι</em></strong></span> <span class='ocrx_word' id='word_1_269' title='bbox 1226 3534 1424 3599; x_wconf 85' lang='grc' dir='ltr'><strong><em>κεῖνος</em></strong></span> <span class='ocrx_word' id='word_1_270' title='bbox 1468 3525 1773 3608; x_wconf 80' lang='grc' dir='ltr'><strong><em>ἀνήνατο,</em></strong></span> <span class='ocrx_word' id='word_1_271' title='bbox 1820 3528 1987 3606; x_wconf 84' lang='grc' dir='ltr'><strong><em>τεῦχε</em></strong></span> <span class='ocrx_word' id='word_1_272' title='bbox 2032 3523 2098 3587; x_wconf 80' lang='grc' dir='ltr'><strong><em>δὲ</em></strong></span> <span class='ocrx_word' id='word_1_273' title='bbox 2142 3521 2415 3604; x_wconf 82' lang='grc' dir='ltr'><strong><em>πομπήν·</em></strong></span> 
     </span>
    </p>
   </div>
   <div class='ocr_carea' id='block_1_4' title="bbox 481 3603 2290 4544">
    <p class='ocr_par' dir='ltr' id='par_1_14' title="bbox 484 3603 2068 3776">
     <span class='ocr_line' id='line_1_38' title="bbox 484 3603 2019 3692; baseline 0.003 -24"><span class='ocrx_word' id='word_1_274' title='bbox 484 3611 522 3668; x_wconf 82' lang='lat' dir='ltr'>d</span> <span class='ocrx_word' id='word_1_275' title='bbox 608 3609 767 3671; x_wconf 79' lang='grc' dir='ltr'><strong><em>δῶκέ</em></strong></span> <span class='ocrx_word' id='word_1_276' title='bbox 808 3633 908 3687; x_wconf 87' lang='grc' dir='ltr'><strong><em>μοι</em></strong></span> <span class='ocrx_word' id='word_1_277' title='bbox 954 3612 1219 3691; x_wconf 78' lang='grc' dir='ltr'><strong><em>ἐκδείρας</em></strong></span> <span class='ocrx_word' id='word_1_278' title='bbox 1262 3603 1453 3674; x_wconf 85' lang='grc' dir='ltr'><strong><em>ἀσκὸν</em></strong></span> <span class='ocrx_word' id='word_1_279' title='bbox 1493 3613 1633 3692; x_wconf 88' lang='grc' dir='ltr'><strong><em>βοὸς</em></strong></span> <span class='ocrx_word' id='word_1_280' title='bbox 1679 3611 2019 3691; x_wconf 83' lang='grc' dir='ltr'><strong><em>ἐννεωροιο,</em></strong></span> 
     </span>
     <span class='ocr_line' id='line_1_39' title="bbox 566 3692 2095 3776; baseline 0.001 -24"><span class='ocrx_word' id='word_1_281' title='bbox 566 3692 721 3753; x_wconf 75' lang='grc' dir='ltr'><strong><em>ἔνθα</em></strong></span> <span class='ocrx_word' id='word_1_282' title='bbox 762 3693 830 3757; x_wconf 77' lang='grc' dir='ltr'><strong><em>δὲ</em></strong></span> <span class='ocrx_word' id='word_1_283' title='bbox 872 3697 1156 3774; x_wconf 87' lang='grc' dir='ltr'><strong><em>βυκτάων</em></strong></span> <span class='ocrx_word' id='word_1_284' title='bbox 1198 3694 1436 3776; x_wconf 83' lang='grc' dir='ltr'><strong><em>ἀνέμων</em></strong></span> <span class='ocrx_word' id='word_1_285' title='bbox 1479 3695 1763 3773; x_wconf 89' lang='grc' dir='ltr'><strong><em>κατέδησε</em></strong></span> <span class='ocrx_word' id='word_1_286' title='bbox 1808 3695 2095 3760; x_wconf 87' lang='grc' dir='ltr'><strong><em>κέλευθα·</em></strong></span> 
     </span>
    </p>

    <p class='ocr_par' dir='ltr' id='par_1_15' title="bbox 481 3775 2111 3947">
     <span class='ocr_line' id='line_1_40' title="bbox 481 3775 2111 3861; baseline 0.003 -23"><span class='ocrx_word' id='word_1_287' title='bbox 481 3780 519 3838; x_wconf 86' lang='lat' dir='ltr'>d</span> <span class='ocrx_word' id='word_1_288' title='bbox 605 3784 809 3840; x_wconf 82' lang='grc' dir='ltr'><strong><em>κεῖνον</em></strong></span> <span class='ocrx_word' id='word_1_289' title='bbox 849 3775 963 3859; x_wconf 85' lang='grc' dir='ltr'><strong><em>γάρ</em></strong></span> <span class='ocrx_word' id='word_1_290' title='bbox 1007 3783 1227 3857; x_wconf 86' lang='grc' dir='ltr'><strong><em>ταμίην</em></strong></span> <span class='ocrx_word' id='word_1_291' title='bbox 1269 3778 1507 3861; x_wconf 90' lang='grc' dir='ltr'><strong><em>ἀνέμων</em></strong></span> <span class='ocrx_word' id='word_1_292' title='bbox 1549 3781 1758 3858; x_wconf 87' lang='grc' dir='ltr'><strong><em>ποίησε</em></strong></span> <span class='ocrx_word' id='word_1_293' title='bbox 1804 3783 2111 3860; x_wconf 85' lang='grc' dir='ltr'><strong><em>Κρονίων,</em></strong></span> 
     </span>
     <span class='ocr_line' id='line_1_41' title="bbox 563 3859 2103 3948; baseline 0.002 -25"><span class='ocrx_word' id='word_1_294' title='bbox 563 3859 714 3942; x_wconf 77' lang='grc' dir='ltr'><strong><em>ἠμὲν</em></strong></span> <span class='ocrx_word' id='word_1_295' title='bbox 755 3864 1087 3945; x_wconf 88' lang='grc' dir='ltr'><strong><em>παυέμεναι</em></strong></span> <span class='ocrx_word' id='word_1_296' title='bbox 1127 3863 1228 3945; x_wconf 85' lang='grc' dir='ltr'><strong><em>ἠδ’</em></strong></span> <span class='ocrx_word' id='word_1_297' title='bbox 1275 3862 1569 3947; x_wconf 82' lang='grc' dir='ltr'><strong><em>ὀρνύμεν,</em></strong></span> <span class='ocrx_word' id='word_1_298' title='bbox 1613 3891 1689 3929; x_wconf 93' lang='grc' dir='ltr'><strong><em>ον</em></strong></span> <span class='ocrx_word' id='word_1_299' title='bbox 1732 3864 1793 3926; x_wconf 88' lang='grc' dir='ltr'><strong><em>κ’</em></strong></span> <span class='ocrx_word' id='word_1_300' title='bbox 1843 3865 2103 3948; x_wconf 81' lang='grc' dir='ltr'><strong><em>ἐθέλῃσι.</em></strong></span> 
     </span>
    </p>

    <p class='ocr_par' dir='ltr' id='par_1_16' title="bbox 483 3947 2135 4120">
     <span class='ocr_line' id='line_1_42' title="bbox 483 3947 2135 4036; baseline 0.002 -28"><span class='ocrx_word' id='word_1_301' title='bbox 483 3950 521 4008; x_wconf 83' lang='lat' dir='ltr'>d</span> <span class='ocrx_word' id='word_1_302' title='bbox 610 3972 705 4027; x_wconf 84' lang='grc' dir='ltr'><strong><em>νηι</em></strong></span> <span class='ocrx_word' id='word_1_303' title='bbox 748 3947 811 4010; x_wconf 88' lang='grc' dir='ltr'><strong><em>δ’</em></strong></span> <span class='ocrx_word' id='word_1_304' title='bbox 862 3949 950 4013; x_wconf 75' lang='grc' dir='ltr'><strong><em>ε’νὶ</em></strong></span> <span class='ocrx_word' id='word_1_305' title='bbox 993 3959 1274 4036; x_wconf 76' lang='grc' dir='ltr'><strong><em>γλαφυρῇ</em></strong></span> <span class='ocrx_word' id='word_1_306' title='bbox 1317 3950 1547 4013; x_wconf 88' lang='grc' dir='ltr'><strong><em>κατέδει</em></strong></span> <span class='ocrx_word' id='word_1_307' title='bbox 1590 3949 1842 4031; x_wconf 86' lang='grc' dir='ltr'><strong><em>μέρμιθι</em></strong></span> <span class='ocrx_word' id='word_1_308' title='bbox 1884 3951 2135 4034; x_wconf 80' lang='grc' dir='ltr'><strong><em>φαεινῇ,</em></strong></span> 
     </span>
     <span class='ocr_line' id='line_1_43' title="bbox 566 4027 2103 4140; baseline 0.002 -47"><span class='ocrx_word' id='word_1_309' title='bbox 566 4027 861 4140; x_wconf 78' lang='grc' dir='ltr'><strong><em>ἀργυρέῃ,</em></strong></span> <span class='ocrx_word' id='word_1_310' title='bbox 908 4036 1011 4099; x_wconf 76' lang='grc' dir='ltr'><strong><em>ἵνα</em></strong></span> <span class='ocrx_word' id='word_1_311' title='bbox 1053 4037 1143 4116; x_wconf 75' lang='grc' dir='ltr'><strong><em>μή</em></strong></span> <span class='ocrx_word' id='word_1_312' title='bbox 1187 4059 1240 4097; x_wconf 86' lang='grc' dir='ltr'><strong><em>τι</em></strong></span> <span class='ocrx_word' id='word_1_313' title='bbox 1282 4036 1675 4120; x_wconf 81' lang='grc' dir='ltr'><strong><em>παραπνεύσῃ</em></strong></span> <span class='ocrx_word' id='word_1_314' title='bbox 1719 4033 1925 4116; x_wconf 85' lang='grc' dir='ltr'><strong><em>ὀλίγον</em></strong></span> <span class='ocrx_word' id='word_1_315' title='bbox 1967 4056 2103 4116; x_wconf 88' lang='grc' dir='ltr'><strong><em>περ·</em></strong></span> 
     </span>
    </p>

    <p class='ocr_par' dir='ltr' id='par_1_17' title="bbox 492 4115 2266 4373">
     <span class='ocr_line' id='line_1_44' title="bbox 492 4115 2159 4225; baseline 0 -46"><span class='ocrx_word' id='word_1_316' title='bbox 492 4139 525 4179; x_wconf 79' lang='lat' dir='ltr'>e</span> <span class='ocrx_word' id='word_1_317' title='bbox 567 4115 799 4224; x_wconf 83' lang='grc' dir='ltr'><strong><em>αύτάρ</em></strong></span> <span class='ocrx_word' id='word_1_318' title='bbox 843 4119 972 4199; x_wconf 75' lang='grc' dir='ltr'><strong><em>ἐμοὶ</em></strong></span> <span class='ocrx_word' id='word_1_319' title='bbox 1016 4115 1240 4199; x_wconf 81' lang='grc' dir='ltr'><strong><em>πνοιὴν</em></strong></span> <span class='ocrx_word' id='word_1_320' title='bbox 1283 4122 1564 4202; x_wconf 88' lang='grc' dir='ltr'><strong><em>Ζεφύρου</em></strong></span> <span class='ocrx_word' id='word_1_321' title='bbox 1608 4120 1903 4225; x_wconf 87' lang='grc' dir='ltr'><strong><em>προέηκεν</em></strong></span> <span class='ocrx_word' id='word_1_322' title='bbox 1945 4117 2159 4201; x_wconf 85' lang='grc' dir='ltr'><strong><em>ἀῆναι,</em></strong></span> 
     </span>
     <span class='ocr_line' id='line_1_45' title="bbox 558 4200 2266 4285; baseline 0 -21"><span class='ocrx_word' id='word_1_323' title='bbox 558 4200 723 4281; x_wconf 80' lang='grc' dir='ltr'><strong><em>ὄφρα</em></strong></span> <span class='ocrx_word' id='word_1_324' title='bbox 769 4203 944 4285; x_wconf 88' lang='grc' dir='ltr'><strong><em>φέροι</em></strong></span> <span class='ocrx_word' id='word_1_325' title='bbox 977 4214 1070 4268; x_wconf 81' lang='grc' dir='ltr'><strong><em>καὶ</em></strong></span> <span class='ocrx_word' id='word_1_326' title='bbox 1106 4215 1217 4278; x_wconf 77' lang='grc' dir='ltr'><strong><em>νῆα</em></strong></span> <span class='ocrx_word' id='word_1_327' title='bbox 1251 4205 1353 4267; x_wconf 71' lang='grc' dir='ltr'><strong><em>καὶ</em></strong></span> <span class='ocrx_word' id='word_1_328' title='bbox 1395 4203 1643 4281; x_wconf 80' lang='grc' dir='ltr'><strong><em>αὐτούς·</em></strong></span> <span class='ocrx_word' id='word_1_329' title='bbox 1691 4202 1832 4268; x_wconf 78' lang='grc' dir='ltr'><strong><em>οὐδ’</em></strong></span> <span class='ocrx_word' id='word_1_330' title='bbox 1877 4203 1979 4285; x_wconf 72' lang='grc' dir='ltr'><strong><em>ἄρ’</em></strong></span> <span class='ocrx_word' id='word_1_331' title='bbox 2030 4203 2266 4284; x_wconf 78' lang='grc' dir='ltr'><strong><em>ἔμελλεν</em></strong></span> 
     </span>
     <span class='ocr_line' id='line_1_46' title="bbox 563 4285 2119 4373; baseline 0.002 -24"><span class='ocrx_word' id='word_1_332' title='bbox 563 4285 878 4350; x_wconf 77' lang='grc' dir='ltr'><strong><em>ἐκτελέειν·</em></strong></span> <span class='ocrx_word' id='word_1_333' title='bbox 924 4288 1131 4353; x_wconf 82' lang='grc' dir='ltr'><strong><em>αὐτων</em></strong></span> <span class='ocrx_word' id='word_1_334' title='bbox 1172 4286 1284 4371; x_wconf 84' lang='grc' dir='ltr'><strong><em>γάρ</em></strong></span> <span class='ocrx_word' id='word_1_335' title='bbox 1328 4288 1686 4372; x_wconf 76' lang='grc' dir='ltr'><strong><em>ἀπωλόμεθ’</em></strong></span> <span class='ocrx_word' id='word_1_336' title='bbox 1733 4288 2119 4373; x_wconf 82' lang='grc' dir='ltr'><strong><em>ἀφραδίῃσιν.</em></strong></span> 
     </span>
    </p>

    <p class='ocr_par' dir='ltr' id='par_1_18' title="bbox 490 4367 2290 4544">
     <span class='ocr_line' id='line_1_47' title="bbox 490 4367 2290 4476; baseline 0.001 -43"><span class='ocrx_word' id='word_1_337' title='bbox 490 4370 564 4433; x_wconf 74' lang='grc' dir='ltr'><strong><em>οδ</em></strong></span> <span class='ocrx_word' id='word_1_338' title='bbox 619 4371 880 4476; x_wconf 83' lang='grc' dir='ltr'><strong><em>ἐννῆμαρ</em></strong></span> <span class='ocrx_word' id='word_1_339' title='bbox 923 4374 1036 4454; x_wconf 77' lang='grc' dir='ltr'><strong><em>μὲν</em></strong></span> <span class='ocrx_word' id='word_1_340' title='bbox 1079 4371 1240 4454; x_wconf 80' lang='grc' dir='ltr'><strong><em>ὅμως</em></strong></span> <span class='ocrx_word' id='word_1_341' title='bbox 1283 4375 1537 4458; x_wconf 83' lang='grc' dir='ltr'><strong><em>πλέομεν</em></strong></span> <span class='ocrx_word' id='word_1_342' title='bbox 1579 4377 1803 4448; x_wconf 87' lang='grc' dir='ltr'><strong><em>νύκτας</em></strong></span> <span class='ocrx_word' id='word_1_343' title='bbox 1847 4399 1907 4437; x_wconf 90' lang='grc' dir='ltr'><strong><em>τε</em></strong></span> <span class='ocrx_word' id='word_1_344' title='bbox 1951 4373 2051 4434; x_wconf 77' lang='grc' dir='ltr'><strong><em>καὶ</em></strong></span> <span class='ocrx_word' id='word_1_345' title='bbox 2094 4367 2290 4455; x_wconf 82' lang='grc' dir='ltr'><strong><em>ἦμαρ·</em></strong></span> 
     </span>
     <span class='ocr_line' id='line_1_48' title="bbox 562 4456 2130 4544; baseline 0.004 -28"><span class='ocrx_word' id='word_1_346' title='bbox 562 4457 635 4540; x_wconf 81' lang='grc' dir='ltr'><strong><em>τῇ</em></strong></span> <span class='ocrx_word' id='word_1_347' title='bbox 684 4456 900 4544; x_wconf 81' lang='grc' dir='ltr'><strong><em>δεκάτῃ</em></strong></span> <span class='ocrx_word' id='word_1_348' title='bbox 943 4457 1002 4520; x_wconf 90' lang='lat'><strong><em>6’</em></strong></span> <span class='ocrx_word' id='word_1_349' title='bbox 1051 4459 1174 4540; x_wconf 82' lang='grc' dir='ltr'><strong><em>ἤδη</em></strong></span> <span class='ocrx_word' id='word_1_350' title='bbox 1218 4456 1575 4540; x_wconf 86' lang='grc' dir='ltr'><strong><em>ἀνεφαίνετο</em></strong></span> <span class='ocrx_word' id='word_1_351' title='bbox 1615 4458 1827 4543; x_wconf 81' lang='grc' dir='ltr'><strong><em>πατρὶς</em></strong></span> <span class='ocrx_word' id='word_1_352' title='bbox 1868 4460 2130 4542; x_wconf 67' lang='grc' dir='ltr'><strong><em>ἄρουρα,</em></strong></span> 
     </span>
    </p>
   </div>
   <div class='ocr_carea' id='block_1_5' title="bbox 2648 822 2744 869">
    <p class='ocr_par' dir='ltr' id='par_1_19' title="bbox 2648 822 2744 869">
     <span class='ocr_line' id='line_1_49' title="bbox 2648 822 2744 869; baseline 0.01 -1"><span class='ocrx_word' id='word_1_353' title='bbox 2648 822 2744 869; x_wconf 80' lang='grc'><strong><em>120</em></strong></span> 
     </span>
    </p>
   </div>
   <div class='ocr_carea' id='block_1_6' title="bbox 2646 1246 2741 1293">
    <p class='ocr_par' dir='ltr' id='par_1_20' title="bbox 2646 1246 2741 1293">
     <span class='ocr_line' id='line_1_50' title="bbox 2646 1246 2741 1293; baseline 0.011 -1"><span class='ocrx_word' id='word_1_354' title='bbox 2646 1246 2741 1293; x_wconf 78' lang='grc'><strong><em>125</em></strong></span> 
     </span>
    </p>
   </div>
   <div class='ocr_carea' id='block_1_7' title="bbox 2643 1670 2836 1805">
    <p class='ocr_par' dir='ltr' id='par_1_21' title="bbox 2643 1670 2836 1805">
     <span class='ocr_line' id='line_1_51' title="bbox 2643 1670 2741 1718; baseline 0.01 -1"><span class='ocrx_word' id='word_1_355' title='bbox 2643 1670 2741 1718; x_wconf 92' lang='grc'><strong><em>130</em></strong></span> 
     </span>
     <span class='ocr_line' id='line_1_52' title="bbox 2782 1758 2836 1805; baseline 0 0"><span class='ocrx_word' id='word_1_356' title='bbox 2782 1758 2836 1805; x_wconf 81' lang='grc'><strong><em>11</em></strong></span> 
     </span>
    </p>
   </div>
   <div class='ocr_carea' id='block_1_8' title="bbox 2652 2106 2729 2152">
    <p class='ocr_par' dir='ltr' id='par_1_22' title="bbox 2652 2106 2729 2152">
     <span class='ocr_line' id='line_1_53' title="bbox 2652 2106 2729 2152; baseline 0 0"><span class='ocrx_word' id='word_1_357' title='bbox 2652 2106 2729 2152; x_wconf 87' lang='grc' dir='ltr'><strong><em>κ1</em></strong></span> 
     </span>
    </p>
   </div>
   <div class='ocr_carea' id='block_1_9' title="bbox 2672 2861 2736 2908">
    <p class='ocr_par' dir='ltr' id='par_1_23' title="bbox 2672 2861 2736 2908">
     <span class='ocr_line' id='line_1_54' title="bbox 2672 2861 2736 2908; baseline 0 0"><span class='ocrx_word' id='word_1_358' title='bbox 2672 2861 2736 2908; x_wconf 87' lang='grc'><strong><em>10</em></strong></span> 
     </span>
    </p>
   </div>
   <div class='ocr_carea' id='block_1_10' title="bbox 2670 3285 2732 3332">
    <p class='ocr_par' dir='ltr' id='par_1_24' title="bbox 2670 3285 2732 3332">
     <span class='ocr_line' id='line_1_55' title="bbox 2670 3285 2732 3332; baseline -0.016 0"><span class='ocrx_word' id='word_1_359' title='bbox 2670 3285 2732 3332; x_wconf 83' lang='grc'><strong><em>15</em></strong></span> 
     </span>
    </p>
   </div>
   <div class='ocr_carea' id='block_1_11' title="bbox 2663 3707 2731 3755">
    <p class='ocr_par' dir='ltr' id='par_1_25' title="bbox 2663 3707 2731 3755">
     <span class='ocr_line' id='line_1_56' title="bbox 2663 3707 2731 3755; baseline 0.015 -1"><span class='ocrx_word' id='word_1_360' title='bbox 2663 3707 2731 3755; x_wconf 82' lang='lat'><strong><em>20</em></strong></span> 
     </span>
    </p>
   </div>
   <div class='ocr_carea' id='block_1_12' title="bbox 2661 4133 2729 4181">
    <p class='ocr_par' dir='ltr' id='par_1_26' title="bbox 2661 4133 2729 4181">
     <span class='ocr_line' id='line_1_57' title="bbox 2661 4133 2729 4181; baseline -0.015 0"><span class='ocrx_word' id='word_1_361' title='bbox 2661 4133 2729 4181; x_wconf 77' lang='lat'><strong><em>25</em></strong></span> 
     </span>
    </p>
   </div>
  </div>
 </body>
</html>
