3132 5129
1301 368 1763 432 -561—

354 521 579 596 παντὸς
621 522 1022 602 δυσδαίμονα,
1067 523 1282 600 quibus
1327 525 1523 584 verbis
1568 527 1711 601 quin
1757 525 1980 583 infelici
2036 523 2309 584 fortunae
2365 530 2683 585 commuta-

356 612 508 671 tioni
555 612 713 671 vita
757 613 1091 687 opponatur
1135 612 1496 686 perpetuo
1540 613 1802 669 tenore
1848 610 2121 669 infelix
2164 614 2287 668 tam
2320 614 2487 669 extra
2519 610 2684 669 dubi·

353 697 642 756 tationem
689 697 950 771 positum
995 698 1113 770 est,
1172 697 1240 753 ut
1282 696 1637 771 interpretes
1683 697 2014 754 sententiae
2056 697 2482 771 perspicuitate
2527 694 2688 770 capti

353 782 590 859 singula
650 782 833 842 verba
897 783 1164 840 accurate
1225 780 1534 856 pervidere
1602 781 2081 873 supersederint.
2159 780 2465 840 Vidissent
2531 782 2688 839 enim

353 867 621 942 alioquin
654 867 797 925 ferri
840 884 958 925 non
1004 885 1178 942 posse
1220 867 1284 924 in
1329 885 1398 924 ea
1442 867 1741 925 sententia
1771 867 2017 926 verbum
2063 886 2196 923 ατα
2213 887 2279 940 ν,
2326 867 2513 942 quod,
2561 867 2686 925 sive

354 953 429 1010 de
485 952 659 1027 culpa
716 952 932 1010 dicitur
984 950 1383 1010 calamitatem
1429 951 1701 1010 trahente
1748 953 1872 1010 sive
1918 952 1990 1010 de
2036 951 2377 1010 calamitate
2421 970 2527 1027 per
2572 952 2691 1010 cul-

354 1056 490 1112 pam
535 1040 840 1097 contracta
880 1036 1005 1095 sive
1048 1036 1118 1096 de
1163 1036 1496 1095 calamitate
1539 1055 1613 1095 ex
1658 1055 2012 1116 quocunque
2058 1055 2192 1095 ffisu
2239 1038 2475 1111 oborta,
2541 1055 2689 1094 sem-

355 1141 463 1197 per
515 1126 714 1182 tamen
775 1121 845 1180 de
900 1121 1186 1198 singulari
1243 1121 1500 1196 quadam
1546 1141 1665 1180 non
1718 1122 1790 1182 de
1834 1122 2111 1182 universa
2153 1121 2343 1180 totius
2371 1123 2530 1194 vitae
2576 1122 2691 1180 for·
2727 1130 2786 1176 19

353 1211 500 1265 tuna
555 1198 790 1267 dicitur.
892 1206 962 1264 Id
1024 1209 1194 1281 patet
1251 1206 1565 1265 dicendum
1624 1208 1804 1266 fuisse
1862 1226 1970 1283 per
2024 1199 2279 1282 αἶσαν,
2347 1208 2504 1282 quod
2567 1207 2692 1265 sine

357 1292 727 1351 dubitatione
783 1292 997 1386 recepi.
1085 1292 1363 1350 Proxime
1422 1292 1650 1351 accedit
1705 1292 2108 1367 Sophocleum
2161 1292 2311 1351 illud
2368 1311 2439 1351 ex
2483 1292 2688 1351 Trach.

353 1397 409 1436 v.
448 1379 680 1452 llOsq.
728 1396 926 1434 κακαν
969 1367 1263 1434 δύστανον
1308 1372 1657 1446 ἐλπίζουσαν
1696 1368 1940 1436 αἶσαν.

522 1462 796 1522 Alterum
855 1461 1340 1537 stropharum
1384 1480 1494 1537 par
1536 1464 1814 1522 extremis
1857 1448 2126 1538 partibus
2171 1462 2557 1521 multifariam
2602 1463 2690 1520 la-

353 1546 560 1622 borat,
607 1550 676 1606 ut
719 1547 792 1605 de
836 1548 910 1605 iis
955 1548 1070 1622 ita,
1120 1549 1190 1605 ut
1235 1548 1510 1606 omnibus
1554 1548 1834 1624 satisfiat,
1892 1548 2275 1608 restituendis
2321 1547 2443 1606 fere
2488 1546 2690 1622 despe-

351 1632 608 1691 randum
638 1631 932 1691 videatur.
1005 1592 1206 1690 Placet
1250 1633 1406 1708 ipsa,
1455 1633 1527 1691 de
1572 1633 1788 1707 quibus
1833 1634 2063 1710 agitur,
2110 1633 2293 1692 verba
2322 1635 2460 1691 ante
2494 1634 2693 1691 omnia

353 1719 674 1777 secundum
729 1717 918 1776 libros
975 1716 1352 1792 descripsisse
1412 1721 1648 1778 servata
1691 1719 1870 1777 etiam
1916 1736 2195 1778 versuum
2240 1717 2690 1776 distributione:

1744 1841 1941 1912 χοροῖς
1987 1831 2049 1894 δὲ
2096 1834 2343 1912 σταίην,
2392 1831 2502 1896 όθι
2547 1831 2648 1894 καὶ

1745 1917 2085 1995 παρθένος.
2109 1916 2446 1996 ευδοκίμων
2486 1918 2693 2000 γάμων

1579 2015 1709 2063 1145
1749 2027 1909 2084 παρα
1955 1996 2092 2063 πόδ’
2141 2004 2480 2066 εἱλίσσουσα
2515 2005 2692 2080 φίλας

1744 2088 1994 2168 ματέρος
2017 2088 2263 2167 (ματρὸς
2280 2094 2416 2151 Ald.
2424 2088 2449 2171 )
2473 2080 2694 2166 ἡλίκων

761 2183 906 2254 γᾶν·
1979 2170 2238 2246 θιάσους

532 2258 630 2337 ἐμὲ
675 2257 739 2319 δ’
787 2256 972 2318 αὐτοῦ
1019 2259 1273 2318 λιποῦσα
1521 2186 1526 2387 ζ
1747 2256 1805 2329 ἐς
1849 2254 2096 2335 ἁμίλλας
2140 2259 2398 2336 χαρίτων

527 2343 677 2427 βήσῃ
723 2343 956 2440 ῥοθίοις
1001 2343 1260 2423 (ῥοθίαις
1307 2342 1473 2421 Ald.)
1744 2342 1947 2420 χαίτας
1988 2337 2421 2424 ἆβροπλούτοιο

763 2423 1012 2499 πλάταις

527 1825 558 1892 ὅ
606 1830 831 1913 Φοῖβός
878 1827 948 1892 θ’
992 1828 1024 1893 ὁ
1067 1825 1277 1910 μα’ντις
1320 1832 1471 1913 ἔχων

523 1918 776 1981 κέλαδον
821 1913 1146 1979 ἑπτατόνου
1191 1915 1371 1998 λύρας

359 2017 488 2066 1130
528 2002 746 2065 ἀείδων
788 2002 916 2077 ἄξει
960 2001 1218 2079 λιπαρὰν

525 2089 581 2163 ε’ς
623 2088 734 2172 (είς
777 2088 942 2170 Ald.)
983 2086 1330 2164 Ἀθηναίων
1374 2085 1471 2147 ἐπι

523 2510 650 2596 ἆέρι
694 2507 754 2574 δ’
805 2513 957 2573 ι”στία
987 2508 1271 2588 πρότονος
1301 2510 1470 2592 (πρό-
1747 2513 1828 2583 εἰς
1874 2507 1961 2594 (ἐς
1993 2511 2160 2589 Ald.)
2200 2510 2324 2588 ἔριν
2366 2509 2689 2593 ὀρνυμένα,

761 2621 921 2659 τοιοι
967 2601 1133 2676 Ald.)
1183 2621 1332 2658 κατα
1980 2599 2377 2659 πολυποίκιλα

359 2700 490 2749 1135
531 2693 784 2782 πρῷραν
826 2677 977 2764 ὑπὲρ
1022 2682 1235 2744 στόλον
1523 2723 1527 2752 a
1581 2692 1711 2741 1150
1752 2680 1947 2760 φάρεα
1994 2680 2093 2742 καὶ
2136 2679 2359 2743 πλοκά-

527 2749 915 2833 ἐκπετάσουσι
961 2763 1117 2829 πόδα
1267 2787 1276 2796 ·
1519 2765 1526 2932 Ι
1745 2791 1895 2847 μους
1938 2767 2415 2848 περιβαλλομένα

525 2856 686 2930 ναὸς
718 2846 1103 2933 ὠκυπόμπου.
1745 2852 1990 2934 γένυσιν
2034 2850 2324 2925 ἐσκίαζον.

357 2982 430 3040 In
472 2980 564 3038 his
609 2977 865 3054 primum
899 2983 954 3036 ν.
993 2977 1154 3035 1129
1200 2977 1518 3036 verborum
1565 2976 1832 3035 ordinem
1878 2976 2106 3035 mutavi
2152 2994 2283 3035 cum
2332 2976 2688 3050 HermannO,

356 3067 457 3141 qui
504 3062 769 3140 „nulla“‚
817 3062 1046 3137 inquit,
1094 3061 1387 3135 „inveniri
1432 3079 1608 3119 causa
1650 3065 1879 3136 potest,
1940 3079 2091 3137 quae
2135 3061 2390 3120 moverit
2434 3065 2690 3135 poetam,

358 3154 425 3210 ut
473 3148 839 3208 tribrachum
894 3147 1163 3222 dactylo,
1221 3147 1322 3221 qui
1379 3146 1441 3203 in
1496 3145 1871 3222 antistropha
1927 3149 2043 3220 est,
2102 3148 2455 3220 opponeret,
2511 3166 2691 3220 quum

359 3237 562 3308 posset
605 3233 861 3291 scribere
907 3226 1239 3291 ἑπτατόνου
1285 3225 1534 3288 κέλαδον
1578 3223 1798 3308 λύρας.6
1783 3230 1823 3265 “
1911 3230 2141 3288 Deinde
2188 3251 2242 3288 v.
2284 3233 2441 3287 1131
2492 3250 2691 3305 super·

361 3337 672 3380 vacaneum
721 3317 1220 3418 praepositionem
1267 3310 1325 3385 ἐς
1357 3315 1451 3373 vel
1496 3313 1579 3383 εἰς
1622 3316 1992 3391 probabilius
2038 3315 2100 3372 in
2145 3334 2471 3389 pronomen
2514 3335 2692 3419 aegre

359 3404 761 3463 desideratum
806 3393 866 3457 σ’
913 3401 1249 3460 abbieviari
1296 3419 1476 3475 quam
1520 3419 1655 3458 cum
1688 3400 1954 3458 Seidlero
1984 3402 2047 3457 et
2080 3399 2368 3459 Schoenio
2414 3401 2477 3458 in
2522 3420 2596 3458 ευ
2631 3393 2688 3454 σ’

359 3489 577 3547 mutari
643 3487 989 3546 adveibium
1047 3489 1109 3544 et
1175 3486 1416 3544 omnino
1477 3484 1693 3542 inutile
1747 3502 1854 3542 nec
1913 3487 2053 3557 apto
2108 3483 2239 3543 loco
2295 3485 2551 3560 positum
2609 3486 2694 3542 ita

361 3572 588 3649 arguit,
649 3575 718 3629 ut
771 3573 889 3630 iam
947 3590 1017 3628 ex
1075 3571 1322 3628 metrica
1377 3569 1608 3627 ratione
1664 3570 2004 3643 suspectum
2051 3567 2156 3626 fiat
2197 3569 2692 3644 antistrophicum

360 3652 583 3731 ματρός
616 3656 709 3714 vel
750 3651 1029 3730 ματέρος,
1073 3654 1231 3729 quod
1277 3655 1460 3711 etiam
1504 3673 1540 3712 a
1584 3672 1761 3713 sensu
1806 3652 2072 3711 laborare
2103 3653 2305 3712 statim
2336 3654 2691 3711 videbimus.

363 3743 524 3813 Quae
569 3741 780 3800 deinde
825 3742 1156 3813 sequuntur
1199 3732 1299 3812 ἐμὲ
1344 3729 1406 3795 δ’
1452 3732 1638 3796 αυτοῦ
1685 3739 1940 3796 λιποῦσα
1968 3734 2128 3817 βησῃ
2160 3735 2391 3813 ῥοθίοις
2421 3733 2690 3810 πλάταις,

361 3845 566 3886 eorum
600 3826 901 3885 sententia
930 3823 1170 3900 quidem
1201 3823 1379 3899 plana
1423 3826 1539 3897 est,
1588 3825 1843 3881 metrum
1873 3841 2013 3881 vero
2044 3822 2488 3897 antistropbicis
2519 3823 2691 3880 adae-

362 3913 534 3986 quari
578 3929 696 3969 non
740 3911 907 3986 prius
950 3909 1202 3985 poterit,
1250 3927 1428 3982 quam
1474 3869 1546 3965 ad
1579 3907 1765 3966 haec
1751 3926 1878 3982 ipsa
1908 3907 2345 3966 accesserimus,
2427 3907 2515 3964 De
2557 3907 2691 3964 ulti·

362 3998 473 4055 mis
504 3996 701 4055 verbis
742 3991 963 4070 optime
1007 3995 1226 4052 meruit
1273 3992 1604 4066 SeidleruS‚
1653 3993 1754 4067 qui
1802 3995 2075 4051 accurata
2104 4011 2301 4051 rerum
2334 3993 2691 4066 cognitione,

359 4081 518 4155 quod
575 4099 760 4139 unum
818 4078 1211 4138 certissimum
1263 4080 1355 4137 est
1397 4078 1460 4136 in
1504 4077 1792 4137 eiusmodi
1836 4077 2286 4152 quaestionibus
2344 4077 2693 4135 fundamen-

360 4169 525 4240 tum,
573 4166 810 4224 innixus
853 4165 1048 4223 locum
1094 4164 1205 4223 hoc
1248 4162 1424 4222 modo
1469 4162 1769 4222 restituit.

767 4259 898 4343 αέρι
942 4259 1004 4322 δ’
1056 4262 1208 4321 ἱστία
1250 4254 1392 4339 πρὸ
1435 4259 1782 4358 προτόνου
1825 4256 1975 4320 κατὰ

767 4357 1015 4432 πρῷραν
1060 4343 1211 4425 ὑπὲρ
1257 4342 1469 4407 στόλον
1513 4341 1898 4405 ἐκπετασουσι
1942 4340 2167 4414 πόδες

937 4431 1079 4504 ναὸς
1123 4427 1508 4510 ὠκυπόμπου.

464 4541 712 4592 Kochly,
744 4541 977 4584 Schriften
982 4541 1070 4580 ..1
2226 4531 2289 4577 :3ss
