3132 5129
1263 397 1715 459 -511-

321 572 647 630 pronomen
694 553 1067 613 antecedenti
1111 545 1331 632 πατρὸς
1386 548 1688 623 θανόντος
1732 554 2070 651 oppositum
2116 573 2271 629 esse,
2323 574 2443 613 non
2498 554 2658 613 vide-

326 644 470 698 runt
510 641 638 697 tum
685 641 919 698 tantum
966 627 1052 697 ita
1096 639 1238 715 poni
1283 639 1548 714 potuisse
1592 657 1950 714 pronomen,
2009 640 2058 697 si
2106 638 2347 700 Orestes
2391 639 2659 699 dicturus

325 724 539 783 fuisset
580 728 754 799 patre
799 723 1114 783 interfecto
1167 742 1310 783 non
1353 724 1606 799 aliam,
1666 724 1793 782 sed
1837 724 2020 783 hanc
2078 743 2259 799 prae
2304 725 2581 784 ceteris
2624 745 2659 783 a
2698 788 2705 794 ,

324 827 387 867 se
430 808 698 884 punitam
744 826 888 868 esse.
965 808 1120 879 Quid
1167 827 1305 867 vero
1352 809 1657 886 scripserit
1697 809 2042 885 EuripideS,
2091 810 2415 885 quaeritur.
2486 809 2657 880 Quod

327 893 641 953 Elmsleius
701 894 957 953 coniecit
1011 884 1197 969 αἷμα
1252 890 1690 991 τιμωρούμενος
1745 913 1854 969 per
1904 913 1967 953 se
2022 893 2278 969 probum
2344 898 2467 954 est.
2537 894 2655 953 vid.

326 997 503 1054 supra
547 979 625 1038 78
671 975 895 1054 πατρὸς
940 968 1073 1054 αἷμ’
1122 970 1436 1054 ἐτισάμην,
1490 980 1621 1039 Alc.
1672 980 1790 1036 733
1839 967 1904 1034 σ’
1962 969 2226 1055 άδελφῆς
2282 970 2431 1055 αἷμα
2485 999 2655 1054 τιμω-

323 1056 595 1138 ρήσεται,
653 1062 803 1122 Oen.
849 1063 1063 1139 fragm.
1109 1065 1232 1123 563
1273 1064 1456 1123 Dind.
1511 1051 1733 1135 πατρὸς
1790 1053 1921 1139 αἷμ’
1983 1057 2455 1139 ἐτιμωρησάμην.
2529 1064 2657 1122 Ali-

323 1149 465 1223 quid
509 1151 708 1207 tamen
754 1147 1146 1207 dubitationis
1198 1153 1398 1209 movet
1451 1149 1846 1224 praemissum
1890 1149 1953 1206 h.
1998 1148 2041 1207 l.
2100 1148 2484 1224 participium
2541 1150 2657 1205 θα·
2742 1196 2747 1203 .

325 1227 567 1308 νόντος,
623 1234 716 1292 cui
779 1233 1049 1291 additum
1094 1223 1242 1307 αἷμα
1299 1236 1653 1307 praesertim
1710 1233 1845 1309 post
1899 1235 2086 1310 patris
2142 1234 2383 1293 caedem
2442 1232 2659 1292 diserte

237 1330 246 1339 ⁸
325 1321 712 1377 memoratam
759 1318 986 1393 aliquid
1045 1318 1316 1394 languidi
1360 1318 1580 1378 habere
1623 1319 1892 1394 videtur,
1940 1337 2074 1377 cum
2118 1318 2319 1393 potius
2365 1317 2659 1376 desidere-

325 1422 455 1461 mus
499 1402 815 1461 talionis
859 1404 973 1463 ius
1019 1422 1055 1461 a
1097 1403 1196 1478 pio
1241 1403 1554 1462 matricida
1599 1404 1814 1464 efferri.
1886 1402 1956 1461 Id
2001 1404 2196 1479 ipsum
2230 1421 2368 1462 vero
2413 1403 2556 1461 fecit
2599 1405 2661 1460 et

324 1488 418 1547 hic
461 1486 873 1564 respondendo

727 1601 951 1685 πατρὸς
992 1601 1291 1676 θανόντος
1346 1599 1469 1681 σφ’
1513 1599 2142 1684 άντιτιμωρούμενος

332 1728 393 1782 et
435 1725 497 1783 in
542 1724 786 1783 Electra
828 1745 887 1785 v.
932 1725 1055 1784 849
1087 1744 1174 1801 sq.
1220 1744 1468 1785 narrans

728 1838 917 1919 φονέα
961 1838 1025 1901 δὲ
1066 1834 1287 1921 πατρὸς
1329 1836 2058 1923 ἀντετιμωρησάμην

729 1924 967 2006 τλήμων
1005 1922 1310 2005 Ὀρέστης,

326 2067 434 2107 nec
477 2048 651 2107 aliter
694 2047 958 2107 Helenae
1000 2051 1177 2124 atque
1207 2047 1461 2107 Menelai
1506 2048 1828 2109 adventum
1877 2050 2110 2125 optavit
2138 2050 2453 2126 Iphigenia
2481 2069 2660 2125 supra

326 2152 383 2192 v.
430 2134 550 2191 357
599 2124 687 2189 ἵν’
744 2124 967 2202 αὐτοὺς
1020 2125 1765 2209 ἀντετιμωρησάμην.
1853 2134 2121 2194 Verbum
2177 2136 2485 2195 invenerat
2543 2136 2659 2192 iam

323 2216 768 2291 Blomfieldius,
828 2218 931 2276 sed
989 2217 1326 2276 addendum
1390 2221 1519 2277 erat
1573 2236 1931 2294 pronomen,
2005 2219 2171 2278 cuius
2227 2219 2427 2295 glossa
2480 2215 2659 2294 τήνδε

324 2303 643 2378 genuinam
688 2303 1043 2377 scripturam
1086 2303 1334 2378 expulit.
1407 2341 1418 2353 -

494 2387 569 2447 V.
618 2387 740 2447 576
786 2386 969 2464 vulgo
1015 2387 1242 2445 editur:
2700 2388 2764 2435 16

727 2513 845 2580 φεῦ
889 2511 1038 2582 φεῦ·
1086 2501 1144 2562 τί
1184 2496 1253 2562 δ’
1298 2498 1470 2584 ἡμεῖς
1516 2502 1583 2563 οῗ
1620 2499 1674 2563 τ’
1723 2501 1847 2584 ἐμοὶ
1893 2503 2278 2586 γεννήτορεςς

325 2627 429 2685 sed
484 2627 707 2686 versari
761 2644 871 2685 nos
925 2627 989 2685 in
1038 2626 1168 2685 loco
1224 2626 1502 2685 lacunoso
1555 2645 1631 2685 ex
1688 2627 1737 2682 Β
1792 2631 2070 2703 apparet,
2124 2628 2189 2686 in
2245 2645 2360 2702 quo
2417 2619 2471 2684 τ’
2531 2622 2656 2702 ἐμοὶ

326 2730 504 2770 manu
549 2711 807 2770 secunda
848 2711 1119 2785 additur,
1163 2709 1353 2786 quod,
1412 2713 1462 2769 si
1508 2712 1746 2786 quidem
1799 2712 2021 2789 legitur
2075 2713 2138 2771 in
2185 2712 2260 2782 0,
2321 2712 2658 2771 coniectura

326 2797 559 2855 illatum
613 2815 740 2855 esse
784 2799 943 2855 recte
999 2796 1331 2871 suspicatus
1386 2799 1476 2855 est
1530 2796 1959 2871 KirchhoffiuS,
2018 2797 2337 2857 dummodo
2392 2816 2469 2857 ne
2522 2817 2656 2856 eam

324 2900 525 2941 veram
573 2884 874 2956 putasset,
930 2899 1049 2956 qua
1092 2880 1352 2940 admissa
1395 2881 1665 2956 ineptum
1708 2882 1858 2940 illud
1911 2875 2081 2959 ἡμεῖς
2136 2885 2459 2959 retinetur,
2524 2902 2657 2942 cum

327 2985 445 3024 non
491 2965 564 3023 de
606 2985 669 3024 se
715 2965 818 3024 sed
874 2966 946 3024 de
989 2965 1112 3025 suis
1156 2966 1508 3040 parentibus
1564 2966 1891 3026 sollicitum
1946 2985 2076 3026 esse
2121 2967 2384 3028 chorum
2438 2972 2499 3025 et
2551 2987 2658 3043 per

325 3070 387 3110 se
431 3053 599 3126 patet
642 3052 703 3109 et
746 3069 1000 3125 sequens
1044 3069 1250 3110 versus
1281 3052 1598 3151 'ostendatz

727 3157 831 3245 ἆρ’
879 3166 1058 3234 εἰσίνς
1102 3156 1209 3241 ἆρ’
1256 3161 1368 3226 οὐκ
1412 3166 1550 3234 εἰσί;
1595 3166 1684 3240 τίς
1729 3163 2008 3248 φράσειεν
2051 3165 2160 3237 ἅν;

324 3306 463 3365 Νοιι
507 3306 635 3365 sine
679 3323 855 3364 causa
899 3305 1092 3382 ipsum
1125 3304 1441 3381 adscripsi:
1487 3309 1628 3365 ante
1661 3325 1793 3364 eum
1841 3306 1956 3366 dici
2000 3326 2120 3366 non
2166 3307 2450 3405 potuisse,
2496 3307 2656 3405 quood

326 3391 594 3450 Nauckio
637 3389 864 3467 placuit
907 3388 967 3448 τί
1014 3385 1075 3448 δ’
1143 3383 1347 3468 ἡμῶν
1405 3389 1607 3449 εἰσιν
1657 3388 1720 3447 οἱ
1766 3384 2145 3467 γεννήτορες,
2201 3393 2320 3450 iam
2375 3393 2506 3492 ipse
2564 3393 2658 3450 vir

326 3477 603 3553 egregius
656 3493 777 3534 non
835 3475 1100 3551 negabit
1176 3476 1526 3551 Euripidem
1576 3494 1717 3534 vero
1774 3476 2076 3552 scripsisse
2132 3474 2192 3534 τί
2245 3470 2304 3532 δ’
2360 3467 2539 3552 ἡμῖν
2590 3473 2663 3531 οἷ

326 3560 534 3633 φίλοι
577 3552 924 3638 γεννήτορες
970 3560 1192 3619 dudum
1237 3575 1681 3636 perspexeram,
1738 3579 1873 3619 cum
1915 3579 2036 3620 non
2081 3562 2210 3621 sine
2252 3561 2471 3639 gaudio
2502 3558 2655 3618 Rau-

326 3645 755 3705 chensteinium
794 3664 991 3704 meum
1037 3645 1381 3704 coniciendo
1437 3645 1497 3703 τί
1534 3639 1597 3703 δ’
1644 3638 1854 3721 ἡμῶν
1913 3645 2258 3720 φίλτατοι
2311 3640 2656 3722 γεννήτορες

328 3749 513 3807 paene
556 3749 788 3790 mecum
833 3730 1303 3790 consentientem
1346 3730 1571 3789 inveni.

366 3986 405 4044 d
498 3900 977 4046 Ωιέὶὸἔιιὶιῇἱίἰιιιε
1034 3899 1379 3978 argutisque
1430 3899 1611 3975 nugis
1656 3898 2007 3977 delectatur,
2065 3900 2423 3976 interpretes
2479 3898 2658 3959 adeat

328 4005 364 4044 a
449 4006 506 4050 v.

731 4088 941 4170 ξανθῷ·
984 4080 1039 4145 τ’
1088 4082 1261 4168 ἐλαίῳ
1306 4084 1475 4163 σῶμα
1522 4081 1634 4145 σὸν
1675 4083 2019 4165 κατασβέσω

327 4207 478 4266 miro
520 4208 792 4266 acumine
838 4207 1346 4282 domenati-antea,
1397 4206 1699 4281 quomodo
1729 4206 1862 4265 oleo
1891 4207 2088 4266 infuso
2117 4206 2486 4288 conflagrans
2528 4226 2654 4265 cor-

327 4311 438 4367 pus
483 4293 875 4369 exstingui
931 4295 1087 4352 recte
1132 4293 1381 4351 dicatur.
1459 4290 1547 4349 Ea
1603 4294 1939 4350 commenta
1994 4293 2095 4367 qui
2152 4310 2261 4351 suo
2315 4292 2440 4352 iure
2495 4292 2657 4350 ridet

331 4376 680 4454 Hartungus
723 4397 843 4437 non
889 4378 1079 4455 magis
1125 4381 1326 4436 tamen
1371 4375 1629 4434 feliciter
1685 4375 1801 4435 sibi
1845 4376 2162 4452 persuadet
2202 4394 2324 4435 non
2381 4377 2506 4454 igni
2552 4377 2654 4436 sed

328 4463 658 4522 calentibus
704 4462 1005 4522 cineribus
1035 4462 1452 4538 exstingudine
1482 4461 1781 4521 infussum
1824 4480 1952 4522 esse
1996 4463 2217 4538 oleum,
2264 4463 2359 4522 cui
2404 4463 2491 4521 rei
2522 4465 2654 4522 tan-
