3132 5129
1370 341 1830 405 —103—

418 496 560 556 locis
607 531 690 540 -
737 501 801 555 A
832 500 954 557 670
984 516 1132 573 sqq.,
1189 496 1263 556 Ψ
1288 498 1407 557 629
1442 516 1600 573 sqq.,
1648 499 1723 557 cf.
1758 497 1789 569 ξ
1817 499 1941 557 468
1973 518 2099 573 sqq.
2135 531 2213 540 —-
2247 503 2493 574 certant,
2540 519 2751 576 quam-

417 602 593 658 quam
640 602 719 641 ne
764 583 857 642 hic
899 582 1142 657 quidem
1190 601 1438 657 usquam
1483 583 1834 642 imitationis
1881 583 2097 642 desunt
2139 585 2416 659 vestigia.

589 668 762 738 Quod
820 667 1124 727 sollemnis
1184 668 1368 727 trium
1427 667 1672 726 deorum
1732 667 2026 727 invocatio
2081 669 2520 742 praemittitur,
2579 688 2751 728 nemo

423 752 817 828 vituperabit3
862 751 1021 826 quod
1052 753 1145 811 hic
1178 752 1415 827 quidem
1442 751 1655 826 Φειᾶς,
1699 753 1761 810 in
1792 748 2058 828 Odyssea
2092 771 2230 811 vero
2262 772 2294 809 ο
2319 753 2439 811 297
2472 754 2747 829 πληθυν-

417 843 594 905 τικῶς
636 834 831 906 Φεάς
890 837 1140 911 legitur,
1199 838 1318 895 iam
1374 837 1624 898 notabat
1680 837 2060 897 Aristarchus
2118 837 2397 897 similiter
2449 833 2753 913 Mvm'vnv

417 926 477 979 et
521 918 832 996 Μυκήνας
887 925 1118 982 variare
1180 922 1519 981 observans.
1612 920 1726 980 Sed
1788 922 1859 979 de
1905 921 2228 981 Celadonte
2271 925 2452 997 atque
2496 922 2595 983 Iar
2634 942 2749 981 ano

415 1037 499 1047 --
542 1007 647 1081 qui
691 1006 926 1080 quidem
958 1026 994 1082 γ
1028 1007 1147 1064 292
1195 1006 1402 1064 iisdem
1436 1007 1632 1065 verbis
1658 999 1969 1080 Ἰαρδάνου
1998 1000 2150 1081 ἀμφὶ
2182 1002 2403 1083 ῥέεθρα
2436 1011 2503 1066 ut
2530 1006 2747 1070 fluvius

417 1090 721 1150 Cretensis
752 1096 1114 1151 memoratur
1147 1123 1221 1132 —
1258 1095 1319 1150 et
1348 1091 1589 1150 omnino
1623 1091 1693 1149 de
1739 1092 2077 1150 certaminis
2121 1091 2343 1151 laudati
2389 1091 2518 1151 loco
2563 1111 2744 1167 quan-

415 1179 506 1232 tas
548 1175 985 1237 controversias
1029 1176 1355 1252 geographi
1397 1176 1629 1251 antiqui
1675 1176 2053 1250 agitaverint,
2102 1195 2170 1234 ex
2204 1177 2496 1235 Strabone
2539 1181 2746 1240 notum

413 1265 522 1334 est,
569 1261 672 1335 qui
721 1259 866 1318 VIII
914 1280 970 1334 p.
1019 1262 1139 1320 348
1187 1255 1421 1335 (LehrS.
1469 1260 1541 1319 de
1572 1259 1903 1320 Aristarchi
1950 1260 2151 1320 studd.
2200 1260 2470 1320 Homerr.
2502 1281 2562 1335 p.
2596 1260 2745 1337 248)

416 1344 712 1419 duplicem
767 1344 914 1403 adeo
970 1345 1339 1420 quorundam
1398 1345 1797 1403 coniecturam
1840 1376 1921 1386 —
1965 1337 2330 1402 Ἀκίδαντι
2390 1364 2498 1420 pro
2558 1343 2745 1403 Κελά-

416 1427 578 1486 δοντι
623 1433 684 1487 et
728 1426 937 1499 Χάας
981 1449 1091 1505 pro
1136 1429 1316 1498 Φειᾶς
1350 1463 1425 1471 -
1461 1434 1770 1488 memorat.
1838 1428 2081 1502 Vereor,
2127 1449 2202 1488 ne
2246 1431 2471 1489 frustra
2516 1430 2745 1489 labora-

413 1516 609 1572 verint
663 1514 990 1573 doctissimi
1046 1515 1315 1572 homines
1374 1514 1436 1572 in
1492 1514 1820 1587 imitatore,
1878 1515 1981 1589 qui
2033 1515 2372 1575 nominibus
2426 1534 2566 1574 usus
2619 1535 2746 1573 esse

411 1597 647 1657 videtur
690 1603 797 1657 aut
839 1605 976 1675 apte
1023 1599 1172 1657 fictis
1218 1602 1287 1656 ut
1317 1593 1623 1674 Κελᾰδων,
1668 1602 1775 1657 aut
1817 1599 2059 1658 aliunde
2108 1598 2439 1674 desumptis
2486 1605 2553 1657 ut
2592 1594 2741 1677 'qu-

410 1679 610 1754 δανος,
655 1684 729 1742 de
773 1685 949 1743 rebus
995 1688 1057 1741 et
1099 1684 1366 1758 personis
1412 1684 1555 1742 satis
1601 1702 1861 1742 securus.
1949 1683 2043 1742 Ita
2087 1685 2237 1743 bene
2284 1684 2553 1759 quidem,
2601 1703 2741 1760 quo-

407 1767 568 1826 niam
615 1768 835 1827 Nestor
883 1772 937 1824 A
968 1770 1089 1826 318
1122 1788 1209 1843 sq.
1257 1768 1518 1828 breviter
1560 1771 1835 1843 precatus
1881 1772 1973 1828 est

712 1919 794 1928 ——
838 1879 990 1961 μάλα
1035 1881 1145 1960 μέν
1188 1905 1293 1944 κεν
1337 1881 1491 1962 ἐγὼν
1536 1881 1796 1961 ἐθέλοιμι
1840 1882 1939 1942 καὶ
1983 1878 2161 1955 αὐτὸς

712 1965 794 2040 (ὃς
841 1968 996 2046 ἔμεν,
1042 1965 1124 2040 ὡς
1168 1965 1261 2028 ὅτε
1307 1968 1442 2028 δῖον
1479 1962 1926 2048 Ἐρευθαλίωνα
1972 1966 2281 2044 κατέκταν,

408 2089 478 2146 de
511 2089 773 2148 eiusdem
806 2088 1244 2148 Ereuthalionis
1290 2089 1466 2147 rebus
1511 2091 1685 2164 plura
1728 2089 1822 2147 hic
1868 2077 2169 2162 narravit,
2199 2089 2303 2148 sed
2348 2110 2416 2148 ea
2462 2091 2588 2165 ipsa
2619 2109 2740 2149 non

406 2173 772 2233 conveniunt
814 2193 948 2233 cum
997 2174 1060 2229 H
1091 2175 1318 2246 8—10,
1367 2174 1469 2232 ubi
1514 2173 1586 2232 de
1632 2172 1873 2232 Paride:

712 2285 844 2348 ενθ’
895 2287 1093 2366 ἑλέτην
1137 2286 1171 2349 ὃ
1212 2287 1323 2367 μὲν
1365 2284 1502 2349 υἱὸν
1540 2285 1973 2369 Ἀρηιθόου)
2016 2311 2350 2361 ανακτος

699 2373 888 2456 ’Ἄρνῃ
935 2369 1278 2434 ναιετάοντα
1328 2370 1770 2450 Μενέσθιον,
1752 2372 1826 2434 ὀν
1868 2372 2290 2452 κορυνήτης

707 2453 932 2538 γείνατ’
977 2454 1288 2539 Ἀρηίθοος
1334 2458 1433 2519 καὶ
1476 2457 1901 2534 Φυλομέδουσα
1945 2460 2194 2534 βοωπις.

407 2581 608 2656 Ipsum
637 2579 806 2637 illum
836 2580 1198 2657 clavigerum
1222 2581 1509 2639 Boeotum
1544 2601 1581 2638 a
1606 2600 1713 2639 nos
1688 2581 1853 2639 ‘³'tro
1839 2600 1898 2638 in
1937 2580 2221 2640 Arcadem
2249 2580 2734 2640 transformatum

404 2684 531 2723 esse
577 2684 750 2723 nemo
782 2665 1085 2724 dubitabit
1114 2666 1304 2723 libero
1336 2670 1396 2723 et
1425 2666 1776 2740 incorrupto
1822 2665 2040 2724 iudicio
2070 2685 2229 2724 usne.
2304 2666 2422 2723 Suo
2448 2665 2639 2741 igitur
2667 2686 2737 2724 ex

406 2767 569 2807 more
615 2754 772 2808 recte
819 2750 1017 2851 diplen
1063 2751 1322 2826 ponebat
1353 2749 1732 2809 Aristarchus
1777 2748 1840 2807 et
1878 2749 1974 2808 hic
2011 2746 2110 2825 [ad
2145 2744 2408 2828 v.138]
2431 2757 2493 2807 et
2537 2769 2734 2825 supra,

407 2854 498 2890 οτι
542 2825 714 2904 ουτος
759 2828 789 2890 ὁ
833 2826 1145 2910 Ἀρηίθοος
1187 2823 1397 2907 Ἀρκὰς
1443 2855 1532 2891 ων
1576 2827 1886 2908 ὁμωνυμός
1933 2830 2055 2891 ἐστι
2100 2840 2180 2915 τῷ
2213 2831 2472 2913 Βοιωτῷ,
2518 2836 2735 2893 rectius
2774 2855 2833 2900 19

404 2919 832 2978 recentioribus
877 2920 1334 2995 interpretibuS,
1392 2920 1491 2994 qui
1553 2925 1874 2993 utrumque
1918 2918 2269 2977 Areithoum
2315 2919 2563 2976 eundem
2610 2939 2770 2979 esse·

402 3004 515 3061 sibi
561 3004 922 3078 persuadent
966 3008 1306 3079 temporum
1353 3000 1692 3062 rationibus'
1731 3007 1931 3078 aperte
1977 3002 2472 3080 repugnantibus,
2547 3003 2735 3062 Nobis

366 3076 642 3162 ⁸quidem
699 3088 840 3146 haec
898 3090 1206 3147 nominum
1266 3090 1327 3146 in
1374 3089 1794 3147 diversissimis
1840 3088 2115 3146 heroibus
2161 3087 2470 3147 concordia
2513 3106 2733 3147 novum

402 3176 494 3230 est
551 3173 726 3247 idque
781 3174 1195 3249 gravissimum
1255 3173 1538 3230 indicium
1599 3172 1751 3230 hanc
1809 3173 2186 3248 rhapsodiam
2233 3175 2369 3245 post
2412 3171 2734 3231 Homiliam

402 3257 617 3315 factam
675 3276 831 3330 esse,
891 3262 960 3315 ut
1014 3258 1256 3316 omnino
1313 3257 1675 3332 homonyma
1719 3256 2033 3316 Homerica
2079 3257 2550 3316 efficacissimum
2599 3276 2733 3315 con-

402 3342 600 3401 tinent
655 3342 728 3399 ad
789 3342 1188 3417 dignoscenda
1244 3342 1481 3417 singula
1547 3343 1809 3400 carmina
1865 3343 2348 3401 instrumentum.
2436 3342 2518 3398 Et
2578 3342 2731 3404 haud

403 3427 550 3498 scio,
609 3445 686 3484 an
742 3427 921 3485 etiam
979 3428 1352 3502 epanalepsis
1405 3424 1540 3483 δίου
1603 3417 1944 3503 Ἀρηιθόοιο
2014 3427 2303 3502 originem
2361 3426 2609 3484 traxerit
2664 3446 2734 3483 ex

400 3512 527 3569 eius
572 3511 830 3569 nominis
877 3530 931 3570 v.
967 3514 1044 3571 10
1086 3506 1461 3587 r‘epetitione.

566 3595 636 3652 In
693 3596 935 3671 garrula
989 3596 1331 3655 narratione
1391 3597 1513 3653 iure
1560 3597 1790 3653 mireris
1837 3596 1909 3653 de
1958 3595 2224 3654 Areithoi
2271 3594 2439 3654 clava
2484 3596 2733 3653 interitu

398 3681 579 3739 armis
628 3680 1102 3755 quattuordecim
1148 3681 1419 3740 versibus
1463 3681 1592 3756 agi,
1667 3680 2053 3738 Ereuthalion
2125 3680 2421 3754 quomodo
2486 3683 2549 3736 et
2607 3680 2732 3736 eius

400 3767 581 3823 armis
625 3767 985 3840 pugnaverit
1029 3768 1091 3824 et
1117 3764 1356 3823 Nestori
1400 3765 1786 3823 nihilominus
1827 3764 2191 3836 occubuerit,
2242 3782 2482 3839 prorsus
2526 3764 2729 3834 taceri,

400 3853 469 3906 nt
512 3869 586 3908 ne
635 3850 745 3908 hoc
786 3850 1059 3925 quidem,
1118 3854 1317 3907 utrum
1378 3849 1438 3907 in
1495 3849 1769 3908 sollemni
1814 3849 2226 3908 monomachia
2268 3868 2344 3906 an
2390 3848 2450 3906 in
2494 3867 2730 3922 pugnae

396 3936 657 3992 tumultu
721 3934 1071 3993 interfectus
1129 3936 1236 4006 sit,
1294 3938 1601 4009 appareat.
1703 3932 1984 4009 Singula,
2052 3934 2266 4008 quibus
2328 3933 2729 3990 narrationem

394 4020 725 4090 exornavit,
772 4038 891 4077 non
922 4019 1077 4077 male
1108 4019 1306 4095 elegit.
1380 4013 1642 4086 Ἰσόθεος
1687 4014 1817 4091 φώς
1864 4021 2006 4075 nota
2052 4017 2314 4076 clausula
2356 4017 2451 4076 hic
2490 4035 2729 4092 quoque

396 4102 678 4178 quadrat3
725 4104 904 4162 etiam
949 4104 1127 4162 aliam
1174 4137 1252 4146 -
1297 4099 1400 4159 τὸν
1445 4099 1753 4176 ἐπίκλησιν
1797 4097 2111 4159 καλέουσιν
2144 4134 2216 4143 -
2254 4102 2465 4160 melius
2510 4103 2728 4159 nudam

394 4188 817 4259 transtulisset,
868 4208 1047 4264 quam
1092 4208 1161 4246 ex
1208 4189 1271 4245 Ω,
1304 4190 1444 4260 698,
1493 4199 1544 4257 ψ
1582 4189 1718 4259 147,
1768 4188 1991 4262 hymno
2025 4187 2221 4262 Apoll.
2258 4186 2389 4244 Del.
2434 4188 2551 4244 154
2596 4187 2728 4245 sub·

395 4274 544 4330 iecto
588 4274 854 4332 auxisset
896 4273 990 4331 hic
1034 4274 1276 4349 quidem
1323 4273 1527 4347 inepto

693 4386 914 4468 ἄνδρες
959 4389 1280 4465 κίκλησκον
1323 4386 1764 4462 καλλίζωνοί
1806 4409 1874 4477 τε
1920 4393 2323 4466 γυναῖκες,
