3132 5129
1319 407 1741 471 -79-

355 565 775 640 quaternariae
822 564 1130 637 desinunt,
1188 584 1443 640 quarum
1490 563 1636 622 duas
1680 565 1963 624 habemus
2009 567 2070 623 in
2114 565 2275 625 Iovis
2319 569 2692 628 cavillatione

356 651 586 723 9-12,
613 678 625 689 ·
652 651 931 721 13—16,
981 670 1158 708 unam
1206 651 1266 708 in
1297 649 1545 708 Iunonis
1576 668 1861 725 responso
1895 650 2177 725 25—28,
2224 651 2368 711 duas
2413 653 2475 712 in
2505 655 2693 712 altera

354 733 512 794 Iovis
568 735 843 808 40—-43,
925 736 1208 809 44-47,
1278 734 1424 793 duas
1481 733 1693 793 itidem
1761 736 1823 792 in
1879 734 2068 793 altera
2120 736 2366 796 Iunonis
2421 740 2692 798 oratione

355 821 630 892 51-54,
689 821 974 891 58-61,
1032 820 1178 879 duas
1234 820 1299 878 in
1344 818 1649 878 Minervae
1694 820 2108 879 adhortatione
2154 823 2422 897 93—96,
2487 826 2692 883 100—

358 905 508 976 103,
555 923 737 962 unam
781 908 941 962 certe
995 908 1224 963 remoto
1274 906 1393 962 159
1441 905 1502 961 in
1547 903 2020 979 Agamemnonis
2064 907 2302 980 querela
2337 909 2688 981 155—158,

355 991 521 1047 cuius
567 990 633 1047 in
677 989 869 1047 altera
910 989 1252 1048 recensione
1308 989 1467 1064 quod
1522 988 1772 1065 fingitur
1826 990 2066 1048 Troiani
2120 991 2498 1067 gloriabundi
2555 1012 2689 1052 con-

358 1074 576 1132 vicium
624 1074 835 1132 itidem
880 1078 1165 1149 quattuor
1196 1074 1465 1134 versibus
1502 1074 1826 1133 178-181
1876 1076 2245 1148 continetur,
2293 1080 2364 1135 ut
2391 1081 2690 1153 postremo

355 1162 419 1216 et
461 1158 719 1217 Menelai
774 1160 1101 1218 consolatio
1150 1160 1481 1217 184-187
1540 1163 1604 1216 et
1661 1159 1965 1235 Talthybii
2022 1159 2096 1217 ad
2153 1161 2539 1222 Machaonem
2595 1183 2688 1222 ex-

358 1243 617 1302 hortatio
663 1245 998 1302 204—207
1020 1244 1301 1320 ,singulis
1346 1243 1608 1319 strophis
1653 1248 1947 1304 constant.

526 1329 684 1399 Quid
737 1329 897 1404 quod
954 1329 1132 1387 etiam
1188 1330 1247 1387 in
1305 1329 1783 1389 narrationis
1841 1330 2123 1389 continuo
2182 1333 2388 1390 tenore
2444 1333 2691 1392 eandem

355 1413 551 1489 legem
594 1414 788 1472 multo
834 1415 1065 1489 saepius
1125 1414 1501 1473 observatam
1558 1433 1738 1488 quam
1783 1416 2116 1492 neglectam
2173 1416 2471 1491 videmus,
2529 1422 2598 1477 ut
2645 1419 2703 1473 Γ

354 1498 628 1560 23-26.
679 1500 1035 1567 259-262.
1097 1499 1454 1558 263—266.
1512 1499 1870 1559 267—270.
1927 1501 2281 1557 271—274.
2332 1504 2688 1562 310-313.

353 1584 712 1641 314—317.
758 1584 1115 1642 324—327.
1162 1585 1517 1642 328—331.
1553 1584 1910 1643 332—335.
1946 1585 2301 1643 336-339.
2334 1587 2686 1645 340-343.

354 1668 714 1726 344-347.
763 1669 1118 1727 357—360.
1168 1669 1523 1727 361—364.
1556 1669 1912 1727 369—372.
1947 1669 2300 1729 373—376.
2334 1673 2688 1731 377—380.

354 1753 728 1811 381—384.
774 1754 1133 1811 385—388.
1193 1754 1549 1812 395—398.
1613 1755 1968 1812 424-427,
2031 1754 2397 1829 451—-4543
2456 1759 2584 1816 tum
2635 1761 2689 1812 A

358 1839 543 1894 1—4.
612 1838 798 1895 5—8.
868 1838 1137 1896 75—78.
1209 1838 1482 1898 85-88.
1553 1838 1826 1896 89—92.
1902 1840 2251 1898 105—108.
2338 1843 2687 1903 112—115.

358 1924 714 1981 118—121.
766 1924 1116 1981 130-134.
1172 1923 1523 1982 135—138.
1560 1924 1912 1982 151—154.
1951 1925 2299 1983 199—202.
2334 1927 2686 1985 209-212.

524 2091 687 2151 Haec
730 2092 934 2151 omnia
962 2112 1114 2168 quae
1144 2092 1439 2151 cumulavi
1471 2092 1849 2167 stropharum
1878 2095 2386 2169 quaternariamm
2422 2096 2688 2172 exempla

303 2176 324 2192 ⁶
357 2177 544 2236 inscio
588 2182 770 2251 atque
814 2178 1003 2237 invito
1034 2181 1239 2236 nostro
1269 2181 1480 2252 poetae
1508 2178 1796 2237 excidisse
1827 2179 1929 2253 qui
1962 2179 2295 2254 putaverit,
2343 2200 2466 2239 rem
2497 2183 2687 2239 multo

360 2261 905 2337 improbabiliorem
953 2263 1143 2337 primo
1189 2263 1468 2338 adspectu
1525 2263 1640 2321 sibi
1684 2264 2039 2336 persuadere
2082 2262 2348 2338 videtur,
2409 2286 2586 2341 quam
2637 2267 2685 2325 si

354 2347 490 2420 quis
533 2350 761 2405 ceteras
809 2347 987 2405 etiam
1033 2348 1312 2406 carminis
1368 2349 1566 2422 partes
1613 2348 1674 2405 in
1719 2349 1966 2407 eandem
2010 2348 2390 2423 stropharum
2436 2352 2686 2409 sormam

356 2432 755 2491 restituendas
822 2432 1164 2493 arbitretur.
1255 2432 1336 2490 Et
1389 2432 1714 2491 nonnullae
1785 2452 1927 2492 sane
1989 2432 2265 2531 strophae
2321 2437 2467 2494 satis
2524 2436 2684 2494 facili

356 2518 597 2593 negotio
641 2518 907 2577 revocari
951 2520 1194 2593 possent
1223 2518 1494 2578 versibus
1526 2517 1756 2592 deletis,
1813 2518 1916 2594 qui
1962 2519 2011 2578 si
2057 2518 2332 2579 deessent
2374 2541 2409 2578 a
2450 2522 2685 2580 nemine

358 2602 869 2675 desiderarentur,
915 2609 984 2661 ut
1030 2603 1188 2661 1⁷75
1223 2599 1437 2679 ’Ἀργος
1484 2635 1600 2676 -,
1660 2604 1782 2662 389
1830 2611 1902 2684 τῇ
1944 2624 2050 2679 μιν
2097 2636 2210 2699 -,
2272 2607 2393 2664 394
2440 2600 2680 2682 ἔρχεσθ’

360 2718 437 2729 ——
452 2688 642 2761 ,436
686 2681 1002 2764 ἀφραδέως
1048 2720 1128 2730 -
1143 2689 1332 2762 ,445
1380 2684 1543 2785 νήσω
1593 2709 1697 2752 -;
1762 2692 1817 2744 Δ
1861 2689 1941 2747 29
1998 2678 2120 2766 ἔρδ’
2170 2719 2283 2765 —,
2333 2692 2451 2749 145
2496 2683 2682 2767 ἆμφό-

360 2791 526 2848 τερον
561 2804 632 2814 -
654 2773 842 2846 1,94
887 2767 1043 2843 φῶτ’
1082 2792 1189 2836 -;
1232 2791 1370 2846 nec,
1418 2772 1467 2830 si
1514 2773 1822 2848 ingeniose
1861 2774 2161 2833 temerarii
2206 2793 2333 2834 esse
2376 2776 2702 2850 vellemus(

361 2857 477 2915 alia
529 2858 674 2916 alibi
731 2857 994 2916 remedia
1036 2876 1144 2916 nos
1189 2858 1481 2934 fugerent.
1572 2857 1799 2916 Verum
1857 2859 2016 2918 enim
2081 2877 2222 2918 vero
2294 2860 2401 2918 hac
2458 2861 2556 2921 via
2609 2881 2684 2919 ne

356 2942 612 3017 amplius
656 2942 915 3018 grassari
958 2942 1276 3002 audeamus
1333 2943 1644 3003 verissima
1687 2941 1857 3001 abusi
1902 2944 2344 3017 observatione,
2404 2945 2521 3003 alia
2562 2965 2686 3005 non

356 3027 552 3086 minus
597 3030 761 3086 certa
803 3028 1083 3086 admonet
1137 3028 1504 3100 observatio,
1563 3047 1681 3103 qua
1721 3028 1905 3085 etiam
1949 3030 2177 3087 ceteros
2239 3030 2517 3089 carminis
2560 3050 2684 3090 ver·

358 3131 458 3170 sus
503 3112 626 3170 sere
670 3115 934 3171 ternos
979 3113 1313 3171 sententiae
1344 3131 1648 3187 nexusque
1693 3113 1924 3171 unitate
1970 3113 2350 3173 cohaerentes
2395 3115 2683 3174 videmus,

357 3226 433 3238 ·-·
481 3194 667 3255 Cuius
711 3199 797 3256 rei
842 3197 1377 3256 luculentissimum
1424 3198 1762 3272 exemplum
1807 3197 1967 3256 Idaei
2013 3198 2282 3257 oratione
2326 3201 2681 3272 continetur,

356 3300 504 3355 quae
571 3281 766 3340 tribus
832 3285 1137 3341 ternorum
1203 3301 1481 3341 versuum
1549 3282 1810 3357 strophis
1882 3285 2144 3341 constat:
2216 3283 2274 3338 Γ
2331 3285 2682 3359 250—252,

358 3367 712 3436 253-255‚
760 3368 1112 3428 256—258.
1186 3365 1300 3424 Sed
1345 3370 1652 3440 praeterea
1695 3366 1840 3425 mihi
1884 3367 1990 3427 has
2033 3368 2170 3427 vide
2215 3370 2502 3429 ternarias
2534 3372 2678 3429 stro·

354 3450 530 3524 phas:
580 3451 637 3505 1'
674 3450 948 3509 43—45.
997 3452 1270 3510 92—-94.
1318 3453 1670 3511 105—107.
1704 3452 2057 3511 292—294.
2093 3455 2445 3515 295—297.
2477 3457 2683 3513 348—

355 3535 496 3594 350.
576 3536 933 3595 403-405.
1014 3537 1365 3595 410—412.
1444 3537 1799 3595 418—420.
1876 3537 2245 3612 421—4233
2308 3539 2364 3593 A
2412 3541 2678 3598 17—19.

357 3621 629 3678 31-33,
696 3621 965 3682 34—36.
1032 3622 1301 3682 37—39.
1373 3621 1644 3680 70—72.
1733 3622 1998 3680 79—81.
2071 3623 2344 3680 82—84.
2412 3625 2682 3682 97—99.

361 3706 720 3763 109—111.
772 3706 1126 3765 124—126.
1163 3706 1518 3765 148—150.
1559 3707 1908 3766 160—162.
1944 3707 2295 3770 166—168.
2334 3709 2682 3766 189—191.

356 3790 714 3848 217—219.
764 3790 1119 3848 220—222.

524 3874 609 3932 Et
650 3874 700 3933 si
746 3874 865 3932 iam
910 3874 981 3932 ad
1027 3875 1424 3949 septimum
1484 3894 1774 3934 carmen
1826 3876 2188 3951 accedimus,
2246 3877 2437 3952 primo
2483 3878 2685 3936 statim

355 3957 641 4034 adspectu
683 3959 900 4016 mirum
943 3959 1185 4034 accidit,
1231 3961 1391 4035 quod
1436 3960 1541 4018 illa
1582 3979 1790 4019 senum
1823 3961 2211 4021 Troianorum
2256 3962 2685 4020 admirabunda

354 4044 734 4116 exclamatio,
780 4062 956 4118 quam
1000 4064 1183 4120 supra
1225 4064 1285 4120 p.
1337 4048 1417 4104 10
1470 4045 1670 4104 ieiuno
1728 4046 2217 4105 contaminatoris
2278 4046 2685 4106 additamento

354 4127 760 4202 liberavimus,
806 4147 928 4188 non
974 4130 1163 4189 solum
1209 4131 1398 4189 ternis
1447 4132 1781 4190 156—158
1828 4131 2088 4190 decurrit
2129 4132 2416 4203 vei-sibuS,
2464 4132 2568 4191 sed
2612 4132 2684 4191 iis

355 4216 473 4271 tam
519 4214 829 4291 ingeniose
872 4215 1244 4289 compositis,
1303 4218 1373 4272 ut
1417 4234 1620 4274 eorum
1665 4234 1771 4290 pro
1817 4216 1994 4274 libitu
2038 4215 2187 4274 ordo
2231 4216 2453 4275 mutari
2483 4220 2682 4292 queat,

353 4298 425 4357 de
488 4318 611 4374 quo
668 4298 919 4358 artificio
984 4301 1101 4358 iam
1165 4300 1603 4359 admonuerunt
1656 4300 1906 4359 scholia:
1978 4298 2335 4377 τρίγωνον
2397 4298 2464 4359 δὲ
2529 4298 2683 4359 ἐπί-

352 4404 642 4460 γραμμα
687 4389 917 4460 πρῶτος
947 4380 1210 4461 ’Ὄμηρος
1254 4381 1510 4463 γέγραφε
1555 4380 1621 4443 τὸ
1666 4377 1761 4458 ,οὗ
1807 4379 2034 4461 νέμεσις
2085 4386 2346 4462 Τρῶαςί·
2392 4379 2505 4461 ἀφ’
2552 4383 2685 4444 οἴου

350 4490 464 4546 γαρ
506 4467 711 4544 στίχου
757 4475 879 4526 τῶν
920 4476 1102 4541 τριῶν
1143 4464 1498 4549 ἆρξωμεθα,
1550 4462 1901 4548 ἀδιάφορον.
1978 4469 2061 4528 Et
2105 4472 2284 4531 simili
2330 4490 2686 4546 quamquam

2723 3886 2783 3934 15
