3132 5129
1240 374 1696 437 —361-

303 531 602 600 Γυναῖκες
647 532 845 589 autem
891 529 1170 590 videntur
1214 531 1396 591 fuisse
1443 549 1594 606 quae
1639 530 1881 589 choreas
1926 531 2206 590 iuvenum
2253 532 2313 589 et
2341 531 2640 608 virginum

306 617 686 692 spectabant,
733 634 852 674 non
896 615 1060 690 ipsae
1104 615 1371 692 virgines
1413 634 1564 691 quae
1611 615 1930 675 saltabant.

469 701 671 761 Etiam
717 720 773 758 v.
809 701 961 775 333,
1017 700 1120 759 ubi
1178 720 1248 759 ex
1307 699 1721 761 Rhodomanni
1778 701 2078 759 sententia
2133 702 2342 759 contra
2396 701 2535 760 Ald.
2582 705 2643 761 et

301 785 473 846 codd.
505 782 612 863 ἔβη
655 786 717 843 in
761 780 910 861 ἔβαν
951 787 1287 861 mutarunt,
1333 786 1629 846 obtexisse
1671 805 1791 846 non
1824 804 2061 845 sanasse
2091 786 2309 846 vulnus
2340 787 2640 845 videntur.

301 871 544 930 Etenim
601 870 952 930 inconcinna
1011 871 1246 929 exsistit
1299 874 1362 930 et
1404 871 1554 930 mira
1609 871 1752 929 haec
1797 871 2199 930 membrorum
2247 872 2637 930 consociatio:

301 957 596 1015 Aiacem
651 955 738 1015 ad
792 973 1016 1014 naves
1071 956 1258 1014 socii
1313 956 1838 1032 perduxerunt
1892 956 2247 1015 invitum:
2306 958 2383 1014 at
2434 960 2641 1032 post-

300 1060 512 1117 quam
565 1039 649 1099 ad
709 1058 929 1099 naves
985 1040 1340 1100 abierunt
1392 1041 1670 1101 Achivi
1728 1059 1944 1100 cenae
2002 1042 2073 1100 et
2129 1042 2359 1100 somni
2404 1040 2638 1115 avidi,

300 1129 453 1185 tum
517 1144 691 1185 vero
764 1123 1023 1184 Thetis
1086 1126 1164 1184 in
1226 1144 1426 1185 mare
1491 1125 1749 1185 rediit.
1857 1126 2069 1184 Potius
2131 1124 2273 1184 haec
2334 1125 2418 1185 ita
2486 1125 2640 1185 fere

304 1211 510 1271 iuncta
552 1212 756 1269 erant:

553 1304 715 1369 Ἀλλ’
763 1305 858 1369 ὅτε
903 1308 980 1387 δὴ
1024 1308 1167 1388 μετὰ
1212 1318 1366 1387 νῆας
1412 1307 1518 1389 ἔβη
1560 1305 1662 1370 καὶ
1706 1302 1934 1389 ἇτειρέα
1979 1306 2234 1386 πόντον,

557 1385 859 1474 <ὃὴτότ’
899 1392 1074 1455 ἴσαν
1104 1393 1555 1498 σφετέρῃσιν
1589 1392 2502 1500 ἕπὶκλισίῃσικαὶᾶλλοι)
2680 1405 2744 1453 14

550 1476 618 1539 Ἀ
694 1484 801 1539 εῖοι
845 1477 1091 1553 δόρποιο
1131 1476 1411 1559 μεμαότες
1456 1475 1563 1556 ἠδὲ
1608 1478 1710 1540 καὶ
1755 1477 1985 1548 ὕπνου·

439 1638 454 1648 .
555 1502 784 1624 τώγ’
720 1557 842 1623 τότ’
889 1561 1006 1623 ἔσω
1046 1563 1324 1645 μεγάλοιο
1371 1562 1540 1639 Θέτις
1584 1555 1935 1626 κατεδυσετο
1977 1564 2219 1627 πόντου.

305 1690 676 1763 Quamquam
719 1687 900 1746 etiam
940 1690 1119 1763 post
1161 1707 1219 1748 v.
1252 1688 1374 1747 334
1421 1687 1634 1747 lacuna
1675 1706 1804 1747 esse
1848 1689 2065 1764 potest.

470 1772 664 1831 Venio
720 1770 795 1830 ad
851 1774 1140 1830 sextum
1195 1773 1495 1831 librum.
1584 1772 1677 1832 Ibi
1734 1777 1876 1849 post
1917 1792 1970 1833 v.
2005 1774 2084 1832 37
2137 1773 2406 1833 lacunam
2452 1772 2641 1833 videri

302 1858 422 1918 dixi
467 1858 530 1917 in
587 1856 909 1917 emendatt.
955 1877 1015 1932 p.
1049 1856 1191 1919 274.
1285 1858 1473 1929 Quam
1530 1857 1870 1933 opinionem
1925 1858 2160 1918 firmare
2214 1861 2481 1935 poteram
2539 1858 2638 1917 ad-

305 1944 541 2019 scriptis
586 1941 969 2017 comparandi
1013 1943 1208 2016 gratia
1251 1942 1396 2001 locis
1440 1942 1498 2018 I,
1548 1944 1752 2002 736-
1761 1944 1901 2002 738.
1948 1942 2022 2018 V,
2072 1945 2193 2002 574
2219 1963 2306 2020 sq.
2397 1946 2639 2003 Monere

302 2029 484 2089 etiam
531 2027 814 2086 debebam
862 2026 1298 2086 emendandum
1341 2046 1468 2087 esse
1512 2019 1587 2085 οὐ
1630 2018 1741 2105 γάρ
1786 2047 1894 2084 πω
1937 2023 2147 2104 ζήλοιο.

478 2111 710 2171 Deinde
753 2130 876 2171 non
919 2111 1068 2170 satis
1112 2112 1427 2171 cohaerent
1468 2112 1615 2172 haec
1658 2132 1717 2173 v.
1750 2113 1830 2170 44
1856 2132 1963 2188 sq.,
2010 2114 2227 2188 quibus
2267 2113 2468 2173 verbis
2498 2112 2638 2172 Dio-

304 2198 548 2259 medes
533 2215 596 2257 1u
628 2196 964 2257 Menelaum
1008 2196 1313 2256 invehitur
1358 2197 1459 2273 qui
1504 2217 1565 2258 se
1599 2197 1671 2257 de
1703 2196 1899 2258 reditu
1929 2199 2193 2276 cogitare
2225 2198 2637 2259 simulaverat:

557 2307 704 2373 ἀλλά
749 2331 841 2373 σοι
885 2308 956 2373 οὐ
1001 2313 1309 2374 πείσονται
1347 2308 1605 2391 Ἀχαιῶν
1647 2311 1924 2391 φέρτατοι
1967 2307 2128 2388 υἷες,

560 2397 709 2477 πρὶν
758 2397 975 2478 Τροίης
1019 2393 1321 2478 κρήδεμνα
1363 2395 1499 2457 ποτὶ
1545 2394 1742 2477 χθόνα
1784 2394 1980 2459 πάντα
2023 2397 2334 2477 βαλέσθαι.

239 2506 248 2513 ’
305 2523 460 2581 Nam
502 2520 647 2580 haec
690 2521 779 2579 ita
836 2520 1223 2597 intellegere:
1279 2520 1430 2597 „tibi
1485 2539 1608 2581 non
1666 2519 1983 2581 oboedient
2025 2521 2238 2582 Achivi
2283 2540 2391 2581 nec
2433 2522 2495 2582 in
2540 2541 2641 2599 pa-

305 2607 482 2667 triam
526 2605 827 2680 redibunt,
872 2608 1192 2682 antequam
1222 2606 1460 2665 Troiam
1502 2607 1845 2681 everterint,
1854 2605 1888 2635 “
1935 2606 1994 2665 id
2024 2625 2167 2666 vero
2196 2608 2373 2666 nimis
2405 2608 2643 2667 videtur

305 2691 552 2765 obscure
596 2691 997 2751 enuntiatum.
1070 2690 1280 2750 Potius
1324 2693 1463 2766 post
1491 2711 1546 2750 v.
1575 2691 1655 2747 44
1702 2690 1819 2751 tale
1863 2692 2009 2767 quid
2055 2692 2337 2753 excidisse
2368 2693 2635 2752 videtur:

555 2803 749 2890 <αλλ’
799 2804 1014 2868 ουπο)
1057 2800 1474 2869 παύσονται
1518 2805 1637 2868 ἐπὶ
1685 2801 2006 2888 Τρωεσσι
2047 2805 2494 2890 μάχεσθαι,>

556 2892 698 2973 πριν
748 2893 959 2972 Τροίης
1005 2898 1119 2955 etc.

303 3015 396 3076 Cf.
443 3016 563 3090 XI,
609 3016 733 3074 435
773 3007 1071 3091 Ἀργείους
1129 3009 1356 3074 ἐκέλευε
1409 3010 1571 3092 παρα
1615 3013 1796 3073 κλυτὰ
1842 3011 2030 3098 τείχεα
2077 3012 2293 3094 Τροίης
2330 3011 2342 3098 Ι
2378 3011 2638 3094 μίμνειν,

299 3121 438 3179 αχρι
481 3093 681 3177 πόληα
731 3133 802 3142 -
852 3095 1046 3158 ἕλωσι.

472 3185 694 3247 Eodem
742 3185 895 3244 libro
925 3187 1064 3261 post
1093 3205 1149 3244 v.
1183 3186 1262 3244 53
1301 3217 1372 3227 —
1408 3180 1510 3243 καὶ
1555 3179 1800 3244 δεῖπνον
1845 3181 2324 3260 ἐφοπλίσσασθαι
2366 3183 2637 3257 απαντας

302 3270 521 3332 collato
566 3271 669 3347 IX,
719 3270 841 3330 534
887 3269 1066 3329 talem
1114 3290 1151 3329 a
1194 3289 1288 3330 me
1332 3269 1655 3329 desiderari
1699 3289 1970 3330 versum:

556 3381 855 3493 (αὐτοῖς
886 3357 997 3492 0126:
1045 3386 1423 3466 ἵπποισιν,
1451 3410 1492 3447 α
1466 3383 1649 3465 ’Ὂην
1677 3384 1754 3447 δὲ
1782 3385 2177 3449 πάσασθαι
2212 3384 2534 3470 ἐδωδὴν)

556 3469 772 3553 ἆνέρας
812 3466 888 3551 ἠδ
965 3471 1189 3545 ἵππους
1235 3477 1347 3535 etc.

302 3597 419 3654 iam
474 3593 632 3671 apud
687 3593 1094 3652 Hermannum
1138 3594 1180 3652 l.
1214 3612 1264 3654 c.
1295 3614 1355 3670 p.
1390 3595 1515 3653 260
1557 3593 1937 3672 adnotatum,
1999 3615 2176 3672 quem
2231 3614 2459 3654 meeum
2505 3613 2637 3654 con-

306 3679 523 3739 sentire
569 3678 818 3756 gaudeo.

467 3765 653 3824 Paulo
712 3767 848 3840 post
900 3784 954 3827 v.
985 3765 1066 3823 83
1126 3763 1306 3825 etiam
1361 3783 1486 3824 esse
1546 3729 1816 3825 lacunam
1878 3768 2046 3825 acute
2099 3766 2217 3824 iam
2261 3763 2637 3824 Rhodoman·

301 3869 414 3910 nus
451 3849 823 3926 observavit,
873 3849 976 3926 qui
1006 3851 1162 3909 hunc
1190 3850 1315 3909 fere
1346 3869 1583 3910 versum
1616 3849 1886 3911 additum
1919 3850 2101 3911 fuisse
2133 3870 2168 3910 a
2198 3852 2376 3927 poeta
2404 3853 2635 3910 monet:

557 4000 640 4012 --
726 4000 811 4012 —
898 4005 975 4014 —
1066 3965 1193 4028 ἐπεὶ
1235 3973 1538 4072 κρατεροῖο
1583 3968 1796 4046 τοκῆος

555 4049 843 4130 έλπομένη
886 4050 1037 4114 κατὰ
1083 4050 1289 4131 θυμὸν
1330 4047 1543 4133 ἆρήιον
1561 4050 1834 4153 ἔμμεναι
1879 4043 1984 4112 υἷα

553 4136 861 4218 (δείδιε,
905 4136 1000 4216 μὴ
1044 4134 1500 4221 σφετέρῃσιν
1542 4127 2039 4219 αγηνορίῃσιν
2081 4132 2483 4217 οληται.>

303 4260 553 4320 Obtexit
594 4277 726 4318 eam
771 4260 1042 4320 lacunam
1087 4260 1481 4338 Tychsenius,
1527 4260 1631 4336 qui
1676 4279 1707 4318 e
1750 4278 1858 4319 sua
1900 4259 2237 4318 coniectura
2280 4257 2496 4318 edidit.

557 4393 636 4402 —
736 4396 807 4404 —
894 4391 980 4403 —
1063 4394 1148 4405 —·
1234 4357 1360 4421 ἐπεὶ
1405 4363 1713 4463 κρατεροῖο
1758 4364 1968 4436 τοκῆος

555 4440 814 4520 ἔλπομ’
863 4440 1045 4523 ἐμὸν
1090 4443 1239 4507 κατὰ
1284 4437 1492 4524 θυμυν
1533 4440 1749 4526 αρήιον
1795 4441 2041 4523 ἔμμεναι
2083 4436 2206 4503 υἷα.
