3132 5129
1365 1307 1617 1395 XXV.

332 1498 892 1571 Emendationum
939 1500 1013 1570 in
1051 1499 1397 1590 Euripidis
1436 1498 1858 1590 Iphigeniam
1892 1497 2245 1570 Tauricam
2291 1516 2449 1590 pars
2486 1493 2635 1594 11¹).

501 1669 745 1731 Orestes
799 1673 1118 1748 postquam
1171 1671 1439 1748 longiore
1482 1671 1852 1747 narratione,
1909 1689 2061 1747 quae
2103 1673 2242 1747 post
2285 1672 2495 1731 matris
2541 1689 2663 1730 cae·
2687 1680 2718 1727 3

332 1755 466 1814 dem
513 1756 587 1814 ad
638 1775 918 1831 praesens
973 1776 1159 1833 usque
1215 1759 1454 1832 tempus
1497 1756 1611 1815 sibi
1638 1755 2014 1832 acciderint,
2073 1756 2312 1833 agnitae
2367 1757 2558 1815 sorori
2604 1775 2659 1815 v.

333 1841 667 1901 940—978
713 1841 1013 1918 exposuit,
1071 1845 1265 1901 totam
1309 1840 1401 1899 his
1444 1841 1719 1913 precibus
1764 1840 2064 1900 concludit
2108 1840 2460 1901 orationem:

818 1953 950 2018 ἀλλ’
995 1955 1188 2036 ἥνπερ
1229 1953 1378 2036 ἡμῖν
1420 1954 1637 2037 ὥρισεν
1681 1957 2009 2058 σωτηρίαν,

585 2053 686 2101 980
739 2038 1111 2123 σύμπραξον.
1153 2039 1235 2120 ἢν
1275 2040 1388 2123 γὰρ
1430 2042 1582 2115 θεᾶς
1624 2037 2016 2120 κατάσχωμεν
2056 2040 2286 2123 βρέτας,

736 2128 971 2206 μανιῶν
1015 2149 1072 2187 τε
1117 2122 1277 2206 λήξω
1318 2127 1421 2188 και
1465 2124 1531 2187 σὲ
1573 2127 1913 2210 πολυκωπῳ
1955 2126 2171 2204 σκάφει

738 2213 969 2285 στείλας
1016 2211 1352 2316 Μυκήναις
1397 2210 1808 2291 ἐγκαταστήσω
1851 2188 2054 2273 πάλιν.

735 2287 891 2371 ἄλλ’,
935 2289 985 2357 ὦ
1026 2290 1370 2375 φιληθεῖσᾎ
1414 2288 1464 2357 ὦ
1509 2297 1869 2377 κασίγνητον
1905 2296 2089 2399 κάρα,

738 2391 939 2442 σῶσον
980 2390 1264 2486 πατρῳον
1306 2375 1505 2458 οἶκον,
1559 2379 1822 2442 ἔκσωσον
1864 2374 1923 2441 δ’
1972 2379 2097 2459 ἐμέ·

490 2517 506 2532 ,
587 2475 688 2525 985
744 2462 827 2540 ὥς
871 2460 1008 2544 ταμ’
1056 2464 1242 2527 ὄλωλε
1283 2487 1481 2527 παντα
1523 2465 1628 2526 καὶ
1669 2465 1739 2526 τὰ
1786 2464 2171 2543 Πελοπιδῶν,

735 2548 1025 2632 οὐράνιον
1071 2550 1129 2613 εἰ
1164 2550 1248 2631 μὴ
1292 2548 1652 2631 ληψόμεσθα
1694 2555 1849 2624 θεοῖς
1890 2549 2120 2633 βρέτας.

335 2672 563 2732 Harum
616 2691 859 2748 precum
913 2673 1215 2733 cardinem
1274 2674 1336 2732 in
1391 2691 1457 2733 eo
1500 2675 1725 2734 versari
1768 2676 1962 2750 patet,
2019 2674 2178 2749 quod
2226 2671 2467 2733 Orestes
2506 2672 2661 2749 Iphi·

332 2759 598 2833 geniam,
667 2760 737 2816 ut
815 2777 878 2817 se
946 2760 1007 2817 in
1076 2757 1220 2817 deae
1289 2758 1605 2818 simulacro
1675 2759 1995 2818 auferendo
2069 2759 2343 2834 adiuvet,
2407 2777 2525 2834 qua
2600 2778 2664 2817 re

336 2842 530 2900 omnis
576 2846 637 2901 et
679 2843 864 2917 ipsius
920 2847 983 2902 et
1024 2847 1308 2918 paternae
1363 2842 1574 2902 domus
1619 2844 1779 2904 salus
1823 2844 2222 2920 contineatur,
2279 2843 2665 2903 disertissime

335 2929 396 2984 et
439 2927 778 2986 enixissime
824 2930 970 2990 orat.
1046 2928 1323 2987 Sororem
1367 2929 1526 2987 enim
1558 2927 1832 3004 fratrem,
1879 2948 2056 3005 quem
2099 2930 2217 2987 iam
2260 2930 2532 3004 ignotum
2559 2927 2665 2986 ho-

338 3012 556 3086 spitem
598 3013 662 3069 in
706 3013 962 3087 patriam
992 3014 1312 3072 remissura
1341 3013 1564 3089 fuerat,
1611 3032 1648 3072 a
1690 3013 1946 3073 nefando
1976 3013 2260 3073 sacrificio
2292 3015 2663 3072 servaturam

333 3100 514 3171 atque
555 3096 745 3171 ipsam
791 3113 926 3155 cum
971 3116 1039 3156 eo
1085 3097 1327 3156 domum
1385 3098 1711 3157 redituram
1769 3116 1896 3158 esse
1950 3099 2069 3156 iam
2122 3117 2195 3157 ex
2250 3097 2535 3173 epistulae
2576 3116 2667 3155 ar-

336 3184 622 3257 gumento
666 3200 846 3256 supra
889 3201 945 3240 v.
994 3183 1119 3241 770
1147 3201 1279 3258 sqq.
1336 3183 1518 3242 allato
1565 3180 1808 3243 Orestes
1854 3183 2203 3242 concludere
2244 3185 2512 3258 poterat,
2561 3183 2665 3257 qui

338 3284 472 3324 cum
514 3283 729 3325 navem
771 3265 1098 3342 remigibus
1141 3267 1325 3342 probe
1382 3269 1733 3327 instructam
1776 3271 2011 3343 praesto
2055 3267 2329 3342 haberet,
2374 3266 2531 3325 hunc
2575 3285 2661 3324 re-

337 3349 530 3408 ditum
574 3368 649 3409 ne
693 3351 779 3409 ita
822 3350 1202 3426 desperatum
1245 3351 1485 3426 quidem
1515 3370 1646 3411 esse
1673 3352 1927 3428 sciebat,
1973 3355 2042 3410 ut
2083 3352 2399 3428 Iphigenia
2439 3351 2665 3426 navigii

336 3434 498 3493 illius
552 3435 760 3511 ignara
812 3454 993 3510 supra
1042 3456 1099 3495 v.
1159 3437 1281 3495 873
1313 3455 1442 3512 sqq.
1500 3439 1823 3512 conquesta
1876 3439 2021 3496 erat.
2109 3435 2332 3495 Contra
2385 3436 2436 3493 si
2491 3434 2668 3493 simul

335 3519 664 3578 auferenda
705 3523 863 3580 esset
888 3520 1115 3579 Dianae
1157 3523 1383 3596 statua,
1429 3539 1563 3580 eum
1596 3521 1901 3581 decessum
1930 3521 2120 3580 multo
2164 3524 2225 3579 et
2269 3519 2666 3579 difficiliorem

336 3607 399 3662 et
440 3603 918 3679 periculosiorem
952 3604 1078 3663 fore
1108 3608 1575 3665 consentaneum
1618 3608 1764 3665 erat.
1837 3605 1998 3665 Haec
2042 3607 2172 3681 ipsa
2214 3623 2393 3664 causa
2436 3606 2543 3678 est,
2591 3603 2667 3661 ob

338 3706 516 3764 quam
563 3686 837 3765 Orestes,
895 3689 1101 3765 quanti
1146 3693 1209 3748 et
1252 3690 1368 3749 sibi
1412 3693 1474 3749 et
1515 3694 1800 3766 paternae
1854 3690 2060 3750 domui
2104 3691 2185 3750 sit
2226 3689 2546 3762 momenti,
2601 3691 2670 3746 ut

338 3772 489 3831 illud
533 3773 913 3833 simulacrum
957 3773 1317 3851 abripiatur,
1374 3777 1497 3834 tam
1534 3775 1751 3835 multis
1805 3775 2001 3836 verbis
2047 3777 2108 3834 et
2149 3774 2407 3849 repetita
2449 3774 2664 3849 partim

337 3857 789 3918 ratiocinatione
832 3858 1095 3934 exponit.

509 3943 627 4002 Sed
671 3944 727 4002 ei
769 3962 921 4018 quae
962 3942 1276 4042 Iphigenia
1327 3945 1655 4020 respondet
1697 3945 1834 4005 inde
1888 3965 1923 4003 a
1962 3964 2020 4004 v.
2070 3945 2219 4019 989,
2274 3943 2508 4020 magnis
2553 3962 2669 4001 me-

339 4028 455 4087 rito
498 4028 958 4088 novissimorum
1002 4029 1294 4104 imprimis
1338 4030 1678 4089 criticorum
1735 4028 2208 4088 dubitationibus
2252 4026 2507 4087 obnoxia
2549 4027 2669 4087 fue-

339 4116 507 4188 runt,
553 4131 706 4188 quae
750 4112 1155 4173 dubitationes
1209 4117 1282 4172 ut
1323 4114 1436 4173 rite
1479 4115 1855 4174 excutiantur
1909 4118 2087 4189 atque
2144 4114 2482 4190 solvantur,
2540 4115 2670 4172 tota

335 4196 500 4339 illidus
544 4198 736 4258 oratio
792 4198 1000 4258 ordine
1054 4189 1490 4274 pertractanda
1527 4202 1639 4260 est.
1713 4198 1858 4258 Eius
1915 4199 2202 4258 orationis
2256 4197 2369 4257 hoc
2424 4201 2516 4259 est
2569 4216 2668 4257 ex-

340 4298 409 4339 or
449 4301 599 4340 ium:

483 4448 538 4512 1)
574 4445 714 4509 [Ind.
753 4446 909 4501 lectt.
945 4447 1002 4500 in
1041 4447 1152 4502 litt.
1189 4448 1339 4501 univ.
1377 4446 1560 4504 Turic.
1602 4447 1733 4500 inde
1769 4463 1805 4500 a
1838 4448 1891 4500 d.
1926 4446 2045 4505 XV.
2083 4464 2156 4501 m.
2182 4445 2306 4502 Oct.
2331 4442 2672 4502 MDCCCLX

342 4529 518 4581 usque
555 4514 628 4567 ad
664 4515 717 4568 d.
755 4513 953 4569 XXIII.
992 4532 1066 4569 m.
1102 4516 1267 4571 Mart.
1302 4514 1668 4570 MDCCCLXI
1703 4515 2131 4606 habendarum]

2263 4600 2370 4654 33*
