3132 5129
1275 389 1734 452 -479—

339 549 505 622 παῖς,
551 547 709 622 quod
756 548 1151 605 necessarium
1199 550 1290 605 est
1335 546 1738 621 facillimeque
1784 547 2048 606 excidere
2092 549 2417 623 potuit.———
2455 546 2675 606 Contra

334 653 394 693 v.
446 635 519 690 19
568 627 632 689 ἐν
686 627 828 707 πυρὶ
889 628 1108 710 δρυίνῳ
1153 649 1287 689 cum
1333 631 1627 689 Meinekio
1672 632 1967 690 offendere
2010 650 2129 690 non
2175 634 2370 707 potui,
2430 651 2563 691 cum
2609 636 2673 691 et
2715 643 2777 689 14

336 718 599 814 proxime
645 715 920 774 accedere
969 715 1229 774 viderem
1261 715 1651 811 Sophocleum
1699 713 1866 773 illum
1911 710 2246 775 πευκάενθ’
2305 708 2669 791 ‘'‘quuxtov5

338 803 438 878 qui
487 800 753 876 Vergilio
798 801 946 864 Aen.
981 800 1083 874 XI,
1120 802 1239 858 768
1285 801 1550 874 pineus
1598 800 1823 859 ardor
1867 802 2114 876 exstitit,
2162 805 2254 874 et,
2298 821 2478 876 quam
2523 805 2672 863 bene

336 888 545 945 hiemis
598 886 901 960 iniquitati
958 885 1361 944 defendendae
1428 886 1745 944 conveniat
1809 886 1966 961 ignis
2022 887 2265 961 quernis
2331 888 2670 947 caudicibus

337 972 502 1047 large
545 972 832 1045 nutritus,
881 972 1025 1028 satis
1066 973 1313 1031 constet.
1386 970 1564 1045 Ligni
1613 970 1672 1028 in
1719 970 1912 1029 locum
1959 971 2117 1046 quod
2163 972 2379 1029 inferre
2424 978 2668 1031 conatus

337 1059 431 1114 est
494 1055 825 1115 Meinekius
891 1044 1240 1132 ἐμβρύων,
1248 1055 1566 1129 ,novelli
1632 1056 1928 1130 pecoris
1997 1056 2410 1115 intestina“
2515 1062 2673 1116 certe

338 1141 532 1199 rectae
592 1140 1044 1215 significationis
1100 1143 1404 1197 auctorem
1461 1138 1788 1241 Homerum
1843 1140 2051 1197 habuit
2109 1160 2128 1195 ι
2177 1142 2526 1215 246,cu1n
2572 1142 2673 1217 qui

339 1244 474 1282 eum
519 1229 755 1283 secutus
800 1230 892 1284 est
920 1224 1272 1300 Hartungus
1317 1219 1604 1299 ἔμβρυα
1650 1220 1772 1280 καὶ
1821 1225 2107 1283 scriberet
2150 1224 2390 1283 dubiam
2435 1226 2674 1300 quidem

337 1308 677 1386 prosodiam
721 1312 1054 1383 sanaturuS,
1101 1309 1204 1367 sed
1251 1308 1519 1367 inaudito
1564 1308 1903 1383 significatu
1947 1328 2161 1383 porcae
2208 1311 2410 1368 ovisve
2441 1310 2674 1369 volvam

338 1394 605 1452 denotari
638 1395 848 1452 ratus!
923 1392 1144 1452 Verum
1177 1396 1430 1468 uterque
1476 1396 1545 1450 ut
1588 1393 1699 1451 hoc
1744 1393 1940 1468 ipsum
1972 1394 2328 1453 vocabulum
2360 1393 2674 1470 inferrent,

341 1479 568 1538 inducti
614 1482 753 1537 sunt
795 1478 1147 1538 scholiastae
1190 1478 1389 1536 verbis
1433 1478 1611 1552 paulo
1657 1478 2073 1554 neglegentius
2118 1480 2420 1554 inspectis,
2513 1478 2676 1549 Quae

342 1565 390 1621 si
436 1564 770 1622 accuratius
814 1563 1279 1637 examinassent,
1337 1561 1630 1622 vidissent
1673 1559 1847 1638 χόρια
1892 1564 2132 1622 omnino
2179 1565 2294 1622 duo
2341 1565 2675 1640 significare

344 1665 588 1723 prorsus
632 1648 894 1723 diversa,
950 1649 1206 1723 primum
1254 1641 1325 1704 τοὶ
1372 1643 1659 1723 κυτοῖρια,
1717 1643 1783 1705 ἐν
1826 1638 1918 1716 οἷς
1961 1644 2075 1703 εἰσι
2121 1639 2188 1704 τὰ
2233 1644 2480 1725 ἔμβρυα,
2525 1669 2676 1725 quae

337 1733 643 1792 involucra
699 1738 835 1807 post
890 1731 1118 1790 editum
1177 1738 1413 1807 partum
1474 1732 1819 1791 secundario
1875 1734 2011 1790 nisu
2067 1733 2287 1791 effundi
2333 1752 2525 1809 neque
2570 1754 2673 1792 un·

340 1837 517 1892 quam
563 1819 724 1875 inter
769 1817 970 1875 edulia
1014 1817 1220 1875 haberi
1266 1820 1515 1892 constat,
1561 1820 1688 1876 tum
1735 1816 2234 1910 quemadmodum
2275 1818 2491 1877 Athen.
2536 1819 2677 1876 XIV

338 1922 399 1977 p.
450 1904 571 1993 646
617 1922 668 1960 e.
715 1902 1062 1960 brevissime
1121 1901 1409 1959 indicavit
1463 1895 1745 1977 βρώματα
1801 1890 1899 1958 δια
1955 1898 2187 1978 μέλιτος
2245 1899 2345 1960 καὶ
2387 1899 2675 1979 γάλακτος

333 1979 618 2064 γινόμενα
664 1987 890 2045 scilicet
932 1986 1233 2045 intestinis
1278 1986 1529 2061 inferta,
1580 1988 1737 2061 quod
1784 1987 1899 2046 cibi
1943 2006 2133 2062 genus
2179 2005 2310 2045 cum
2354 1988 2675 2047 farcimini-

340 2073 448 2129 bus
479 2070 821 2130 Homericis
867 2088 901 2129 σ
933 2072 1013 2128 44
1039 2090 1127 2146 sq.
1179 2073 1295 2129 119
1324 2090 1412 2146 sq.
1460 2092 1498 2128 υ
1529 2072 1692 2128 25—
1700 2073 1777 2129 27
1810 2072 2056 2167 aliquid,
2103 2072 2205 2130 sed
2238 2091 2371 2130 curn
2402 2062 2676 2149 ἐμβρύοις

338 2156 488 2214 nihil
546 2174 856 2214 commune
914 2156 1130 2214 habere
1188 2160 1374 2230 patet.
1421 2185 1504 2199 --
1548 2155 1858 2214 Postremo
1914 2157 1974 2213 in
2030 2156 2445 2215 constituendo
2490 2177 2546 2217 v.
2593 2158 2676 2214 33

340 2259 579 2316 prorsus
626 2239 775 2299 facio
821 2258 953 2298 cum
1003 2241 1316 2313 Meinekio,
1362 2241 1464 2313 qui
1511 2243 1574 2298 et
1617 2240 1893 2298 similiter
1923 2259 1989 2296 ex
2024 2238 2207 2317 Verg.
2254 2241 2440 2315 eclog.
2490 2240 2560 2315 V,
2594 2242 2674 2298 46

340 2325 501 2401 „tale
544 2330 714 2382 tuum
747 2343 984 2383 carmen
1013 2324 1201 2398 nobiS,
1250 2324 1447 2382 divine
1492 2328 1687 2399 poeta,
1729 2324 1739 2396 Ι
1780 2325 1954 2399 quale
1999 2343 2181 2399 sopor
2225 2325 2395 2383 fessis
2440 2326 2501 2383 in
2545 2345 2669 2401 gra-

339 2409 538 2468 mine“
595 2412 656 2467 et
712 2430 782 2467 ex
828 2409 1081 2484 Oppian.
1128 2407 1275 2485 Cyn.
1323 2408 1411 2483 ΙΙ,
1459 2410 1539 2466 34
1598 2409 1900 2483 supplevit
1955 2411 2018 2466 et
2073 2428 2178 2484 pro
2234 2409 2480 2484 vulgato
2539 2403 2669 2466 οὔτ’

335 2490 437 2572 ἔαρ
496 2489 777 2566 ἐξαπίνας
832 2493 1372 2552 Valckenarianum
1427 2486 1560 2549 οὔτ’
1634 2488 1772 2571 ἕὸαρ
1838 2488 2171 2570 ἐργατίναις
2240 2494 2676 2553 commendavit

335 2580 562 2723 ἱτιιὲῐζΐ
615 2580 979 2722 oglloquente
1036 2579 1373 2656 HartungO.
1473 2579 1633 2638 Ante
1693 2578 1894 2638 oculos
1950 2578 2293 2638 Theocritus
2350 2579 2676 2638 Homerum

377 2684 412 2722 8
455 2685 516 2723 111
590 2686 626 2722 v

641 2758 723 2834 ὥς
769 2759 827 2819 δ’
875 2755 968 2822 ot’
1014 2755 1171 2839 ἀνὴρ
1216 2761 1458 2837 δόρποιο
1500 2764 1803 2841 λιλαίεται,
1848 2753 1900 2846 ᾧ
1942 2784 2003 2822 τε
2047 2772 2329 2843 πανῆμαρ

644 2845 813 2908 νειὸν
855 2838 955 2908 ἀν
1007 2845 1257 2925 ἕλκητον
1297 2845 1404 2926 βόε
1448 2845 1656 2908 οἴνοπε
1697 2840 1930 2926 πηκτὸν
1971 2869 2242 2929 αροτρον.

511 3001 855 3061 Carminum
898 3020 1057 3061 nono
1104 3001 1312 3078 idyllio
1358 3003 1781 3078 promissorum
1827 3003 2087 3078 primum
2118 3003 2178 3062 id
2209 3004 2390 3062 fuisse
2422 3002 2674 3076 videtur,

342 3086 505 3162 quod
560 3106 718 3146 nunc
768 3088 855 3145 illi
910 3088 1022 3162 ipsi
1080 3087 1383 3145 antecedit
1437 3092 1804 3147 octavum.
1895 3088 1967 3146 In
2023 3089 2131 3148 hoc
2187 3089 2347 3146 enim
2391 3091 2454 3145 et
2498 3088 2676 3146 iidem

345 3171 721 3247 popularium
768 3172 1199 3230 cantilenarum
1246 3172 1451 3231 heroes
1485 3171 1751 3247 Daphnis
1781 3177 1842 3231 et
1871 3173 2166 3231 Menalcas
2208 3175 2454 3249 agentes
2498 3173 2673 3230 alter·

342 3260 676 3330 nantesque
732 3256 1192 3316 introducuntur
1246 3259 1308 3315 et
1360 3257 1568 3315 statim
1626 3257 1700 3315 ab
1757 3256 1930 3314 initio
1976 3258 2085 3316 hoc
2131 3258 2327 3332 ipsum
2371 3259 2671 3315 certamen

342 3340 418 3398 ad
460 3341 647 3399 lineas
687 3341 967 3416 quasdam
1014 3341 1324 3417 pastoritia
1357 3342 1523 3400 Musa
1551 3340 1806 3399 traditas
1853 3341 2152 3416 depictum
2198 3361 2325 3400 esse
2368 3340 2523 3398 haud
2570 3341 2671 3398 ob·

341 3443 511 3483 scure
555 3425 750 3484 verbis
796 3419 892 3494 ὡς
938 3424 1167 3500 φαντί
1205 3446 1261 3485 v.
1297 3426 1333 3482 2
1378 3425 1694 3498 indicatur,
1743 3444 1893 3500 quae
1936 3426 2119 3485 verba
2163 3444 2293 3485 cum
2341 3425 2483 3483 olim
2516 3425 2672 3482 Pier-

341 3527 521 3569 sonus
574 3528 646 3567 ex
690 3510 858 3584 XXI,
912 3514 938 3566 1
990 3511 1051 3568 in
1100 3506 1406 3581 Διόφαντε
1450 3511 1736 3568 mutanda
1781 3511 2107 3570 censuisset
2151 3510 2508 3569 recentiores
2551 3508 2671 3567 edi-

343 3597 499 3652 tores
544 3594 619 3651 ad
667 3612 848 3653 unum
892 3612 1095 3653 omnes
1137 3596 1269 3653 iure
1311 3595 1707 3668 retinuerunt,
1755 3613 1927 3653 verae
1957 3598 2157 3652 tamen
2186 3612 2389 3654 eorum
2421 3593 2672 3672 rationis

342 3679 556 3753 ignari.
648 3678 727 3735 Et
769 3682 865 3737 est
907 3697 1045 3739 sane
1089 3678 1199 3738 hoc
1242 3697 1508 3754 carmen,
1565 3698 1685 3755 quo
1730 3696 1947 3737 nomen
1992 3679 2178 3737 Musis
2222 3678 2523 3754 prooemio
2568 3677 2673 3735 illo

344 3763 885 3821 invocatis·datum
929 3764 1202 3838 solveret,
1248 3764 1620 3837 aptissimum
1666 3766 1848 3838 atque
1876 3763 2313 3839 dignissimum,
2360 3763 2443 3820 ita
2474 3765 2674 3819 tamen

345 3866 478 3904 cum
523 3849 858 3923 argumenti
904 3848 1194 3906 varietate
1239 3851 1369 3905 tum
1417 3848 1589 3905 metri
1653 3847 1806 3922 epici
1853 3851 2031 3922 atque
2076 3846 2357 3922 dactylici
2402 3846 2677 3905 coniunc-

344 3931 508 3990 tione
552 3933 721 4007 quasi
769 3932 1108 3992 iuveniliter
1151 3933 1487 4007 luxurians,
1539 3935 1608 3992 ut
1647 3932 1758 3990 hac
1803 3932 2073 3990 ubertate
2117 3932 2372 3991 offensos
2418 3949 2543 3989 esse
2588 3932 2678 3989 in-

347 4018 641 4091 terpretes
687 4036 756 4076 eo
803 4017 1001 4075 minus
1044 4017 1297 4090 mireriS,
1347 4018 1506 4092 quod
1551 4019 1615 4074 et
1658 4016 1896 4092 singula
1923 4017 2108 4076 verba
2136 4015 2494 4090 corruptelis
2523 4015 2678 4073 haud

344 4101 545 4175 paucis
606 4101 839 4161 foedata
893 4105 1035 4159 sunt
1078 4106 1140 4160 et
1181 4101 1347 4176 prior
1389 4120 1527 4176 pars
1573 4120 1693 4159 non
1737 4100 1929 4159 solum
1977 4100 2244 4175 personis
2288 4099 2669 4175 versibusque
2719 4108 2780 4155 15

346 4185 679 4245 commixtis
734 4186 1084 4261 perturbata
1137 4186 1241 4244 sed
1298 4186 1478 4244 etiam
1524 4186 1699 4244 unius
1744 4185 2022 4260 strophae
2067 4183 2302 4245 defectu
2347 4184 2681 4261 interrupta

347 4271 455 4327 est.
545 4269 754 4346 Itaque
798 4291 932 4331 cum
975 4270 1149 4329 multi
1196 4271 1255 4328 in
1304 4269 1606 4329 solvendis
1662 4270 1820 4328 hisee
1874 4268 2328 4328 difficultatibus
2374 4269 2677 4330 laborave-

347 4353 485 4426 rint,
533 4354 805 4428 inprimis
835 4355 1181 4415 nominandi
1213 4357 1355 4414 sunt
1385 4355 1856 4414 Hermannus
1901 4357 2081 4429 atque
2113 4354 2487 4428 Graefius,
2533 4373 2679 4430 quo—

345 4455 477 4494 rum
536 4439 634 4496 ille
692 4441 752 4499 in
797 4441 1078 4501 scholis
1126 4440 1601 4499 Theocriteis
1647 4438 1953 4513 Opuscull.
1985 4439 2038 4495 V
2071 4458 2129 4513 p.
2160 4441 2432 4514 82—-87,
2477 4439 2572 4498 hic
2618 4442 2675 4498 in
