<?xml version="1.0" encoding="UTF-8"?>
<!DOCTYPE html PUBLIC "-//W3C//DTD XHTML 1.0 Transitional//EN"
    "http://www.w3.org/TR/xhtml1/DTD/xhtml1-transitional.dtd">
<html xmlns="http://www.w3.org/1999/xhtml" xml:lang="en" lang="en">
 <head>
  <title>
</title>
<meta http-equiv="Content-Type" content="text/html;charset=utf-8" />
  <meta name='ocr-system' content='tesseract 3.04.00' />
  <meta name='ocr-capabilities' content='ocr_page ocr_carea ocr_par ocr_line ocrx_word'/>
</head>
<body>
  <div class='ocr_page' id='page_1' title='image "./opusculaphilolo00koecgoog_0078.png"; bbox 0 0 3132 5129; ppageno 0'>
   <div class='ocr_carea' id='block_1_1' title="bbox 1380 408 1800 471">
    <p class='ocr_par' dir='ltr' id='par_1_1' title="bbox 1380 408 1800 471">
     <span class='ocr_line' id='line_1_1' title="bbox 1380 408 1800 471; baseline -0.007 -14"><span class='ocrx_word' id='word_1_1' title='bbox 1380 408 1800 471; x_wconf 74' lang='grc'>...66-</span> 
     </span>
    </p>
   </div>
   <div class='ocr_carea' id='block_1_2' title="bbox 431 563 2761 644">
    <p class='ocr_par' dir='ltr' id='par_1_2' title="bbox 431 563 2761 644">
     <span class='ocr_line' id='line_1_2' title="bbox 431 563 2761 644; baseline -0.001 -19"><span class='ocrx_word' id='word_1_2' title='bbox 431 571 600 644; x_wconf 84' lang='lat' dir='ltr'>tegra</span> <span class='ocrx_word' id='word_1_3' title='bbox 628 569 805 643; x_wconf 87' lang='lat' dir='ltr'>atque</span> <span class='ocrx_word' id='word_1_4' title='bbox 837 566 1152 624; x_wconf 82' lang='lat' dir='ltr'>immutata</span> <span class='ocrx_word' id='word_1_5' title='bbox 1184 565 1573 639; x_wconf 82' lang='lat' dir='ltr'><strong>deprompsit,</strong></span> <span class='ocrx_word' id='word_1_6' title='bbox 1619 584 1770 640; x_wconf 88' lang='lat' dir='ltr'>quae</span> <span class='ocrx_word' id='word_1_7' title='bbox 1814 583 1922 623; x_wconf 87' lang='lat' dir='ltr'>nec</span> <span class='ocrx_word' id='word_1_8' title='bbox 1966 564 2206 624; x_wconf 85' lang='lat' dir='ltr'>brevius</span> <span class='ocrx_word' id='word_1_9' title='bbox 2250 583 2360 623; x_wconf 92' lang='lat' dir='ltr'>nec</span> <span class='ocrx_word' id='word_1_10' title='bbox 2405 565 2606 641; x_wconf 88' lang='lat' dir='ltr'>aptius</span> <span class='ocrx_word' id='word_1_11' title='bbox 2646 563 2761 622; x_wconf 89' lang='lat' dir='ltr'>dici</span> 
     </span>
    </p>
   </div>
   <div class='ocr_carea' id='block_1_3' title="bbox 338 649 2760 727">
    <p class='ocr_par' dir='ltr' id='par_1_3' title="bbox 338 649 2760 727">
     <span class='ocr_line' id='line_1_3' title="bbox 338 649 2760 727; baseline -0.002 -16"><span class='ocrx_word' id='word_1_12' title='bbox 338 663 345 668; x_wconf 82' lang='lat'><strong>‘</strong></span> <span class='ocrx_word' id='word_1_13' title='bbox 430 671 606 727; x_wconf 84' lang='lat' dir='ltr'>posse</span> <span class='ocrx_word' id='word_1_14' title='bbox 649 652 1027 723; x_wconf 82' lang='lat' dir='ltr'>viderentur,</span> <span class='ocrx_word' id='word_1_15' title='bbox 1075 649 1175 709; x_wconf 88' lang='lat' dir='ltr'>sed</span> <span class='ocrx_word' id='word_1_16' title='bbox 1220 650 1312 708; x_wconf 91' lang='lat' dir='ltr'>his</span> <span class='ocrx_word' id='word_1_17' title='bbox 1357 650 1429 707; x_wconf 89' lang='lat' dir='ltr'>de</span> <span class='ocrx_word' id='word_1_18' title='bbox 1474 670 1581 709; x_wconf 92' lang='lat' dir='ltr'>suo</span> <span class='ocrx_word' id='word_1_19' title='bbox 1627 650 1744 707; x_wconf 88' lang='lat' dir='ltr'>alia</span> <span class='ocrx_word' id='word_1_20' title='bbox 1788 649 1944 706; x_wconf 89' lang='lat' dir='ltr'>haud</span> <span class='ocrx_word' id='word_1_21' title='bbox 1989 668 2176 724; x_wconf 83' lang='lat' dir='ltr'>pauca</span> <span class='ocrx_word' id='word_1_22' title='bbox 2220 649 2565 723; x_wconf 80' lang='lat' dir='ltr'>admiscuit,</span> <span class='ocrx_word' id='word_1_23' title='bbox 2628 649 2760 724; x_wconf 89' lang='lat' dir='ltr'>qui-</span> 
     </span>
    </p>
   </div>
   <div class='ocr_carea' id='block_1_4' title="bbox 326 1899 391 1945">
    <p class='ocr_par' dir='ltr' id='par_1_4' title="bbox 326 1899 391 1945">
     <span class='ocr_line' id='line_1_4' title="bbox 326 1899 391 1945; baseline 0 0"><span class='ocrx_word' id='word_1_24' title='bbox 326 1899 391 1945; x_wconf 74' lang='lat'>22</span> 
     </span>
    </p>
   </div>
   <div class='ocr_carea' id='block_1_5' title="bbox 428 734 2763 1406">
    <p class='ocr_par' dir='ltr' id='par_1_5' title="bbox 428 734 2763 1152">
     <span class='ocr_line' id='line_1_5' title="bbox 431 734 2761 810; baseline -0.002 -14"><span class='ocrx_word' id='word_1_25' title='bbox 431 738 542 797; x_wconf 92' lang='lat' dir='ltr'>bus</span> <span class='ocrx_word' id='word_1_26' title='bbox 587 737 879 796; x_wconf 84' lang='lat' dir='ltr'><strong>Achillem</strong></span> <span class='ocrx_word' id='word_1_27' title='bbox 938 754 1096 807; x_wconf 88' lang='lat' dir='ltr'>esse,</span> <span class='ocrx_word' id='word_1_28' title='bbox 1155 736 1257 809; x_wconf 90' lang='lat' dir='ltr'>qui</span> <span class='ocrx_word' id='word_1_29' title='bbox 1312 753 1438 793; x_wconf 90' lang='lat' dir='ltr'>rem</span> <span class='ocrx_word' id='word_1_30' title='bbox 1496 738 1939 795; x_wconf 77' lang='lat' dir='ltr'>controversam</span> <span class='ocrx_word' id='word_1_31' title='bbox 1998 754 2104 793; x_wconf 86' lang='lat' dir='ltr'>sua</span> <span class='ocrx_word' id='word_1_32' title='bbox 2160 754 2232 793; x_wconf 84' lang='lat' dir='ltr'>ex</span> <span class='ocrx_word' id='word_1_33' title='bbox 2287 754 2541 810; x_wconf 85' lang='lat' dir='ltr'>persona</span> <span class='ocrx_word' id='word_1_34' title='bbox 2585 734 2761 792; x_wconf 88' lang='lat' dir='ltr'>matri</span> 
     </span>
     <span class='ocr_line' id='line_1_6' title="bbox 433 820 2763 895; baseline -0.002 -15"><span class='ocrx_word' id='word_1_35' title='bbox 433 822 548 880; x_wconf 87' lang='lat' dir='ltr'>sibi</span> <span class='ocrx_word' id='word_1_36' title='bbox 581 822 985 881; x_wconf 79' lang='lat' dir='ltr'>conciliandae</span> <span class='ocrx_word' id='word_1_37' title='bbox 1016 823 1291 895; x_wconf 81' lang='lat' dir='ltr'>exponat,</span> <span class='ocrx_word' id='word_1_38' title='bbox 1324 820 1588 879; x_wconf 78' lang='lat' dir='ltr'>audituri</span> <span class='ocrx_word' id='word_1_39' title='bbox 1617 824 2056 895; x_wconf 75' lang='lat' dir='ltr'>cognoscerent.</span> <span class='ocrx_word' id='word_1_40' title='bbox 2121 820 2328 894; x_wconf 81' lang='lat' dir='ltr'>Neque</span> <span class='ocrx_word' id='word_1_41' title='bbox 2359 820 2469 878; x_wconf 89' lang='lat' dir='ltr'>hoc</span> <span class='ocrx_word' id='word_1_42' title='bbox 2500 820 2763 877; x_wconf 78' lang='lat' dir='ltr'>Alexan·</span> 
     </span>
     <span class='ocr_line' id='line_1_7' title="bbox 431 900 2762 981; baseline -0.002 -17"><span class='ocrx_word' id='word_1_43' title='bbox 431 907 634 965; x_wconf 91' lang='lat' dir='ltr'>drinos</span> <span class='ocrx_word' id='word_1_44' title='bbox 679 907 858 966; x_wconf 90' lang='lat' dir='ltr'>latuit</span> <span class='ocrx_word' id='word_1_45' title='bbox 902 905 1246 974; x_wconf 89' lang='lat' dir='ltr'>artificium,</span> <span class='ocrx_word' id='word_1_46' title='bbox 1303 908 1372 961; x_wconf 89' lang='lat' dir='ltr'>ut</span> <span class='ocrx_word' id='word_1_47' title='bbox 1428 905 1675 980; x_wconf 78' lang='lat' dir='ltr'>adparet</span> <span class='ocrx_word' id='word_1_48' title='bbox 1733 924 1802 962; x_wconf 84' lang='lat' dir='ltr'>ex</span> <span class='ocrx_word' id='word_1_49' title='bbox 1860 904 2082 963; x_wconf 89' lang='lat' dir='ltr'>scholio</span> <span class='ocrx_word' id='word_1_50' title='bbox 2129 904 2200 961; x_wconf 93' lang='lat' dir='ltr'>ad</span> <span class='ocrx_word' id='word_1_51' title='bbox 2248 905 2400 963; x_wconf 86' lang='lat'>384:</span> <span class='ocrx_word' id='word_1_52' title='bbox 2466 926 2646 981; x_wconf 83' lang='grc' dir='ltr'><em>αμμι</em></span> <span class='ocrx_word' id='word_1_53' title='bbox 2689 900 2762 959; x_wconf 78' lang='grc' dir='ltr'>δὲ</span> 
     </span>
     <span class='ocr_line' id='line_1_8' title="bbox 428 979 2763 1068; baseline -0.002 -21"><span class='ocrx_word' id='word_1_54' title='bbox 428 984 724 1066; x_wconf 74' lang='grc' dir='ltr'><em>μάντι-ς·</em></span> <span class='ocrx_word' id='word_1_55' title='bbox 771 986 842 1048; x_wconf 82' lang='grc' dir='ltr'>οὐ</span> <span class='ocrx_word' id='word_1_56' title='bbox 888 986 1266 1068; x_wconf 79' lang='grc' dir='ltr'><strong><em>προσέθηκεν</em></strong></span> <span class='ocrx_word' id='word_1_57' title='bbox 1321 982 1402 1059; x_wconf 82' lang='grc' dir='ltr'>ὥς</span> <span class='ocrx_word' id='word_1_58' title='bbox 1464 984 1644 1059; x_wconf 79' lang='grc' dir='ltr'><em>αὐτὸς</em></span> <span class='ocrx_word' id='word_1_59' title='bbox 1691 979 1798 1064; x_wconf 80' lang='grc' dir='ltr'>τὴν</span> <span class='ocrx_word' id='word_1_60' title='bbox 1842 984 2160 1063; x_wconf 78' lang='grc' dir='ltr'><strong><em>ἐκκλησίαν</em></strong></span> <span class='ocrx_word' id='word_1_61' title='bbox 2205 1006 2578 1066; x_wconf 77' lang='grc' dir='ltr'><em>συνηγαγεν,</em></span> <span class='ocrx_word' id='word_1_62' title='bbox 2625 982 2763 1048; x_wconf 78' lang='grc' dir='ltr'>οὐδὲ</span> 
     </span>
     <span class='ocr_line' id='line_1_9' title="bbox 429 1070 2757 1169; baseline 0 -37"><span class='ocrx_word' id='word_1_63' title='bbox 429 1072 577 1145; x_wconf 76' lang='grc' dir='ltr'><strong><em>’ὅλως</em></strong></span> <span class='ocrx_word' id='word_1_64' title='bbox 620 1072 893 1133; x_wconf 72' lang='grc' dir='ltr'><em>ὕποπτον</em></span> <span class='ocrx_word' id='word_1_65' title='bbox 924 1070 1139 1133; x_wconf 73' lang='grc' dir='ltr'><em>ἑαυτὸν</em></span> <span class='ocrx_word' id='word_1_66' title='bbox 1167 1072 1490 1149; x_wconf 81' lang='grc' dir='ltr'><strong><em>καθίστησι</em></strong></span> <span class='ocrx_word' id='word_1_67' title='bbox 1522 1082 1594 1156; x_wconf 78' lang='grc' dir='ltr'>τῇ</span> <span class='ocrx_word' id='word_1_68' title='bbox 1620 1070 1847 1169; x_wconf 76' lang='grc' dir='ltr'><em>μητέρι,</em></span> <span class='ocrx_word' id='word_1_69' title='bbox 1879 1077 1941 1132; x_wconf 87' lang='lat' dir='ltr'>et</span> <span class='ocrx_word' id='word_1_70' title='bbox 1970 1074 2041 1130; x_wconf 84' lang='lat' dir='ltr'>ad</span> <span class='ocrx_word' id='word_1_71' title='bbox 2074 1076 2227 1132; x_wconf 86' lang='lat'>386:</span> <span class='ocrx_word' id='word_1_72' title='bbox 2276 1070 2407 1151; x_wconf 75' lang='grc' dir='ltr'>ἐγώ</span> <span class='ocrx_word' id='word_1_73' title='bbox 2437 1082 2757 1152; x_wconf 75' lang='grc' dir='ltr'><em>πρῶτος·</em></span> 
     </span>
    </p>

    <p class='ocr_par' dir='ltr' id='par_1_6' title="bbox 428 1150 2762 1406">
     <span class='ocr_line' id='line_1_10' title="bbox 428 1150 2762 1234; baseline 0 -16"><span class='ocrx_word' id='word_1_74' title='bbox 428 1155 511 1230; x_wconf 77' lang='grc' dir='ltr'>ὥς</span> <span class='ocrx_word' id='word_1_75' title='bbox 554 1181 655 1218; x_wconf 84' lang='grc' dir='ltr'>και</span> <span class='ocrx_word' id='word_1_76' title='bbox 702 1168 822 1218; x_wconf 77' lang='grc' dir='ltr'>τῶν</span> <span class='ocrx_word' id='word_1_77' title='bbox 863 1157 1060 1218; x_wconf 80' lang='grc' dir='ltr'><strong><em>αλλων</em></strong></span> <span class='ocrx_word' id='word_1_78' title='bbox 1104 1165 1316 1217; x_wconf 82' lang='grc' dir='ltr'><em>τοῦτον</em></span> <span class='ocrx_word' id='word_1_79' title='bbox 1358 1155 1615 1234; x_wconf 81' lang='grc' dir='ltr'><em>ἑχόντων</em></span> <span class='ocrx_word' id='word_1_80' title='bbox 1659 1150 1763 1217; x_wconf 81' lang='grc' dir='ltr'>τὸν</span> <span class='ocrx_word' id='word_1_81' title='bbox 1807 1156 2057 1217; x_wconf 84' lang='grc' dir='ltr'>σκοπόν.</span> <span class='ocrx_word' id='word_1_82' title='bbox 2133 1159 2214 1217; x_wconf 84' lang='lat' dir='ltr'>Et</span> <span class='ocrx_word' id='word_1_83' title='bbox 2258 1160 2454 1217; x_wconf 90' lang='lat' dir='ltr'>notari</span> <span class='ocrx_word' id='word_1_84' title='bbox 2485 1163 2762 1234; x_wconf 78' lang='lat' dir='ltr'>poterant</span> 
     </span>
     <span class='ocr_line' id='line_1_11' title="bbox 430 1244 2758 1321; baseline 0 -18"><span class='ocrx_word' id='word_1_85' title='bbox 430 1246 564 1318; x_wconf 86' lang='lat' dir='ltr'>alia,</span> <span class='ocrx_word' id='word_1_86' title='bbox 613 1266 764 1321; x_wconf 87' lang='lat' dir='ltr'>quae</span> <span class='ocrx_word' id='word_1_87' title='bbox 809 1246 870 1303; x_wconf 87' lang='lat' dir='ltr'>in</span> <span class='ocrx_word' id='word_1_88' title='bbox 915 1246 1235 1305; x_wconf 87' lang='lat' dir='ltr'>vernacula</span> <span class='ocrx_word' id='word_1_89' title='bbox 1278 1246 1651 1319; x_wconf 80' lang='lat' dir='ltr'>expositione</span> <span class='ocrx_word' id='word_1_90' title='bbox 1695 1245 1886 1319; x_wconf 88' lang='lat' dir='ltr'>tetigi.</span> <span class='ocrx_word' id='word_1_91' title='bbox 1978 1244 2094 1303; x_wconf 85' lang='lat' dir='ltr'>Sed</span> <span class='ocrx_word' id='word_1_92' title='bbox 2151 1263 2227 1302; x_wconf 93' lang='lat' dir='ltr'>ne</span> <span class='ocrx_word' id='word_1_93' title='bbox 2271 1244 2758 1304; x_wconf 89' lang='lat' dir='ltr'>candidissimum</span> 
     </span>
     <span class='ocr_line' id='line_1_12' title="bbox 428 1329 2706 1406; baseline -0.001 -18"><span class='ocrx_word' id='word_1_94' title='bbox 428 1331 667 1390; x_wconf 88' lang='lat' dir='ltr'>heroem</span> <span class='ocrx_word' id='word_1_95' title='bbox 712 1350 818 1406; x_wconf 88' lang='lat' dir='ltr'>pro</span> <span class='ocrx_word' id='word_1_96' title='bbox 863 1331 1029 1390; x_wconf 82' lang='lat' dir='ltr'>vafro</span> <span class='ocrx_word' id='word_1_97' title='bbox 1075 1330 1291 1388; x_wconf 88' lang='lat' dir='ltr'>habeas</span> <span class='ocrx_word' id='word_1_98' title='bbox 1337 1329 1650 1402; x_wconf 84' lang='lat' dir='ltr'>causidicO,</span> <span class='ocrx_word' id='word_1_99' title='bbox 1696 1329 1934 1405; x_wconf 82' lang='lat' dir='ltr'>egregie</span> <span class='ocrx_word' id='word_1_100' title='bbox 1980 1330 2138 1389; x_wconf 81' lang='lat' dir='ltr'>cavit</span> <span class='ocrx_word' id='word_1_101' title='bbox 2179 1334 2358 1403; x_wconf 89' lang='lat' dir='ltr'>poeta</span> <span class='ocrx_word' id='word_1_102' title='bbox 2400 1331 2706 1405; x_wconf 88' lang='lat' dir='ltr'>prooemio</span> 
     </span>
    </p>
   </div>
   <div class='ocr_carea' id='block_1_6' title="bbox 834 1423 2325 1511">
    <p class='ocr_par' dir='ltr' id='par_1_7' title="bbox 834 1423 2325 1511">
     <span class='ocr_line' id='line_1_13' title="bbox 834 1423 2325 1511; baseline -0.001 -22"><span class='ocrx_word' id='word_1_103' title='bbox 834 1423 1044 1489; x_wconf 79' lang='grc' dir='ltr'>οἶσθα·</span> <span class='ocrx_word' id='word_1_104' title='bbox 1094 1430 1186 1508; x_wconf 85' lang='grc' dir='ltr'>τίη</span> <span class='ocrx_word' id='word_1_105' title='bbox 1233 1450 1319 1489; x_wconf 82' lang='grc' dir='ltr'><em>τοι</em></span> <span class='ocrx_word' id='word_1_106' title='bbox 1362 1438 1548 1489; x_wconf 82' lang='grc' dir='ltr'><strong><em>ταῦτα</em></strong></span> <span class='ocrx_word' id='word_1_107' title='bbox 1595 1428 1761 1511; x_wconf 79' lang='grc' dir='ltr'><em>ἰδυίῃ</em></span> <span class='ocrx_word' id='word_1_108' title='bbox 1803 1423 1983 1487; x_wconf 77' lang='grc' dir='ltr'><em>πάντ’</em></span> <span class='ocrx_word' id='word_1_109' title='bbox 2031 1423 2325 1508; x_wconf 78' lang='grc' dir='ltr'><em>ἆγορεύω;</em></span> 
     </span>
    </p>
   </div>
   <div class='ocr_carea' id='block_1_7' title="bbox 425 1545 2762 3576">
    <p class='ocr_par' dir='ltr' id='par_1_8' title="bbox 425 1545 2762 2135">
     <span class='ocr_line' id='line_1_14' title="bbox 429 1545 2757 1628; baseline -0.001 -18"><span class='ocrx_word' id='word_1_110' title='bbox 429 1552 586 1628; x_wconf 91' lang='lat' dir='ltr'>quod</span> <span class='ocrx_word' id='word_1_111' title='bbox 632 1552 828 1627; x_wconf 91' lang='lat' dir='ltr'>ipsum</span> <span class='ocrx_word' id='word_1_112' title='bbox 863 1551 1279 1610; x_wconf 86' lang='lat' dir='ltr'>Aristarcbeae</span> <span class='ocrx_word' id='word_1_113' title='bbox 1326 1551 1662 1610; x_wconf 88' lang='lat' dir='ltr'>atheteseos</span> <span class='ocrx_word' id='word_1_114' title='bbox 1709 1568 1885 1608; x_wconf 88' lang='lat' dir='ltr'>causa</span> <span class='ocrx_word' id='word_1_115' title='bbox 1914 1550 2096 1608; x_wconf 89' lang='lat' dir='ltr'>fuisse</span> <span class='ocrx_word' id='word_1_116' title='bbox 2128 1550 2374 1610; x_wconf 89' lang='lat' dir='ltr'>dicitur:</span> <span class='ocrx_word' id='word_1_117' title='bbox 2424 1545 2514 1607; x_wconf 79' lang='grc' dir='ltr'>ὅτι</span> <span class='ocrx_word' id='word_1_118' title='bbox 2558 1553 2757 1608; x_wconf 81' lang='grc' dir='ltr'><em>παλιλ-</em></span> 
     </span>
     <span class='ocr_line' id='line_1_15' title="bbox 434 1624 2757 1716; baseline -0 -22"><span class='ocrx_word' id='word_1_119' title='bbox 434 1640 628 1714; x_wconf 82' lang='grc' dir='ltr'><em>λογεΐν</em></span> <span class='ocrx_word' id='word_1_120' title='bbox 656 1634 1006 1716; x_wconf 83' lang='grc' dir='ltr'><em>παρῄτηται.</em></span> <span class='ocrx_word' id='word_1_121' title='bbox 1081 1628 1370 1712; x_wconf 71' lang='grc' dir='ltr'><em>ἀλλότριοι</em></span> <span class='ocrx_word' id='word_1_122' title='bbox 1414 1624 1527 1712; x_wconf 69' lang='grc' dir='ltr'>ὅρα</span> <span class='ocrx_word' id='word_1_123' title='bbox 1571 1634 1634 1692; x_wconf 73' lang='grc' dir='ltr'>οἱ</span> <span class='ocrx_word' id='word_1_124' title='bbox 1671 1630 2092 1711; x_wconf 78' lang='grc' dir='ltr'><em>ἐπιφερόμενοι</em></span> <span class='ocrx_word' id='word_1_125' title='bbox 2135 1633 2316 1711; x_wconf 84' lang='grc' dir='ltr'><em>στίχοι</em></span> <span class='ocrx_word' id='word_1_126' title='bbox 2360 1631 2550 1693; x_wconf 86' lang='grc' dir='ltr'><em>εἴκοσι</em></span> <span class='ocrx_word' id='word_1_127' title='bbox 2596 1631 2757 1694; x_wconf 75' lang='grc' dir='ltr'><em>ἑπτά.</em></span> 
     </span>
     <span class='ocr_line' id='line_1_16' title="bbox 428 1714 2759 1817; baseline 0 -39"><span class='ocrx_word' id='word_1_128' title='bbox 428 1722 537 1779; x_wconf 85' lang='lat' dir='ltr'>Cui</span> <span class='ocrx_word' id='word_1_129' title='bbox 583 1722 840 1796; x_wconf 87' lang='lat' dir='ltr'>perbene</span> <span class='ocrx_word' id='word_1_130' title='bbox 869 1722 1019 1780; x_wconf 91' lang='lat' dir='ltr'>alius</span> <span class='ocrx_word' id='word_1_131' title='bbox 1063 1722 1399 1795; x_wconf 82' lang='lat' dir='ltr'>respondit.</span> <span class='ocrx_word' id='word_1_132' title='bbox 1446 1741 1647 1796; x_wconf 85' lang='grc' dir='ltr'><strong><em>ακρως</em></strong></span> <span class='ocrx_word' id='word_1_133' title='bbox 1694 1715 1945 1795; x_wconf 79' lang='grc' dir='ltr'><strong><em>ἐνέφηνε</em></strong></span> <span class='ocrx_word' id='word_1_134' title='bbox 1992 1714 2057 1776; x_wconf 80' lang='grc' dir='ltr'>τὸ</span> <span class='ocrx_word' id='word_1_135' title='bbox 2101 1718 2466 1817; x_wconf 84' lang='grc' dir='ltr'><em>βαρύθυμον</em></span> <span class='ocrx_word' id='word_1_136' title='bbox 2509 1717 2610 1776; x_wconf 80' lang='grc' dir='ltr'><em>δια</em></span> <span class='ocrx_word' id='word_1_137' title='bbox 2657 1728 2759 1778; x_wconf 85' lang='grc' dir='ltr'>τοῦ</span> 
     </span>
     <span class='ocr_line' id='line_1_17' title="bbox 426 1796 2758 1882; baseline 0 -20"><span class='ocrx_word' id='word_1_138' title='bbox 426 1804 762 1882; x_wconf 84' lang='grc' dir='ltr'><em>προοιμίου</em></span> <span class='ocrx_word' id='word_1_139' title='bbox 798 1802 898 1864; x_wconf 84' lang='grc' dir='ltr'>καὶ</span> <span class='ocrx_word' id='word_1_140' title='bbox 919 1801 1070 1881; x_wconf 82' lang='grc' dir='ltr'><em>πρὸς</em></span> <span class='ocrx_word' id='word_1_141' title='bbox 1108 1797 1333 1875; x_wconf 79' lang='grc' dir='ltr'><em>εἰδότας</em></span> <span class='ocrx_word' id='word_1_142' title='bbox 1364 1802 1431 1862; x_wconf 81' lang='grc' dir='ltr'>δὲ</span> <span class='ocrx_word' id='word_1_143' title='bbox 1463 1802 1603 1873; x_wconf 75' lang='grc' dir='ltr'><em>ἔθος</em></span> <span class='ocrx_word' id='word_1_144' title='bbox 1625 1799 1816 1882; x_wconf 81' lang='grc' dir='ltr'><em>λέγειν</em></span> <span class='ocrx_word' id='word_1_145' title='bbox 1848 1801 2340 1878; x_wconf 69' lang='grc' dir='ltr'>ἐπικουφίζοντος</span> <span class='ocrx_word' id='word_1_146' title='bbox 2372 1796 2480 1880; x_wconf 78' lang='grc' dir='ltr'>τὴν</span> <span class='ocrx_word' id='word_1_147' title='bbox 2512 1798 2758 1879; x_wconf 81' lang='grc' dir='ltr'><strong><em>ὀδύνην.</em></strong></span> 
     </span>
     <span class='ocr_line' id='line_1_18' title="bbox 434 1888 2759 1987; baseline 0 -38"><span class='ocrx_word' id='word_1_148' title='bbox 434 1893 700 1961; x_wconf 84' lang='lat' dir='ltr'>Quocum</span> <span class='ocrx_word' id='word_1_149' title='bbox 747 1891 1019 1950; x_wconf 84' lang='lat' dir='ltr'>conseras</span> <span class='ocrx_word' id='word_1_150' title='bbox 1065 1890 1427 1949; x_wconf 86' lang='lat' dir='ltr'>Lachmanni</span> <span class='ocrx_word' id='word_1_151' title='bbox 1473 1890 1656 1950; x_wconf 83' lang='lat' dir='ltr'>verba</span> <span class='ocrx_word' id='word_1_152' title='bbox 1698 1910 1755 1987; x_wconf 86' lang='lat' dir='ltr'>p.</span> <span class='ocrx_word' id='word_1_153' title='bbox 1795 1893 1861 1947; x_wconf 88' lang='lat'>7:</span> <span class='ocrx_word' id='word_1_154' title='bbox 1911 1891 2070 1964; x_wconf 76' lang='lat' dir='ltr'>„(&#39;die</span> <span class='ocrx_word' id='word_1_155' title='bbox 2097 1888 2661 1964; x_wconf 66' lang='lat' dir='ltr'>Anakcfflealaeosis)</span> <span class='ocrx_word' id='word_1_156' title='bbox 2689 1893 2759 1949; x_wconf 79' lang='lat' dir='ltr'>ist</span> 
     </span>
     <span class='ocr_line' id='line_1_19' title="bbox 425 1974 2762 2051; baseline 0 -18"><span class='ocrx_word' id='word_1_157' title='bbox 425 1977 557 2034; x_wconf 79' lang='lat' dir='ltr'>sehr</span> <span class='ocrx_word' id='word_1_158' title='bbox 608 1978 785 2035; x_wconf 74' lang='lat' dir='ltr'>schim</span> <span class='ocrx_word' id='word_1_159' title='bbox 835 1978 902 2034; x_wconf 77' lang='lat' dir='ltr'>in</span> <span class='ocrx_word' id='word_1_160' title='bbox 958 1979 1145 2035; x_wconf 61' lang='lat' dir='ltr'>vinem</span> <span class='ocrx_word' id='word_1_161' title='bbox 1187 1977 1417 2034; x_wconf 74' lang='lat' dir='ltr'>andern</span> <span class='ocrx_word' id='word_1_162' title='bbox 1461 1977 1629 2043; x_wconf 70' lang='lat' dir='ltr'>liede,</span> <span class='ocrx_word' id='word_1_163' title='bbox 1687 1977 1756 2032; x_wconf 74' lang='lat' dir='ltr'>in</span> <span class='ocrx_word' id='word_1_164' title='bbox 1797 1976 1958 2032; x_wconf 73' lang='lat' dir='ltr'>einer</span> <span class='ocrx_word' id='word_1_165' title='bbox 1998 1974 2384 2051; x_wconf 72' lang='lat' dir='ltr'>sortsctzuny,</span> <span class='ocrx_word' id='word_1_166' title='bbox 2440 1976 2532 2034; x_wconf 80' lang='lat' dir='ltr'>dic</span> <span class='ocrx_word' id='word_1_167' title='bbox 2573 1994 2637 2033; x_wconf 87' lang='lat' dir='ltr'>so</span> <span class='ocrx_word' id='word_1_168' title='bbox 2681 1995 2762 2033; x_wconf 77' lang='lat' dir='ltr'>an</span> 
     </span>
     <span class='ocr_line' id='line_1_20' title="bbox 428 2060 2372 2135; baseline 0.001 -16"><span class='ocrx_word' id='word_1_169' title='bbox 428 2065 598 2119; x_wconf 73' lang='lat' dir='ltr'>einen</span> <span class='ocrx_word' id='word_1_170' title='bbox 639 2063 870 2120; x_wconf 74' lang='lat' dir='ltr'>andern</span> <span class='ocrx_word' id='word_1_171' title='bbox 915 2061 1186 2119; x_wconf 71' lang='lat' dir='ltr'>belicbten</span> <span class='ocrx_word' id='word_1_172' title='bbox 1223 2079 1443 2135; x_wconf 69' lang='lat' dir='ltr'>yesany</span> <span class='ocrx_word' id='word_1_173' title='bbox 1487 2062 1755 2133; x_wconf 73' lang='lat' dir='ltr'>anmutiy</span> <span class='ocrx_word' id='word_1_174' title='bbox 1796 2060 2014 2117; x_wconf 22' lang='lat' dir='ltr'>zuvrnck</span> <span class='ocrx_word' id='word_1_175' title='bbox 2058 2063 2372 2122; x_wconf 58' lang='lat' dir='ltr'>wimwrtf‘</span> 
     </span>
    </p>

    <p class='ocr_par' dir='ltr' id='par_1_9' title="bbox 426 2144 2759 3576">
     <span class='ocr_line' id='line_1_21' title="bbox 600 2144 2758 2220; baseline -0 -16"><span class='ocrx_word' id='word_1_176' title='bbox 600 2146 755 2205; x_wconf 88' lang='lat' dir='ltr'>Sunt</span> <span class='ocrx_word' id='word_1_177' title='bbox 811 2145 1050 2204; x_wconf 92' lang='lat' dir='ltr'>omnino</span> <span class='ocrx_word' id='word_1_178' title='bbox 1109 2146 1225 2203; x_wconf 89' lang='lat' dir='ltr'>duo</span> <span class='ocrx_word' id='word_1_179' title='bbox 1283 2145 1628 2203; x_wconf 86' lang='lat' dir='ltr'>atheteseon</span> <span class='ocrx_word' id='word_1_180' title='bbox 1680 2144 2189 2202; x_wconf 86' lang='lat' dir='ltr'>Aristarchearum</span> <span class='ocrx_word' id='word_1_181' title='bbox 2232 2164 2456 2220; x_wconf 88' lang='lat' dir='ltr'>genera</span> <span class='ocrx_word' id='word_1_182' title='bbox 2501 2177 2574 2185; x_wconf 86' lang='lat'>—</span> <span class='ocrx_word' id='word_1_183' title='bbox 2624 2164 2758 2203; x_wconf 89' lang='lat' dir='ltr'>nam</span> 
     </span>
     <span class='ocr_line' id='line_1_22' title="bbox 431 2228 2759 2305; baseline -0 -16"><span class='ocrx_word' id='word_1_184' title='bbox 431 2250 465 2289; x_wconf 90' lang='lat' dir='ltr'>a</span> <span class='ocrx_word' id='word_1_185' title='bbox 511 2231 865 2290; x_wconf 89' lang='lat' dir='ltr'>Zenodoteis</span> <span class='ocrx_word' id='word_1_186' title='bbox 911 2230 1151 2289; x_wconf 91' lang='lat' dir='ltr'>omnino</span> <span class='ocrx_word' id='word_1_187' title='bbox 1210 2230 1405 2289; x_wconf 88' lang='lat' dir='ltr'>minus</span> <span class='ocrx_word' id='word_1_188' title='bbox 1461 2229 1737 2287; x_wconf 88' lang='lat' dir='ltr'>imminet</span> <span class='ocrx_word' id='word_1_189' title='bbox 1789 2228 2038 2302; x_wconf 90' lang='lat' dir='ltr'>periculi</span> <span class='ocrx_word' id='word_1_190' title='bbox 2093 2262 2192 2301; x_wconf 88' lang='lat'>—,</span> <span class='ocrx_word' id='word_1_191' title='bbox 2241 2249 2390 2304; x_wconf 91' lang='lat' dir='ltr'>quae</span> <span class='ocrx_word' id='word_1_192' title='bbox 2443 2248 2518 2287; x_wconf 90' lang='lat' dir='ltr'>ne</span> <span class='ocrx_word' id='word_1_193' title='bbox 2565 2230 2759 2305; x_wconf 89' lang='lat' dir='ltr'>impo-</span> 
     </span>
     <span class='ocr_line' id='line_1_23' title="bbox 428 2314 2759 2389; baseline -0.001 -15"><span class='ocrx_word' id='word_1_194' title='bbox 428 2319 574 2374; x_wconf 87' lang='lat' dir='ltr'>nant</span> <span class='ocrx_word' id='word_1_195' title='bbox 629 2316 802 2374; x_wconf 89' lang='lat' dir='ltr'>nobis</span> <span class='ocrx_word' id='word_1_196' title='bbox 862 2334 1065 2375; x_wconf 82' lang='lat' dir='ltr'>cavere</span> <span class='ocrx_word' id='word_1_197' title='bbox 1118 2314 1430 2389; x_wconf 84' lang='lat' dir='ltr'>debemus3</span> <span class='ocrx_word' id='word_1_198' title='bbox 1499 2314 1754 2389; x_wconf 89' lang='lat' dir='ltr'>primum</span> <span class='ocrx_word' id='word_1_199' title='bbox 1817 2332 2046 2385; x_wconf 89' lang='lat' dir='ltr'>earum,</span> <span class='ocrx_word' id='word_1_200' title='bbox 2112 2334 2263 2388; x_wconf 92' lang='lat' dir='ltr'>quae</span> <span class='ocrx_word' id='word_1_201' title='bbox 2330 2314 2404 2372; x_wconf 88' lang='lat' dir='ltr'>ad</span> <span class='ocrx_word' id='word_1_202' title='bbox 2466 2314 2759 2373; x_wconf 89' lang='lat' dir='ltr'>tollendas</span> 
     </span>
     <span class='ocr_line' id='line_1_24' title="bbox 431 2397 2758 2495; baseline -0.001 -37"><span class='ocrx_word' id='word_1_203' title='bbox 431 2402 757 2460; x_wconf 84' lang='lat' dir='ltr'>carminum</span> <span class='ocrx_word' id='word_1_204' title='bbox 806 2400 1231 2495; x_wconf 82' lang='lat' dir='ltr'>discrepantias</span> <span class='ocrx_word' id='word_1_205' title='bbox 1264 2401 1661 2458; x_wconf 89' lang='lat' dir='ltr'>instituuntur</span> <span class='ocrx_word' id='word_1_206' title='bbox 1691 2397 1945 2455; x_wconf 86' lang='lat' dir='ltr'>creditae</span> <span class='ocrx_word' id='word_1_207' title='bbox 1975 2399 2222 2457; x_wconf 86' lang='lat' dir='ltr'>unitatis</span> <span class='ocrx_word' id='word_1_208' title='bbox 2253 2399 2468 2475; x_wconf 87' lang='lat' dir='ltr'>gratia,</span> <span class='ocrx_word' id='word_1_209' title='bbox 2510 2399 2758 2457; x_wconf 88' lang='lat' dir='ltr'>alterum</span> 
     </span>
     <span class='ocr_line' id='line_1_25' title="bbox 428 2474 2759 2561; baseline -0.001 -18"><span class='ocrx_word' id='word_1_210' title='bbox 428 2505 650 2558; x_wconf 88' lang='lat' dir='ltr'>earum,</span> <span class='ocrx_word' id='word_1_211' title='bbox 700 2505 849 2561; x_wconf 88' lang='lat' dir='ltr'>quae</span> <span class='ocrx_word' id='word_1_212' title='bbox 892 2480 991 2543; x_wconf 73' lang='grc' dir='ltr'>διὰ</span> <span class='ocrx_word' id='word_1_213' title='bbox 1037 2474 1100 2541; x_wconf 83' lang='grc' dir='ltr'>τὸ</span> <span class='ocrx_word' id='word_1_214' title='bbox 1146 2478 1403 2560; x_wconf 75' lang='grc' dir='ltr'><em>ἀπρεπές</em></span> <span class='ocrx_word' id='word_1_215' title='bbox 1449 2483 1952 2542; x_wconf 86' lang='lat' dir='ltr'>commendantur.</span> <span class='ocrx_word' id='word_1_216' title='bbox 2026 2482 2098 2540; x_wconf 95' lang='lat' dir='ltr'>In</span> <span class='ocrx_word' id='word_1_217' title='bbox 2144 2483 2264 2542; x_wconf 91' lang='lat' dir='ltr'>illis</span> <span class='ocrx_word' id='word_1_218' title='bbox 2309 2487 2377 2542; x_wconf 91' lang='lat' dir='ltr'>ut</span> <span class='ocrx_word' id='word_1_219' title='bbox 2419 2484 2759 2542; x_wconf 84' lang='lat' dir='ltr'>criticorum</span> 
     </span>
     <span class='ocr_line' id='line_1_26' title="bbox 426 2569 2757 2646; baseline -0 -17"><span class='ocrx_word' id='word_1_220' title='bbox 426 2573 701 2646; x_wconf 86' lang='lat' dir='ltr'>princeps</span> <span class='ocrx_word' id='word_1_221' title='bbox 758 2573 962 2629; x_wconf 87' lang='lat' dir='ltr'>eadem</span> <span class='ocrx_word' id='word_1_222' title='bbox 1020 2574 1089 2628; x_wconf 88' lang='lat' dir='ltr'>ut</span> <span class='ocrx_word' id='word_1_223' title='bbox 1145 2571 1387 2628; x_wconf 88' lang='lat' dir='ltr'>unitarii</span> <span class='ocrx_word' id='word_1_224' title='bbox 1445 2570 1637 2628; x_wconf 90' lang='lat' dir='ltr'>nostri</span> <span class='ocrx_word' id='word_1_225' title='bbox 1696 2569 1975 2644; x_wconf 92' lang='lat' dir='ltr'>opinione</span> <span class='ocrx_word' id='word_1_226' title='bbox 2019 2571 2391 2629; x_wconf 88' lang='lat' dir='ltr'>transversus</span> <span class='ocrx_word' id='word_1_227' title='bbox 2438 2573 2605 2628; x_wconf 87' lang='lat' dir='ltr'>actus</span> <span class='ocrx_word' id='word_1_228' title='bbox 2651 2574 2757 2639; x_wconf 81' lang='lat' dir='ltr'>est,</span> 
     </span>
     <span class='ocr_line' id='line_1_27' title="bbox 429 2653 2757 2731; baseline 0 -19"><span class='ocrx_word' id='word_1_229' title='bbox 429 2658 511 2713; x_wconf 85' lang='lat' dir='ltr'>ita</span> <span class='ocrx_word' id='word_1_230' title='bbox 567 2657 629 2713; x_wconf 90' lang='lat' dir='ltr'>in</span> <span class='ocrx_word' id='word_1_231' title='bbox 689 2656 781 2714; x_wconf 89' lang='lat' dir='ltr'>his</span> <span class='ocrx_word' id='word_1_232' title='bbox 837 2656 1030 2731; x_wconf 84' lang='lat' dir='ltr'>magis</span> <span class='ocrx_word' id='word_1_233' title='bbox 1087 2656 1265 2713; x_wconf 88' lang='lat' dir='ltr'>etiam</span> <span class='ocrx_word' id='word_1_234' title='bbox 1311 2674 1486 2729; x_wconf 92' lang='lat' dir='ltr'>quam</span> <span class='ocrx_word' id='word_1_235' title='bbox 1533 2657 1832 2712; x_wconf 89' lang='lat' dir='ltr'>nostrates</span> <span class='ocrx_word' id='word_1_236' title='bbox 1878 2653 2078 2729; x_wconf 88' lang='lat' dir='ltr'>lapsus</span> <span class='ocrx_word' id='word_1_237' title='bbox 2123 2674 2252 2712; x_wconf 89' lang='lat' dir='ltr'>esse</span> <span class='ocrx_word' id='word_1_238' title='bbox 2298 2654 2535 2713; x_wconf 86' lang='lat' dir='ltr'>videtur</span> <span class='ocrx_word' id='word_1_239' title='bbox 2578 2655 2757 2713; x_wconf 89' lang='lat' dir='ltr'>inter-</span> 
     </span>
     <span class='ocr_line' id='line_1_28' title="bbox 428 2738 2756 2814; baseline 0 -17"><span class='ocrx_word' id='word_1_240' title='bbox 428 2740 567 2798; x_wconf 91' lang='lat' dir='ltr'>dum</span> <span class='ocrx_word' id='word_1_241' title='bbox 615 2758 734 2798; x_wconf 91' lang='lat' dir='ltr'>non</span> <span class='ocrx_word' id='word_1_242' title='bbox 781 2743 902 2798; x_wconf 88' lang='lat' dir='ltr'>tam</span> <span class='ocrx_word' id='word_1_243' title='bbox 935 2740 1007 2796; x_wconf 90' lang='lat' dir='ltr'>ad</span> <span class='ocrx_word' id='word_1_244' title='bbox 1038 2743 1378 2813; x_wconf 90' lang='lat' dir='ltr'>temporum</span> <span class='ocrx_word' id='word_1_245' title='bbox 1408 2740 1778 2798; x_wconf 89' lang='lat' dir='ltr'>heroicorum</span> <span class='ocrx_word' id='word_1_246' title='bbox 1808 2739 2072 2797; x_wconf 85' lang='lat' dir='ltr'>nativam</span> <span class='ocrx_word' id='word_1_247' title='bbox 2106 2738 2548 2814; x_wconf 87' lang='lat' dir='ltr'>simplicitatem</span> <span class='ocrx_word' id='word_1_248' title='bbox 2579 2759 2756 2814; x_wconf 89' lang='lat' dir='ltr'>quam</span> 
     </span>
     <span class='ocr_line' id='line_1_29' title="bbox 426 2823 2759 2899; baseline -0 -17"><span class='ocrx_word' id='word_1_249' title='bbox 426 2825 499 2882; x_wconf 89' lang='lat' dir='ltr'>ad</span> <span class='ocrx_word' id='word_1_250' title='bbox 557 2826 780 2882; x_wconf 86' lang='lat' dir='ltr'>aulicae</span> <span class='ocrx_word' id='word_1_251' title='bbox 825 2825 984 2883; x_wconf 89' lang='lat' dir='ltr'>vitae</span> <span class='ocrx_word' id='word_1_252' title='bbox 1030 2823 1270 2882; x_wconf 85' lang='lat' dir='ltr'>delicias</span> <span class='ocrx_word' id='word_1_253' title='bbox 1333 2824 1788 2899; x_wconf 86' lang='lat' dir='ltr'>aequaliumque</span> <span class='ocrx_word' id='word_1_254' title='bbox 1832 2826 2033 2881; x_wconf 80' lang='lat' dir='ltr'>acutas</span> <span class='ocrx_word' id='word_1_255' title='bbox 2085 2842 2258 2882; x_wconf 89' lang='lat' dir='ltr'>nares</span> <span class='ocrx_word' id='word_1_256' title='bbox 2302 2824 2535 2883; x_wconf 89' lang='lat' dir='ltr'>honesti</span> <span class='ocrx_word' id='word_1_257' title='bbox 2583 2828 2759 2899; x_wconf 86' lang='lat' dir='ltr'>atque</span> 
     </span>
     <span class='ocr_line' id='line_1_30' title="bbox 428 2908 2749 2982; baseline -0.001 -15"><span class='ocrx_word' id='word_1_258' title='bbox 428 2910 625 2967; x_wconf 89' lang='lat' dir='ltr'>decori</span> <span class='ocrx_word' id='word_1_259' title='bbox 691 2910 953 2967; x_wconf 88' lang='lat' dir='ltr'>rationes</span> <span class='ocrx_word' id='word_1_260' title='bbox 1019 2927 1319 2968; x_wconf 87' lang='lat' dir='ltr'>revocans.</span> <span class='ocrx_word' id='word_1_261' title='bbox 1412 2909 1542 2967; x_wconf 89' lang='lat' dir='ltr'>Huc</span> <span class='ocrx_word' id='word_1_262' title='bbox 1611 2928 1746 2967; x_wconf 89' lang='lat' dir='ltr'>cum</span> <span class='ocrx_word' id='word_1_263' title='bbox 1814 2927 1993 2982; x_wconf 89' lang='lat' dir='ltr'>supra</span> <span class='ocrx_word' id='word_1_264' title='bbox 2058 2908 2342 2968; x_wconf 87' lang='lat' dir='ltr'>athetesis</span> <span class='ocrx_word' id='word_1_265' title='bbox 2401 2910 2459 2965; x_wconf 90' lang='lat' dir='ltr'><em>A</em></span> <span class='ocrx_word' id='word_1_266' title='bbox 2506 2910 2749 2967; x_wconf 81' lang='lat'>29—31</span> 
     </span>
     <span class='ocr_line' id='line_1_31' title="bbox 427 2993 2756 3068; baseline 0 -16"><span class='ocrx_word' id='word_1_267' title='bbox 427 2995 716 3068; x_wconf 87' lang='lat' dir='ltr'>pertinet,</span> <span class='ocrx_word' id='word_1_268' title='bbox 777 2994 870 3052; x_wconf 92' lang='lat' dir='ltr'>cui</span> <span class='ocrx_word' id='word_1_269' title='bbox 925 2994 1044 3051; x_wconf 86' lang='lat' dir='ltr'>iam</span> <span class='ocrx_word' id='word_1_270' title='bbox 1101 2995 1261 3051; x_wconf 88' lang='lat' dir='ltr'>recte</span> <span class='ocrx_word' id='word_1_271' title='bbox 1306 2993 1793 3052; x_wconf 84' lang='lat' dir='ltr'>contradixerunt</span> <span class='ocrx_word' id='word_1_272' title='bbox 1836 2993 2094 3067; x_wconf 87' lang='lat' dir='ltr'>antiqui,</span> <span class='ocrx_word' id='word_1_273' title='bbox 2142 2996 2301 3065; x_wconf 91' lang='lat' dir='ltr'>tum,</span> <span class='ocrx_word' id='word_1_274' title='bbox 2365 2998 2434 3051; x_wconf 89' lang='lat' dir='ltr'>ut</span> <span class='ocrx_word' id='word_1_275' title='bbox 2489 2993 2756 3052; x_wconf 92' lang='lat' dir='ltr'>luculen-</span> 
     </span>
     <span class='ocr_line' id='line_1_32' title="bbox 428 3077 2758 3154; baseline -0.001 -17"><span class='ocrx_word' id='word_1_276' title='bbox 428 3080 725 3137; x_wconf 89' lang='lat' dir='ltr'>tissimum</span> <span class='ocrx_word' id='word_1_277' title='bbox 771 3097 987 3154; x_wconf 91' lang='lat' dir='ltr'>ponam</span> <span class='ocrx_word' id='word_1_278' title='bbox 1021 3078 1377 3153; x_wconf 82' lang='lat' dir='ltr'>exemplum,</span> <span class='ocrx_word' id='word_1_279' title='bbox 1422 3077 1595 3148; x_wconf 60' lang='lat'>3244</span> <span class='ocrx_word' id='word_1_280' title='bbox 1628 3097 1714 3153; x_wconf 90' lang='lat' dir='ltr'>sq.</span> <span class='ocrx_word' id='word_1_281' title='bbox 1765 3080 1826 3135; x_wconf 89' lang='lat' dir='ltr'>et</span> <span class='ocrx_word' id='word_1_282' title='bbox 1856 3078 2211 3150; x_wconf 83' lang='lat'>275—288‚</span> <span class='ocrx_word' id='word_1_283' title='bbox 2260 3098 2377 3153; x_wconf 89' lang='lat' dir='ltr'>qua</span> <span class='ocrx_word' id='word_1_284' title='bbox 2408 3079 2758 3137; x_wconf 88' lang='lat' dir='ltr'>suavissima</span> 
     </span>
     <span class='ocr_line' id='line_1_33' title="bbox 428 3163 2756 3237; baseline -0 -16"><span class='ocrx_word' id='word_1_285' title='bbox 428 3165 721 3237; x_wconf 87' lang='lat' dir='ltr'>ingenuae</span> <span class='ocrx_word' id='word_1_286' title='bbox 764 3163 1015 3237; x_wconf 87' lang='lat' dir='ltr'>virginis</span> <span class='ocrx_word' id='word_1_287' title='bbox 1062 3163 1427 3222; x_wconf 83' lang='lat' dir='ltr'>confessione</span> <span class='ocrx_word' id='word_1_288' title='bbox 1474 3182 1649 3237; x_wconf 84' lang='lat' dir='ltr'>aegre</span> <span class='ocrx_word' id='word_1_289' title='bbox 1696 3181 1989 3235; x_wconf 85' lang='lat' dir='ltr'>caremus,</span> <span class='ocrx_word' id='word_1_290' title='bbox 2039 3181 2171 3220; x_wconf 90' lang='lat' dir='ltr'>cum</span> <span class='ocrx_word' id='word_1_291' title='bbox 2219 3163 2291 3220; x_wconf 87' lang='lat' dir='ltr'>de</span> <span class='ocrx_word' id='word_1_292' title='bbox 2336 3183 2374 3236; x_wconf 87' lang='grc' dir='ltr'>η</span> <span class='ocrx_word' id='word_1_293' title='bbox 2420 3164 2756 3221; x_wconf 85' lang='grc'><strong>311-316</strong></span> 
     </span>
     <span class='ocr_line' id='line_1_34' title="bbox 427 3247 2758 3322; baseline -0 -17"><span class='ocrx_word' id='word_1_294' title='bbox 427 3248 618 3322; x_wconf 89' lang='lat' dir='ltr'>magis</span> <span class='ocrx_word' id='word_1_295' title='bbox 677 3247 935 3305; x_wconf 89' lang='lat' dir='ltr'>dubitari</span> <span class='ocrx_word' id='word_1_296' title='bbox 994 3249 1200 3322; x_wconf 86' lang='lat' dir='ltr'>possit.</span> <span class='ocrx_word' id='word_1_297' title='bbox 1291 3248 1417 3305; x_wconf 92' lang='lat' dir='ltr'>Nec</span> <span class='ocrx_word' id='word_1_298' title='bbox 1463 3251 1717 3317; x_wconf 81' lang='lat' dir='ltr'>ceteras,</span> <span class='ocrx_word' id='word_1_299' title='bbox 1765 3265 1912 3321; x_wconf 88' lang='lat' dir='ltr'>quas</span> <span class='ocrx_word' id='word_1_300' title='bbox 1958 3247 2018 3304; x_wconf 90' lang='lat' dir='ltr'>in</span> <span class='ocrx_word' id='word_1_301' title='bbox 2068 3249 2126 3301; x_wconf 93' lang='lat' dir='ltr'><em>A</em></span> <span class='ocrx_word' id='word_1_302' title='bbox 2169 3248 2314 3306; x_wconf 84' lang='lat' dir='ltr'>fecit</span> <span class='ocrx_word' id='word_1_303' title='bbox 2359 3248 2758 3315; x_wconf 84' lang='lat' dir='ltr'>AristarchuS,</span> 
     </span>
     <span class='ocr_line' id='line_1_35' title="bbox 427 3330 2756 3408; baseline 0 -19"><span class='ocrx_word' id='word_1_304' title='bbox 427 3333 718 3390; x_wconf 85' lang='lat' dir='ltr'>atheteses</span> <span class='ocrx_word' id='word_1_305' title='bbox 787 3335 893 3390; x_wconf 89' lang='lat' dir='ltr'>aut</span> <span class='ocrx_word' id='word_1_306' title='bbox 958 3333 1089 3390; x_wconf 88' lang='lat' dir='ltr'>aliis</span> <span class='ocrx_word' id='word_1_307' title='bbox 1156 3331 1395 3407; x_wconf 89' lang='lat' dir='ltr'>probari</span> <span class='ocrx_word' id='word_1_308' title='bbox 1455 3332 1624 3390; x_wconf 86' lang='lat' dir='ltr'>video</span> <span class='ocrx_word' id='word_1_309' title='bbox 1684 3334 1790 3388; x_wconf 88' lang='lat' dir='ltr'>aut</span> <span class='ocrx_word' id='word_1_310' title='bbox 1846 3331 1974 3405; x_wconf 89' lang='lat' dir='ltr'>ipse</span> <span class='ocrx_word' id='word_1_311' title='bbox 2033 3330 2281 3404; x_wconf 87' lang='lat' dir='ltr'>probare</span> <span class='ocrx_word' id='word_1_312' title='bbox 2324 3351 2596 3408; x_wconf 87' lang='lat' dir='ltr'>possum:</span> <span class='ocrx_word' id='word_1_313' title='bbox 2657 3334 2756 3390; x_wconf 85' lang='lat'>94.</span> 
     </span>
     <span class='ocr_line' id='line_1_36' title="bbox 431 3415 2754 3491; baseline 0 -18"><span class='ocrx_word' id='word_1_314' title='bbox 431 3418 569 3475; x_wconf 92' lang='lat'>110.</span> <span class='ocrx_word' id='word_1_315' title='bbox 621 3418 739 3475; x_wconf 88' lang='lat'>133</span> <span class='ocrx_word' id='word_1_316' title='bbox 773 3436 856 3491; x_wconf 90' lang='lat' dir='ltr'>sq.</span> <span class='ocrx_word' id='word_1_317' title='bbox 908 3419 1046 3474; x_wconf 87' lang='grc'><strong>139.</strong></span> <span class='ocrx_word' id='word_1_318' title='bbox 1099 3419 1235 3488; x_wconf 82' lang='lat'>192,</span> <span class='ocrx_word' id='word_1_319' title='bbox 1281 3416 1495 3491; x_wconf 89' lang='lat' dir='ltr'>quibus</span> <span class='ocrx_word' id='word_1_320' title='bbox 1542 3415 1819 3474; x_wconf 89' lang='lat' dir='ltr'>omnibus</span> <span class='ocrx_word' id='word_1_321' title='bbox 1865 3415 2026 3486; x_wconf 86' lang='lat' dir='ltr'>tolli,</span> <span class='ocrx_word' id='word_1_322' title='bbox 2090 3435 2239 3490; x_wconf 88' lang='lat' dir='ltr'>quae</span> <span class='ocrx_word' id='word_1_323' title='bbox 2285 3417 2542 3476; x_wconf 89' lang='lat' dir='ltr'>retinere</span> <span class='ocrx_word' id='word_1_324' title='bbox 2590 3417 2754 3487; x_wconf 84' lang='lat' dir='ltr'>velis,</span> 
     </span>
     <span class='ocr_line' id='line_1_37' title="bbox 426 3501 1305 3576; baseline 0 -17"><span class='ocrx_word' id='word_1_325' title='bbox 426 3501 598 3559; x_wconf 86' lang='lat' dir='ltr'>facile</span> <span class='ocrx_word' id='word_1_326' title='bbox 643 3501 1041 3560; x_wconf 89' lang='lat' dir='ltr'>demonstrari</span> <span class='ocrx_word' id='word_1_327' title='bbox 1086 3504 1305 3576; x_wconf 86' lang='lat' dir='ltr'>potest.</span> 
     </span>
    </p>
   </div>
   <div class='ocr_carea' id='block_1_8' title="bbox 1391 3652 1795 3660">
    <p class='ocr_par' dir='ltr' id='par_1_10' title="bbox 1391 3652 1795 3660">
     <span class='ocr_line' id='line_1_38' title="bbox 1391 3652 1795 3660; baseline 0 1469"><span class='ocrx_word' id='word_1_328' title='bbox 1391 3652 1795 3660; x_wconf 95' lang='lat' dir='ltr'> </span> 
     </span>
    </p>
   </div>
   <div class='ocr_carea' id='block_1_9' title="bbox 424 3788 2757 4541">
    <p class='ocr_par' dir='ltr' id='par_1_11' title="bbox 424 3788 2757 4541">
     <span class='ocr_line' id='line_1_39' title="bbox 596 3788 2755 3862; baseline -0.001 -13"><span class='ocrx_word' id='word_1_329' title='bbox 596 3790 684 3849; x_wconf 88' lang='lat' dir='ltr'>De</span> <span class='ocrx_word' id='word_1_330' title='bbox 742 3789 1062 3850; x_wconf 88' lang='lat' dir='ltr'>secundo</span> <span class='ocrx_word' id='word_1_331' title='bbox 1117 3788 1270 3847; x_wconf 91' lang='lat' dir='ltr'>libro</span> <span class='ocrx_word' id='word_1_332' title='bbox 1328 3789 1687 3862; x_wconf 86' lang='lat' dir='ltr'>paucissima</span> <span class='ocrx_word' id='word_1_333' title='bbox 1745 3792 1977 3850; x_wconf 88' lang='lat' dir='ltr'>tantum</span> <span class='ocrx_word' id='word_1_334' title='bbox 2036 3789 2306 3848; x_wconf 88' lang='lat' dir='ltr'>addenda</span> <span class='ocrx_word' id='word_1_335' title='bbox 2349 3789 2629 3848; x_wconf 86' lang='lat' dir='ltr'>videntur</span> <span class='ocrx_word' id='word_1_336' title='bbox 2683 3788 2755 3847; x_wconf 86' lang='lat' dir='ltr'>ad</span> 
     </span>
     <span class='ocr_line' id='line_1_40' title="bbox 427 3873 2753 3950; baseline -0.001 -16"><span class='ocrx_word' id='word_1_337' title='bbox 427 3896 524 3949; x_wconf 88' lang='lat' dir='ltr'>ea,</span> <span class='ocrx_word' id='word_1_338' title='bbox 579 3895 729 3950; x_wconf 86' lang='lat' dir='ltr'>quae</span> <span class='ocrx_word' id='word_1_339' title='bbox 784 3874 1011 3934; x_wconf 88' lang='lat' dir='ltr'>duabus</span> <span class='ocrx_word' id='word_1_340' title='bbox 1056 3873 1355 3948; x_wconf 87' lang='lat' dir='ltr'>prioribus</span> <span class='ocrx_word' id='word_1_341' title='bbox 1401 3874 1918 3933; x_wconf 86' lang='lat' dir='ltr'>dissertationibus</span> <span class='ocrx_word' id='word_1_342' title='bbox 1965 3875 2038 3933; x_wconf 89' lang='lat' dir='ltr'>de</span> <span class='ocrx_word' id='word_1_343' title='bbox 2083 3875 2210 3934; x_wconf 89' lang='lat' dir='ltr'>eius</span> <span class='ocrx_word' id='word_1_344' title='bbox 2256 3874 2615 3934; x_wconf 88' lang='lat' dir='ltr'>carminibus</span> <span class='ocrx_word' id='word_1_345' title='bbox 2661 3893 2753 3932; x_wconf 83' lang='lat' dir='ltr'>ex-</span> 
     </span>
     <span class='ocr_line' id='line_1_41' title="bbox 427 3958 2757 4036; baseline -0.002 -17"><span class='ocrx_word' id='word_1_346' title='bbox 427 3961 617 4036; x_wconf 90' lang='lat' dir='ltr'>posui.</span> <span class='ocrx_word' id='word_1_347' title='bbox 706 3961 880 4019; x_wconf 82' lang='lat' dir='ltr'>Illius</span> <span class='ocrx_word' id='word_1_348' title='bbox 926 3960 997 4018; x_wconf 92' lang='lat' dir='ltr'>de</span> <span class='ocrx_word' id='word_1_349' title='bbox 1041 3958 1238 4033; x_wconf 89' lang='lat' dir='ltr'>priore</span> <span class='ocrx_word' id='word_1_350' title='bbox 1283 3958 1422 4016; x_wconf 91' lang='lat' dir='ltr'>libri</span> <span class='ocrx_word' id='word_1_351' title='bbox 1468 3963 1641 4033; x_wconf 87' lang='lat' dir='ltr'>parte</span> <span class='ocrx_word' id='word_1_352' title='bbox 1674 3961 1723 4016; x_wconf 93' lang='lat' dir='ltr'><strong><em>B</em></strong></span> <span class='ocrx_word' id='word_1_353' title='bbox 1760 3960 2006 4018; x_wconf 80' lang='lat'>1—483</span> <span class='ocrx_word' id='word_1_354' title='bbox 2053 3960 2481 4033; x_wconf 85' lang='lat' dir='ltr'>disputationis</span> <span class='ocrx_word' id='word_1_355' title='bbox 2526 3977 2757 4018; x_wconf 89' lang='lat' dir='ltr'>summa</span> 
     </span>
     <span class='ocr_line' id='line_1_42' title="bbox 426 4044 2756 4118; baseline -0 -16"><span class='ocrx_word' id='word_1_356' title='bbox 426 4046 568 4104; x_wconf 90' lang='lat' dir='ltr'>haec</span> <span class='ocrx_word' id='word_1_357' title='bbox 598 4045 734 4116; x_wconf 86' lang='lat' dir='ltr'>fuit,</span> <span class='ocrx_word' id='word_1_358' title='bbox 769 4064 929 4104; x_wconf 83' lang='lat' dir='ltr'>esse</span> <span class='ocrx_word' id='word_1_359' title='bbox 974 4062 1125 4102; x_wconf 88' lang='lat' dir='ltr'>eam</span> <span class='ocrx_word' id='word_1_360' title='bbox 1172 4047 1460 4118; x_wconf 86' lang='lat' dir='ltr'>partem</span> <span class='ocrx_word' id='word_1_361' title='bbox 1492 4064 1523 4101; x_wconf 90' lang='lat' dir='ltr'>e</span> <span class='ocrx_word' id='word_1_362' title='bbox 1554 4044 1837 4103; x_wconf 86' lang='lat' dir='ltr'>duobus</span> <span class='ocrx_word' id='word_1_363' title='bbox 1883 4044 2348 4103; x_wconf 88' lang='lat' dir='ltr'>carminibus</span> <span class='ocrx_word' id='word_1_364' title='bbox 2394 4044 2756 4118; x_wconf 88' lang='lat' dir='ltr'>primitus</span> 
     </span>
     <span class='ocr_line' id='line_1_43' title="bbox 428 4128 2754 4204; baseline -0.001 -16"><span class='ocrx_word' id='word_1_365' title='bbox 428 4129 751 4188; x_wconf 83' lang='lat' dir='ltr'>diversis</span> <span class='ocrx_word' id='word_1_366' title='bbox 815 4130 939 4189; x_wconf 88' lang='lat' dir='ltr'>sed</span> <span class='ocrx_word' id='word_1_367' title='bbox 1004 4128 1280 4204; x_wconf 89' lang='lat' dir='ltr'>partim</span> <span class='ocrx_word' id='word_1_368' title='bbox 1347 4129 1732 4189; x_wconf 89' lang='lat' dir='ltr'>similibus</span> <span class='ocrx_word' id='word_1_369' title='bbox 1799 4129 2117 4204; x_wconf 90' lang='lat' dir='ltr'>indeque</span> <span class='ocrx_word' id='word_1_370' title='bbox 2182 4131 2443 4188; x_wconf 88' lang='lat' dir='ltr'>mutuo</span> <span class='ocrx_word' id='word_1_371' title='bbox 2518 4130 2754 4187; x_wconf 91' lang='lat' dir='ltr'>inter·</span> 
     </span>
     <span class='ocr_line' id='line_1_44' title="bbox 427 4212 2756 4289; baseline -0.001 -16"><span class='ocrx_word' id='word_1_372' title='bbox 427 4212 715 4289; x_wconf 89' lang='lat' dir='ltr'>polatis</span> <span class='ocrx_word' id='word_1_373' title='bbox 761 4234 795 4270; x_wconf 91' lang='lat' dir='ltr'>a</span> <span class='ocrx_word' id='word_1_374' title='bbox 838 4214 1330 4274; x_wconf 87' lang='lat' dir='ltr'>Pisistrateis</span> <span class='ocrx_word' id='word_1_375' title='bbox 1386 4215 2010 4286; x_wconf 87' lang='lat' dir='ltr'>contaminatam,</span> <span class='ocrx_word' id='word_1_376' title='bbox 2069 4215 2172 4289; x_wconf 89' lang='lat' dir='ltr'>qui</span> <span class='ocrx_word' id='word_1_377' title='bbox 2230 4215 2387 4272; x_wconf 88' lang='lat' dir='ltr'>hunc</span> <span class='ocrx_word' id='word_1_378' title='bbox 2443 4215 2636 4288; x_wconf 88' lang='lat' dir='ltr'>ipsum</span> <span class='ocrx_word' id='word_1_379' title='bbox 2694 4214 2756 4270; x_wconf 93' lang='lat' dir='ltr'>in</span> 
     </span>
     <span class='ocr_line' id='line_1_45' title="bbox 426 4295 2754 4377; baseline -0 -20"><span class='ocrx_word' id='word_1_380' title='bbox 426 4298 600 4357; x_wconf 89' lang='lat' dir='ltr'>finem</span> <span class='ocrx_word' id='word_1_381' title='bbox 649 4295 877 4374; x_wconf 83' lang='grc' dir='ltr'><em>βουλὴν</em></span> <span class='ocrx_word' id='word_1_382' title='bbox 919 4295 1220 4377; x_wconf 77' lang='grc' dir='ltr'><em>γερόντων</em></span> <span class='ocrx_word' id='word_1_383' title='bbox 1249 4299 1499 4357; x_wconf 85' lang='grc'>53-86</span> <span class='ocrx_word' id='word_1_384' title='bbox 1545 4302 1828 4359; x_wconf 87' lang='lat' dir='ltr'>consueto</span> <span class='ocrx_word' id='word_1_385' title='bbox 1875 4318 2039 4357; x_wconf 85' lang='lat' dir='ltr'>more</span> <span class='ocrx_word' id='word_1_386' title='bbox 2083 4320 2116 4357; x_wconf 90' lang='lat' dir='ltr'>e</span> <span class='ocrx_word' id='word_1_387' title='bbox 2162 4299 2512 4358; x_wconf 91' lang='lat' dir='ltr'>centonibus</span> <span class='ocrx_word' id='word_1_388' title='bbox 2543 4316 2754 4357; x_wconf 87' lang='lat' dir='ltr'>consu-</span> 
     </span>
     <span class='ocr_line' id='line_1_46' title="bbox 424 4382 2757 4460; baseline -0.001 -18"><span class='ocrx_word' id='word_1_389' title='bbox 424 4386 548 4442; x_wconf 90' lang='lat' dir='ltr'>tam</span> <span class='ocrx_word' id='word_1_390' title='bbox 609 4383 980 4443; x_wconf 89' lang='lat' dir='ltr'>intruserint.</span> <span class='ocrx_word' id='word_1_391' title='bbox 1069 4384 1151 4442; x_wconf 84' lang='lat' dir='ltr'>Et</span> <span class='ocrx_word' id='word_1_392' title='bbox 1208 4384 1353 4443; x_wconf 84' lang='lat' dir='ltr'>haec</span> <span class='ocrx_word' id='word_1_393' title='bbox 1406 4385 1703 4443; x_wconf 85' lang='lat' dir='ltr'>sententia</span> <span class='ocrx_word' id='word_1_394' title='bbox 1758 4383 2228 4460; x_wconf 82' lang='lat' dir='ltr'>Bernhardyi</span> <span class='ocrx_word' id='word_1_395' title='bbox 2285 4384 2603 4444; x_wconf 80' lang='lat' dir='ltr'>novissime</span> <span class='ocrx_word' id='word_1_396' title='bbox 2658 4382 2757 4440; x_wconf 87' lang='lat' dir='ltr'>ad-</span> 
     </span>
     <span class='ocr_line' id='line_1_47' title="bbox 427 4467 2753 4541; baseline -0.001 -15"><span class='ocrx_word' id='word_1_397' title='bbox 427 4487 604 4527; x_wconf 89' lang='lat' dir='ltr'>sensu</span> <span class='ocrx_word' id='word_1_398' title='bbox 650 4468 713 4524; x_wconf 92' lang='lat' dir='ltr'>in</span> <span class='ocrx_word' id='word_1_399' title='bbox 757 4470 945 4527; x_wconf 86' lang='lat' dir='ltr'>altera</span> <span class='ocrx_word' id='word_1_400' title='bbox 989 4469 1347 4527; x_wconf 85' lang='lat' dir='ltr'>Graecarum</span> <span class='ocrx_word' id='word_1_401' title='bbox 1395 4469 1733 4527; x_wconf 90' lang='lat' dir='ltr'>litterarum</span> <span class='ocrx_word' id='word_1_402' title='bbox 1776 4468 2060 4528; x_wconf 86' lang='lat' dir='ltr'>historiae</span> <span class='ocrx_word' id='word_1_403' title='bbox 2103 4469 2366 4529; x_wconf 89' lang='lat' dir='ltr'>editione</span> <span class='ocrx_word' id='word_1_404' title='bbox 2412 4469 2532 4528; x_wconf 87' lang='lat' dir='ltr'>vol.</span> <span class='ocrx_word' id='word_1_405' title='bbox 2579 4467 2672 4541; x_wconf 93' lang='lat' dir='ltr'>II,</span> <span class='ocrx_word' id='word_1_406' title='bbox 2723 4470 2753 4524; x_wconf 95' lang='lat'>1</span> 
     </span>
    </p>
   </div>
  </div>
 </body>
</html>
