3132 5129
1388 364 1812 468 „go-“-

429 583 551 623 non
594 567 719 623 tam
761 563 1083 622 artificioso
1128 562 1313 620 trium
1356 581 1636 621 versuum
1692 561 2230 638 epigrammate
2288 562 2444 637 quod
2501 562 2576 620 ab
2638 564 2771 639 ipso

432 649 749 708 scholiasta
793 648 1132 724 appellatur
1163 646 1369 706 Ulixes
1416 647 1684 706 breviter
1726 646 2083 705 describitur
2120 648 2506 707 200—202.·
2548 647 2771 705 Totum

433 737 629 792 autem
675 734 724 793 si
769 751 1184 809 percensemus
1230 751 1496 806 carmen,
1544 732 1860 789 maximam
1890 731 2152 789 eiusdem
2186 734 2412 806 partem
2463 736 2772 790 ternorum

434 822 611 893 atque
657 821 1085 893 quaternorum
1128 836 1404 876 versuum
1465 816 1728 891 strophis
1787 815 2061 875 similiter
2117 816 2551 875 alternantibus
2608 835 2768 875 com-

433 904 689 977 positam
735 903 1033 973 videmus,
1094 906 1162 960 ut
1204 922 1275 961 ex
1318 902 1428 960 hoc
1470 900 1661 960 indice
1706 903 1979 976 apparet,
2038 901 2100 958 in
2159 920 2277 976 quo
2333 901 2467 959 illas
2522 901 2767 976 quidem

435 988 635 1046 littera
676 1010 742 1066 y,
799 988 903 1045 has
950 1006 1087 1046 vero
1133 987 1337 1045 littera
1381 985 1416 1044 δ
1461 985 1772 1061 insignivi:
1823 985 1881 1040 Γ
1923 987 2282 1056 liu—124,
2334 987 2664 1045 125—128
2708 985 2768 1055 δ,

439 1073 765 1130 129—131
800 1093 856 1149 y,
907 1073 1267 1144 132—135‚
1322 1072 1652 1128 141-143
1682 1074 1746 1129 et
1784 1071 1920 1140 145,
1967 1072 2318 1143 146—-149,
2356 1068 2767 1141 150-153δ,

439 1159 791 1227 156-158,
843 1159 1171 1217 161—-163
1218 1178 1284 1234 y,
1335 1157 1666 1214 164—167
1712 1152 1782 1229 ὃ,
1833 1156 2168 1215 168-170
2209 1176 2280 1232 y,
2332 1156 2661 1214 172—175
2708 1153 2768 1229 δ,

440 1243 803 1312 178-180,
872 1242 1201 1301 181-183
1254 1262 1323 1318 y,
1389 1241 1714 1299 184—187
1774 1238 1844 1314 ὃ,
1907 1241 2241 1310 las—‚190
2282 1261 2350 1317 y,
2414 1242 2766 1312 191-194,

441 1328 802 1399 195-198,
865 1327 1227 1397 199-202,
1287 1327 1624 1385 203-206
1682 1322 1750 1398 δ,
1808 1326 2143 1383 209--211
2203 1346 2270 1402 y,
2331 1326 2666 1383 212—215
2707 1322 2768 1399 δ,

437 1412 803 1482 221—223,
852 1411 1297 1488 225-227.7‚
1358 1410 1725 1481 228—231‚
1787 1410 2126 1467 239—242
2172 1407 2237 1473 d:
2299 1412 2353 1463 A
2412 1410 2768 1481 223—225‚

436 1497 792 1566 226—228,
842 1495 1173 1554 229-231
1220 1517 1286 1573 y,
1346 1495 1700 1567 236—239‚
1747 1494 2112 1566 242—245‚
2160 1494 2516 1567 246-249‚
2563 1496 2773 1552 251—

437 1582 579 1652 254,
629 1581 983 1656 257—260,
1032 1581 1364 1640 261-264
1413 1576 1481 1653 ὃ,
1528 1579 1894 1653 272-274,
1942 1579 2296 1654 280-282,
2345 1580 2676 1638 285—287
2709 1601 2769 1657 y,

437 1666 802 1737 288—291‚
874 1666 1236 1736 293-296,
1294 1666 1632 1723 297-300
1688 1661 1761 1737 ὃ,
1820 1664 2159 1723 303—305
2203 1686 2273 1741 y,
2329 1666 2661 1723 306—309
2708 1664 2768 1739 δ,

437 1751 771 1810 310--312
803 1771 859 1826 γ,
906 1751 1260 1820 313-316,
1309 1750 1666 1823 318—321,
1700 1749 2035 1807 322-325
2068 1745 2126 1822 ὃ,
2171 1750 2525 1821 326-328,
2560 1751 2770 1808 338—-

439 1837 563 1895 340
603 1855 671 1911 y,
732 1836 1098 1903 341-344,
1158 1835 1521 1903 345-348,
1572 1835 1942 1905 358-361,
2000 1834 2367 1907 364--367,
2414 1836 2768 1908 368-371,

439 1920 772 1979 372-375
820 1917 887 1993 δ,
946 1921 1309 1993 376-378,
1369 1921 1735 1991 379-381,
1794 1919 2130 1978 382--384
2174 1940 2243 1996 y,
2300 1920 2667 1979 387—390
2708 1916 2769 1994 δ,

440 2005 778 2062 412—-414
823 2025 879 2081 y,
925 2006 1260 2063 415-418
1307 2000 1369 2078 ὃ,
1414 2005 1746 2062 419—421
1794 2025 1850 2080 γ.

612 2089 731 2147 Sed
773 2108 849 2148 ne
890 2089 1032 2147 haec
1076 2089 1313 2164 quidem
1358 2088 1781 2147 alternantium
1815 2087 2193 2163 stropharum
2225 2090 2577 2166 compositio
2622 2091 2769 2149 totis

441 2174 802 2233 carminibus
857 2173 1231 2234 obtrudenda
1273 2176 1382 2232 est.
1458 2174 1575 2232 Res
1618 2172 1848 2249 potiu3‚
1903 2192 2080 2247 quam
2126 2175 2302 2234 etiam
2349 2175 2480 2233 aliis
2526 2176 2588 2233 in
2633 2174 2769 2233 Ilia-
2801 2169 2819 2183 ⁹

442 2260 534 2318 dis
580 2259 937 2318 carminibus
983 2260 1297 2318 observare
1351 2259 1527 2331 licet,
1586 2259 1728 2317 haec
1769 2261 1881 2317 est.
1959 2257 2172 2319 Poetae
2228 2259 2607 2330 Homericos,
2667 2260 2770 2335 qui

444 2346 705 2403 carmina
768 2362 888 2402 non
955 2343 1293 2419 legentibus
1355 2344 1684 2402 scriberent
1746 2342 1850 2401 sed
1910 2342 2286 2404 audientibus
2342 2344 2646 2402 recitanda
2710 2347 2775 2403 et

446 2433 643 2488 mente
690 2431 924 2487 tantum
967 2428 1288 2505 linguaque
1333 2431 1759 2503 componerent
1801 2429 1863 2484 et
1906 2427 2091 2488 solius
2136 2431 2452 2487 memoriae
2499 2448 2610 2505 ope
2654 2430 2772 2487 sibi

442 2515 768 2574 retinerent
810 2514 1061 2589 aliisque
1116 2513 1451 2586 traderent,
1510 2514 1698 2590 ipsius
1755 2511 2045 2572 instinctu
2089 2518 2333 2574 naturae
2388 2514 2460 2573 ad
2518 2515 2578 2574 id
2632 2515 2773 2574 arti·

444 2600 643 2658 ficium
685 2599 896 2657 adduci
942 2617 1181 2658 necesse
1226 2602 1383 2669 erat,
1432 2617 1549 2673 quo
1593 2618 1712 2657 non
1759 2597 1951 2656 solum
1996 2604 2059 2658 et
2102 2601 2440 2659 canentium
2484 2601 2774 2659 memoria

442 2685 853 2744 sublevaretur
919 2686 980 2741 et
1047 2683 1507 2742 auscultantium
1575 2683 1877 2741 audientia
1943 2684 2354 2756 adiuvaretur,
2421 2685 2522 2744 sed
2587 2686 2771 2744 etiam

445 2769 641 2842 ipsum
686 2767 962 2827 carminis
1007 2785 1220 2842 corpus
1278 2769 1447 2843 quasi
1501 2768 1784 2826 membris
1827 2767 2184 2841 quibusdam
2242 2770 2492 2845 integris
2547 2771 2770 2828 articu-

443 2853 632 2928 lisque
675 2852 1140 2928 congruentibus
1170 2853 1661 2929 distingueretur.
1741 2851 1894 2910 Hinc
1922 2853 2250 2929 inventum,
2283 2857 2353 2913 ut
2384 2855 2503 2913 fere
2550 2857 2610 2912 et
2637 2873 2770 2912 nar·

444 2940 705 2996 ratarum
750 2956 949 2995 rerum
994 2938 1175 2996 series
1231 2942 1292 2997 et
1334 2938 1673 2997 orationum
1727 2941 1898 2996 tenor
1943 2959 2397 3015 sermonumque
2460 2940 2772 2999 altercatio

444 3023 506 3081 in
548 3023 869 3098 particulas
924 3021 1209 3097 quasdam
1266 3023 1657 3094 divideretur,
1713 3040 1864 3098 quae
1908 3025 2210 3083 commode
2254 3024 2632 3099 stropharum
2676 3024 2772 3083 vel

441 3107 832 3166 ternariarum
878 3109 973 3166 vel
1015 3109 1528 3182 quaternariarum
1559 3110 1656 3167 vel
1702 3109 1880 3166 etiam
1924 3110 2490 3184 quinquenariarum
2519 3142 2600 3149 -
2629 3128 2771 3167 nam

441 3193 533 3250 his
578 3211 809 3267 quoque
852 3193 1215 3268 genealogici
1261 3194 1537 3252 carminis
1583 3194 1842 3269 propriis
1899 3190 2061 3253 locus
2106 3199 2198 3254 est
2241 3193 2398 3269 apud
2442 3193 2771 3252 Homerum

351 3287 412 3334 16
448 3309 521 3316 -
549 3277 766 3334 finibus
793 3277 1013 3335 includi
1039 3282 1301 3352 possent.
1362 3278 1433 3336 Ei
1461 3278 1580 3354 legi
1627 3297 1766 3338 vero
1799 3282 1859 3337 et
1886 3279 1958 3336 ad
1988 3280 2248 3338 cantoris
2281 3278 2773 3352 audientiumque

443 3361 923 3419 commoditatem
975 3367 1038 3419 et
1089 3363 1163 3420 ad
1208 3363 1395 3434 ipsius
1452 3364 1729 3422 carminis
1784 3365 2044 3439 gratiam
2098 3363 2428 3440 augendam
2494 3364 2772 3422 inventae

443 3446 685 3504 minime
746 3446 809 3504 in
872 3446 1142 3505 servilem
1204 3448 1440 3506 modum
1499 3449 1585 3505 ita
1640 3467 1702 3507 se
1760 3448 2141 3521 addixerunt,
2205 3451 2276 3506 ut
2328 3448 2507 3506 etiam
2565 3452 2774 3507 contra

443 3531 629 3607 ipsam
688 3530 849 3588 illam
908 3530 1059 3606 legis
1116 3550 1351 3591 causam
1398 3551 1674 3591 versuum
1731 3533 2166 3609 strophicorum
2223 3552 2534 3591 numerum
2590 3536 2772 3608 atque

444 3616 875 3675 cohaerentiam
922 3616 1296 3674 retinuerint.
1388 3616 1578 3675 Immo
1621 3635 1760 3689 nec,
1821 3618 2155 3694 ubicunque
2210 3621 2315 3676 aut
2359 3618 2596 3676 brevior
2638 3627 2766 3676 sen-

442 3702 631 3760 tentia
685 3701 784 3760 vel
837 3702 1131 3759 succincta
1183 3702 1399 3759 notitia
1444 3701 1759 3760 inserenda
1812 3706 1998 3775 esset,
2053 3703 2139 3761 ibi
2197 3702 2464 3779 singulos
2522 3703 2768 3761 binosve

442 3804 648 3845 versus
704 3786 1079 3860 interponere
1135 3785 1595 3858 dubitaverunt,
1655 3787 1809 3861 quod
1856 3789 2206 3863 plerumque
2261 3788 2322 3845 in
2381 3787 2768 3847 sollemnibus

442 3871 563 3929 illis
608 3869 680 3928 de
725 3869 1023 3945 loquendo
1084 3869 1315 3929 edendo
1372 3873 1685 3946 ceteraque
1740 3873 1870 3931 vita
1927 3873 2275 3949 quotidiana
2329 3872 2600 3930 formulis
2657 3891 2767 3931 usu

443 3956 638 4028 venit,
686 3957 749 4012 et
793 3955 894 4013 ubi
927 3956 1261 4013 sententiae
1307 3955 1568 4014 ambitus
1600 3959 1782 4032 atque
1814 3960 1980 4034 copia
2009 3958 2200 4016 maior
2227 3955 2546 4028 videretur,
2591 3976 2766 4031 quam

446 4057 596 4113 quae
640 4041 787 4098 artis
845 4040 1124 4115 strophae
1167 4040 1443 4098 cancellis
1486 4043 1796 4101 commode
1828 4042 2221 4104 circumscribi
2269 4044 2502 4116 posset,
2548 4042 2611 4099 in
2642 4040 2768 4099 lon-

443 4124 667 4198 giorem
726 4126 907 4182 etiam
961 4125 1221 4202 plurium
1278 4143 1556 4184 versuum
1617 4129 1831 4185 seriem
1886 4128 2195 4202 exspatiati
2253 4129 2428 4198 sunt,
2483 4125 2547 4184 id
2605 4126 2763 4201 quod

443 4208 737 4282 imprimis
780 4212 842 4268 et
886 4211 947 4268 in
992 4209 1287 4269 similibus
1342 4212 1790 4269 accuratissime
1834 4211 1904 4268 ad
1949 4213 2252 4269 veritatem
2302 4211 2555 4285 depictis
2599 4215 2659 4268 et
2701 4211 2765 4268 in

443 4293 726 4351 concitati
772 4295 954 4353 animi
1015 4297 1271 4354 multum
1318 4296 1526 4354 fluenti
1580 4286 1851 4354 oratione
1896 4295 2209 4354 observare
2265 4296 2423 4353 licet.
2516 4294 2631 4353 Sed
2688 4313 2766 4352 ne

441 4377 537 4436 bic
583 4377 822 4453 quidem
869 4381 1267 4455 respondendi
1312 4379 1796 4456 aequabilitatem
1834 4397 2077 4453 prorsus
2119 4380 2452 4457 neglectam
2497 4397 2626 4438 esse
2669 4379 2766 4437 vel

442 4464 664 4521 nostris
708 4465 770 4521 in
816 4467 1173 4525 carminibus
1218 4465 1507 4525 nonnulla
1551 4464 1824 4539 exempla
1867 4463 2308 4538 demonstrant,
2355 4483 2508 4539 quae
2551 4467 2612 4522 et
2638 4465 2768 4539 ipsa
