3132 5129
1362 363 1658 428 -4532
1753 402 1822 411 —

441 523 753 597 excidisse,
821 524 905 580 ita
962 526 1030 580 ut
1088 521 1404 597 Iphigenia
1461 523 1775 580 fratrem
1835 542 1897 581 se
1954 522 2155 599 lugere
2213 523 2372 580 dicat
2417 523 2575 581 vita
2620 523 2773 597 pri·

439 611 802 768 VatuIIplsam
850 691 1190 767 Iphigeniae
1238 692 1533 766 querelam
1569 713 1627 751 v.
1670 693 1999 749 152-155
2031 666 2187 749 recle
2234 692 2437 751 addito
2485 711 2601 751 uno
2644 712 2777 767 μοι

442 778 821 839 Hermannus
867 777 1142 836 distinxit
1185 777 1293 834 hoc
1338 776 1542 834 modo:

1048 884 1307 971 ὀλόμαν,
1356 885 1606 968 ὀλόμαν·

1048 975 1158 1038 οὐκ
1204 976 1319 1038 εἴσ’
1368 970 1518 1037 οἴκοι
1562 986 1853 1059 πατρῷοι·

1047 1062 1249 1141 οἴμοι
1291 1086 1442 1141 μοι,
1490 1063 1754 1139 φροῦδος
1799 1059 2006 1141 γέννα·

1049 1157 1167 1223 φεῦ
1212 1149 1328 1224 φεῦ
1374 1149 1492 1207 τῶν
1531 1145 1734 1225 ’Ἀργει
1778 1145 2049 1224 μόχθων.

611 1269 912 1346 Sequente
960 1288 1151 1343 versu,
1200 1288 1325 1362 quo
1363 1268 1637 1326 libationi
1678 1267 1991 1371 praefatur
2034 1267 2360 1343 Iphigenia,
2408 1288 2541 1327 cum
2587 1270 2646 1328 in
2679 1288 2771 1327 eo-

439 1355 670 1413 dicibus
716 1356 928 1414 vitiose
975 1354 1209 1430 legatur
1265 1375 1333 1410 ιω
1379 1351 1612 1428 δαῖμον,
1668 1346 1737 1421 ὸς
1795 1349 1901 1410 τὸν
1946 1385 2057 1425 -,
2116 1354 2419 1427 optionem
2464 1354 2766 1429 habemuS,

439 1445 638 1498 utrum
699 1459 831 1498 cum
887 1439 1230 1497 Hermanno
1288 1427 1354 1494 ἰω
1414 1432 1492 1497 ἰὼ
1547 1435 1804 1514 δαίμων,
1860 1431 1931 1505 ὃς
1984 1433 2090 1494 τὸν
2151 1471 2221 1478 —
2281 1458 2356 1496 an
2415 1458 2546 1498 cum
2604 1441 2772 1497 Fixio

438 1526 649 1583 deletis
707 1526 1020 1598 postremis
1080 1524 1384 1582 vocabulis
1443 1520 1510 1581 ἰώ
1573 1521 1804 1599 δαίμων
1858 1522 2201 1581 scribamus.
2294 1523 2596 1583 Posterius
2641 1544 2772 1582 cum

435 1609 750 1685 Hartungo
796 1610 1179 1684 praetulerim
1225 1608 1404 1666 etiam
1452 1611 1785 1682 propterea,
1836 1606 1993 1683 quod
2040 1607 2101 1665 in
2148 1608 2257 1666 hac
2286 1609 2523 1682 quidem
2558 1610 2791 1668 cantici·

437 1697 604 1767 parte
647 1714 703 1751 v.
755 1695 1082 1751 156—169
1141 1712 1259 1751 non
1317 1697 1440 1751 tam
1499 1694 1747 1751 daemon
1807 1692 2004 1751 fatalis
2048 1694 2357 1751 invocatur
2401 1714 2578 1768 quam
2626 1694 2771 1752 liba·

436 1778 617 1836 tionis
664 1779 924 1836 mixtura
968 1782 1145 1852 atque
1189 1780 1342 1836 ratio
1389 1778 1732 1851 explicatur.

605 1861 723 1921 Sed
768 1864 820 1920 ei
863 1863 1152 1921 mixturae
1200 1882 1560 1938 quamquam
1609 1862 1752 1921 satis
1783 1863 2055 1938 copiosae
2086 1866 2287 1921 tamen
2318 1865 2561 1938 insuper
2593 1864 2771 1922 etiam

351 1978 363 1990 ·
440 1965 710 2022 aquam
754 1946 1019 2005 additam
1066 1947 1245 2005 fuisse
1291 1948 1406 2005 iam
1454 1948 1604 2005 mira
1647 1947 1753 2004 illa
1796 1948 1967 2006 docet
2011 1968 2063 2007 v.
2103 1949 2218 2006 162
2265 1948 2485 2007 locutio

1044 2062 1236 2142 πηγάς
1282 2056 1332 2120 τ’
1381 2059 1632 2143 οὐρείων
1678 2059 1742 2121 ἐκ
1785 2058 2056 2141 μόσχων,

435 2204 550 2259 qua
593 2184 813 2244 lactis
859 2186 1165 2243 notionem
1209 2189 1348 2259 apte
1393 2185 1692 2243 enuntiari
1739 2203 1910 2243 nemo
1957 2186 2472 2244 demonstraverit.
2570 2185 2774 2245 Sensit

436 2269 550 2327 hoc
594 2269 1032 2329 incommodum
1078 2269 1179 2327 sed
1226 2270 1433 2328 tollere
1478 2270 1735 2328 nescivit
1779 2268 2176 2327 Kirchhoffius
2207 2270 2549 2329 coniciendo
2597 2291 2772 2347 γαιας

437 2350 826 2424 ἕννοτίους
886 2350 1117 2429 πηγὰς
1175 2346 1422 2430 οὕρείωι
1466 2348 1520 2409 τ’
1582 2350 1644 2411 ἐκ
1688 2351 1944 2429 μόσχων,
2005 2354 2164 2428 quod
2211 2356 2425 2429 quibus
2471 2359 2776 2430 prematur

436 2439 906 2514 difficultatibus,
956 2439 1146 2497 dicere
1191 2439 1338 2497 nihil
1386 2441 1625 2498 attinet.
1703 2439 1842 2497 Alio
1890 2438 2055 2497 ducit
2099 2439 2199 2497 ille
2245 2440 2524 2515 Aeschyli
2568 2441 2773 2500 Persa-

435 2544 567 2583 rum
612 2524 803 2600 locus,
863 2544 1038 2601 quem
1094 2523 1167 2582 ab
1212 2524 1497 2601 Euripide
1553 2524 1844 2584 imitando
1904 2542 2245 2600 expressum
2293 2544 2419 2584 esse
2464 2528 2523 2584 et
2566 2526 2772 2585 eadem

435 2611 754 2753 {Quoruncll'
782 2609 950 2752 ccgpia
994 2613 1054 2668 et
1098 2609 1308 2669 similis
1353 2610 1669 2669 verborum
1716 2610 1977 2668 delectus
2024 2610 2196 2668 docet
2242 2630 2295 2669 v.
2336 2612 2619 2686 GO7sqq.‚
2670 2612 2774 2669 ubi

522 2713 656 2753 ossa
740 2713 812 2752 101
861 2717 872 2751 :

740 2807 942 2889 τοιγὰρ
987 2807 1280 2869 κέλευθον
1323 2807 1493 2888 τήνδ’
1540 2810 1692 2872 ἄνευ
1736 2807 1792 2869 τ’
1844 2802 2152 2888 ὀχημάτων

741 2895 944 2973 χλιδῆς
985 2917 1043 2954 τε
1091 2895 1192 2972 τῆς
1237 2894 1534 2974 πάροιθεν
1580 2893 1644 2955 ἐκ
1690 2894 1896 2973 δόμων
1938 2890 2117 2955 πάλιν

743 2979 963 3039 ἔστειλα
1009 2976 1222 3051 παιδὸς
1265 2979 1443 3056 πατρὶ
1485 2986 1829 3060 πρευμενεῖς
1876 2981 2047 3058 χοὰς

738 3061 1028 3168 φέρουσ’
1050 3107 1067 3139 ,
1111 3063 1291 3144 άπερ
1336 3072 1677 3161 νεκροῖσι
1720 3060 2221 3142 μειλικτήρια·

738 3148 940 3252 βοός
953 3143 1010 3207 τ’
1059 3144 1182 3227 άφ’
1231 3146 1465 3229 ἁγνῆς
1510 3142 1723 3211 λευκὸν
1767 3149 2021 3214 εὔποτον
2064 3145 2232 3229 γάλα,

736 3243 841 3313 τῆς
885 3229 940 3292 τ’
988 3229 1520 3333 ἀνθεμουργοῦ
1565 3234 1875 3315 στάγμα,
1922 3231 2200 3312 παμφαὲς
2244 3231 2403 3311 μέλι,

737 3317 1002 3420 λιβάσιν
1018 3310 1302 3398 ὑδρηλαῖς
1349 3318 1661 3398 παρθένου
1704 3324 1935 3420 πηγῆς
1980 3317 2143 3398 μέτα,

738 3398 1041 3507 ἀκήρατον
1086 3428 1145 3466 τε
1189 3400 1404 3484 μητρὸς
1449 3400 1656 3484 ἆγριάς
1701 3397 1820 3464 άπο

737 3485 922 3549 ποτὸν
965 3495 1224 3563 παλαιας
1268 3486 1533 3567 ἀμπέλου
1579 3489 1760 3568 γάνος
1805 3488 1974 3568 τόδε,

441 3611 658 3686 quibus
704 3611 898 3669 oleum
946 3612 1185 3688 insuper
1229 3615 1404 3686 atque
1451 3612 1631 3670 florea
1687 3615 1847 3669 serta
1900 3611 2257 3669 adiciuntur.
2349 3610 2522 3667 Patet
2565 3628 2633 3667 ex
2678 3610 2770 3668 his

436 3716 491 3754 v.
548 3698 662 3754 162
722 3696 1038 3755 conflatum
1097 3716 1222 3755 esse
1279 3717 1346 3754 ex
1405 3696 1664 3770 duobuS,
1732 3697 1834 3772 qui
1903 3696 2182 3770 primitus
2249 3694 2360 3752 hoc
2416 3695 2537 3752 fere
2594 3696 2768 3752 modo

435 3782 640 3856 scripti
687 3781 934 3841 fuerint:

1008 3897 1200 3998 πηγάς
1245 3894 1355 3978 <θ’
1404 3893 1700 3958 ὑδάτων
1746 3898 2151 3978 κρηναίων,

1008 3978 1232 4062 γάλα)
1277 3979 1330 4041 τ’
1381 3976 1628 4062 οὐρείων
1673 3983 1736 4044 ἐκ
1780 3981 2037 4061 μόσχων.

604 4104 911 4162 Postremo
945 4107 1159 4162 v.176
1192 4123 1299 4179 pro
1337 4105 1626 4164 librorum
1659 4104 1993 4178 corruptela
2023 4100 2237 4177 δοκίμα
2269 4101 2518 4160 Porsoni
2563 4101 2764 4159 inven-

437 4193 564 4244 tum
611 4187 643 4243 δ
663 4184 981 4264 οκήμασι
1027 4194 1185 4247 recte
1231 4190 1499 4248 Klotzius
1544 4189 1986 4249 Hermanniano
2033 4182 2406 4262 δοκήματα
2462 4186 2763 4260 praetulit.

608 4340 719 4398 Sed
768 4342 1038 4417 plurimis
1071 4342 1526 4402 difficultatibus
1557 4363 1627 4402 ca
1657 4345 2026 4417 premuntur,
2077 4360 2228 4416 quae
2260 4342 2377 4399 iam
2409 4359 2463 4398 v.
2498 4341 2614 4398 179
2631 4358 2758 4414 sqq.

435 4425 733 4500 leguntur.
814 4427 1073 4496 Quorum
1121 4428 1376 4500 initium,
1425 4448 1541 4501 quo
1575 4427 1802 4486 Chorus
1851 4448 1900 4484 v.
1940 4427 2267 4484 179—185
2314 4444 2376 4483 se
2417 4424 2764 4499 Iphigeniae
