3132 5129
1333 332 1789 393 -247-

391 492 720 568 spectator,
775 490 877 566 qui
937 508 1116 565 quam
1171 487 1416 547 sublimi
1473 488 1695 548 vertice
1752 488 1848 548 vel
1904 490 2033 563 ipsa
2075 489 2275 547 sidera
2318 494 2566 566 tangere
2612 490 2726 551 sibi

391 576 712 648 videretur,
758 575 855 635 vel
897 574 1186 633 audacula
1229 573 1336 632 illa
1379 592 1560 649 quam
1606 573 1905 633 sollertiae
1949 574 2349 634 oblectatione
2378 575 2570 635 elatus
2598 578 2725 653 regi

390 680 495 720 suo
540 660 814 720 effudisse
859 659 1077 719 dicitur
1121 658 1470 718 exclamatio
1513 654 1671 733 „669
1726 676 1827 733 μοι
1868 664 1989 716 ποῦ
2034 658 2198 717 στῶίί
2242 660 2390 719 satis
2434 678 2727 737 superque

389 747 621 823 arguit,
675 745 779 804 ille
835 745 1022 821 igitur
1074 743 1446 804 umbraticus
1497 743 1679 803 homo
1723 746 1904 818 atque
1946 744 2482 820 meteorosophista
2526 748 2727 805 tamen

389 833 454 890 et
508 829 663 889 baud
719 847 908 906 pauca
962 830 1196 889 invenit
1247 828 1324 887 ad
1377 828 1689 888 hominum
1758 846 1931 887 usum
1999 829 2475 905 cotidianamque
2540 831 2726 890 vitam

389 915 861 975 fructuosissima
908 916 996 986 et,
1066 932 1199 973 cum
1253 912 1659 972 Romanorum
1714 913 2019 973 machinae
2078 917 2237 973 terra
2298 915 2569 991 marique
2625 915 2725 974 ad·

387 1003 589 1061 vectae
635 1000 1068 1077 Syracusarum
1112 1000 1348 1059 moenia
1389 998 1717 1074 pulsarent,
1764 1017 1799 1056 a
1840 998 2086 1073 pulvere
2130 1002 2194 1057 et
2236 998 2406 1058 radio
2436 999 2726 1059 excitatus

388 1084 678 1144 mirabilis
721 1084 924 1144 subito
968 1084 1199 1143 exstitit
1240 1083 1589 1143 bellicorum
1635 1101 1882 1159 operum
1926 1084 2205 1143 inventor
2246 1086 2311 1142 et
2349 1083 2725 1144 administra-

388 1172 514 1242 tor,
570 1169 814 1245 quibus,
872 1169 923 1227 si
965 1169 1111 1244 quid
1153 1168 1354 1228 hostes
1396 1168 1629 1245 ingenti
1686 1168 1844 1227 mole
1894 1169 2186 1244 egissent,
2240 1169 2369 1244 ipse
2421 1170 2724 1229 levissimo

387 1257 690 1314 momento
747 1255 1052 1329 disiceret3
1119 1256 1418 1329 postremo
1484 1271 1655 1328 vero,
1728 1272 1859 1311 cum
1916 1252 2010 1313 vel
2066 1254 2224 1313 inter
2276 1253 2498 1313 fractae
2558 1254 2724 1313 urbis

389 1340 594 1399 ruinas
635 1340 1162 1415 ingruentiumque
1205 1338 1466 1397 hostium
1515 1338 1837 1397 tumultum
1884 1356 2113 1397 summo
2157 1338 2343 1397 studii
2370 1338 2583 1399 ardore
2616 1339 2721 1397 im·

387 1424 638 1499 pavidus
693 1426 954 1483 mentem
1008 1422 1328 1499 oculosque
1383 1422 1587 1482 arduis
1643 1423 2140 1499 descriptionibus
2192 1422 2407 1483 infixos
2471 1426 2722 1497 teneret,

388 1508 452 1567 in
495 1508 706 1568 mediis
760 1509 882 1568 suis
925 1507 1162 1567 circulis
1206 1509 1373 1583 quasi
1417 1508 1591 1566 miles
1633 1508 1698 1566 in
1742 1507 1999 1567 statione
2042 1510 2273 1585 positus
2316 1509 2722 1569 beatissimam

387 1595 643 1653 mortem
687 1593 839 1653 obiit
880 1612 988 1652 nec
1030 1594 1265 1668 captam
1311 1592 1569 1667 patriam
1612 1610 1721 1651 nec
1763 1592 1994 1651 illatam
2024 1595 2141 1669 ipsi
2172 1592 2412 1670 plagam
2440 1594 2723 1653 sentiens

391 1678 538 1738 'ram
583 1698 793 1739 verum
835 1678 932 1738 hic
978 1695 1214 1753 quoque
1256 1677 1408 1736 illud
1454 1680 1562 1753 est,
1613 1677 1774 1753 quod
1817 1678 1882 1736 in
1926 1696 2095 1738 sacra
2123 1679 2419 1754 scriptura
2444 1678 2720 1756 legimus,

385 1766 562 1822 ante
617 1763 864 1823 omnia
916 1762 1049 1821 Dei
1113 1780 1423 1838 regnum
1483 1762 1987 1837 quaerendum
2051 1782 2242 1837 esse,
2309 1782 2450 1840 quo
2508 1767 2722 1840 parto

385 1850 641 1907 cetera
695 1848 940 1907 omnia
995 1846 1158 1906 fore
1213 1848 1290 1905 ut
1333 1850 1605 1921 sponte
1645 1846 1865 1906 nobis
1910 1847 2341 1925 obtingant!
2432 1849 2612 1921 Nam,
2654 1851 2724 1907 ut

385 1934 687 1992 taceamus
729 1932 804 1991 de
845 1932 1066 1992 litteris
1109 1930 1489 2008 philologieis
1532 1932 1833 1992 historicis
1874 1931 2333 2009 philosophicis,
2388 1934 2452 1991 in
2505 1934 2721 2009 quibus

387 2016 582 2076 fausta
612 2016 888 2077 fortunae
919 2016 1149 2077 invidia
1190 2016 1536 2076 institutum
1579 2018 1691 2089 est,
1736 2019 1807 2076 ut
1847 2035 2023 2076 nemo
2066 2018 2164 2077 vel
2206 2017 2516 2093 paululum
2562 2020 2723 2077 ultra

385 2101 854 2161 mediocritatem
921 2101 1280 2161 adscendere
1345 2101 1571 2176 possit,
1636 2101 1755 2161 nisi
1815 2102 1919 2177 qui
1971 2102 2304 2177 praesentis
2370 2121 2513 2161 usus
2569 2122 2721 2161 mer-

387 2186 664 2262 cedisque
721 2187 1082 2264 cogitatione
1140 2185 1374 2245 abiecta
1423 2205 1645 2261 purum
1689 2188 2030 2262 conceperit
2072 2188 2263 2263 ipsius
2308 2187 2585 2247 veritatis
2629 2188 2721 2247 in-

386 2272 768 2349 vestigandae
809 2290 1101 2346 amorem,
1159 2270 1337 2329 etiam
1382 2271 1448 2329 in
1489 2271 1566 2329 iis
1610 2271 1903 2347 scientiis,
1958 2290 2109 2347 quae
2152 2274 2466 2333 versantur
2508 2273 2574 2330 in
2616 2291 2721 2332 na-

387 2356 680 2416 turalibus
707 2356 887 2417 rebus
917 2355 1260 2432 detegendis
1288 2358 1353 2414 et
1381 2354 1747 2433 subigendis,
1793 2375 2025 2415 summa
2066 2356 2173 2416 illa
2214 2360 2393 2432 atque
2422 2356 2722 2417 mirabilia

385 2441 647 2514 inventa,
678 2441 894 2517 quibus
923 2459 1047 2500 non
1076 2440 1268 2499 solum
1299 2441 1444 2515 ipsis
1475 2440 1739 2500 scientiis
1768 2458 1957 2499 novae
1988 2442 2187 2501 subito
2210 2444 2393 2517 atque
2414 2441 2719 2501 inauditae

386 2526 516 2585 viae
558 2526 908 2604 aperiuntur
951 2527 1232 2587 continuo
1289 2524 1649 2602 infinitoque
1704 2543 2023 2603 progressu
2080 2525 2558 2603 persequendae,
2615 2527 2719 2588 sed

385 2612 564 2672 etiam
607 2611 885 2672 universo
931 2611 1138 2688 generi
1180 2611 1438 2670 humano
1483 2611 1860 2670 saluberrimi
1904 2612 2131 2672 fructus
2174 2615 2463 2687 parantur
2500 2612 2563 2671 in
2594 2612 2721 2672 dies

384 2697 573 2773 magis
625 2697 936 2774 magisque
988 2696 1386 2772 luxuriantes,
1443 2715 1596 2772 quae
1638 2696 1885 2755 inventa
1936 2697 2232 2772 imprimis
2287 2696 2719 2774 gloriosissime

387 2780 591 2840 iactari
645 2781 922 2842 audimus
980 2780 1196 2841 cotidie
1255 2800 1294 2848 a
1343 2780 1684 2856 vaniloquis
1753 2781 1886 2840 istis
1943 2785 2005 2840 et
2055 2781 2537 2858 imprudentibus
2592 2801 2714 2842 sor-

385 2865 556 2924 didae
601 2867 880 2925 utilitatis
923 2865 1315 2942 praeconibus
1357 2897 1469 2940 —-,
1513 2865 1657 2924 haec
1699 2866 1829 2942 ipsa
1872 2867 2062 2943 igitur
2103 2867 2351 2926 inventa
2393 2867 2550 2926 facta
2595 2867 2719 2927 fere

384 2953 523 3010 sunt
576 2969 699 3011 non
751 2970 789 3010 a
843 2950 1216 3026 quaestuosis
1268 2950 1391 3009 illis
1437 2948 1780 3026 opificibus,
1839 2952 1943 3027 qui
1994 2951 2204 3011 eodem
2260 2952 2536 3027 consili0‚
2599 2971 2718 3029 quo

385 3039 616 3095 sutores
669 3036 934 3112 crepidas
991 3053 1128 3094 suas
1183 3036 1514 3108 consuunt,
1561 3036 1743 3095 etiam
1788 3037 1943 3094 artes
1990 3035 2190 3112 „ultra
2234 3035 2571 3112 crepidam“
2616 3055 2716 3112 po-

383 3120 528 3180 sitas
572 3123 830 3181 tractare
873 3121 1071 3180 solent
1111 3119 1339 3180 scilicet
1382 3119 1754 3196 quaerendae
1798 3120 2085 3195 pecuniae
2128 3139 2320 3194 causa,
2367 3120 2471 3181 sed
2513 3140 2548 3179 a
2577 3121 2712 3181 soli·
2745 3130 2778 3178 6

385 3205 552 3265 tariis
595 3206 688 3264 his
733 3204 1182 3280 scrutatoribus,
1228 3204 1332 3280 qui
1376 3205 1512 3280 „cui
1541 3201 1743 3264 bono“
1789 3203 2061 3264 futurum
2092 3206 2172 3265 sit
2202 3206 2265 3264 in
2293 3224 2412 3282 quo
2442 3205 2721 3266 laborant

383 3290 550 3350 unice
593 3290 784 3350 securi
827 3290 891 3349 in
935 3289 1162 3350 sollerti
1205 3289 1476 3362 veritatis
1503 3290 1887 3364 quaerendae.
1907 3290 2104 3349 studio
2133 3290 2411 3366 laetaque
2440 3291 2717 3350 inventae

383 3375 741 3436 conscientia
783 3393 1074 3434 summam
1119 3374 1577 3434 oblectationem
1621 3373 1917 3450 finemque
1961 3374 2253 3435 bonorum
2296 3375 2533 3434 habent.
2622 3373 2718 3434 Ita

383 3459 469 3530 fit,
515 3462 585 3518 ut
627 3460 740 3536 ipsi
785 3459 848 3518 hi
892 3459 1237 3520 inventores
1281 3461 1409 3519 sine
1453 3459 1632 3518 laude
1676 3461 1803 3519 sine
1846 3460 2113 3522 mercede
2156 3460 2351 3537 ignoti
2393 3459 2552 3518 haud
2579 3478 2715 3519 raro

383 3543 760 3617 delitescant,
820 3544 958 3602 dum
1017 3545 1240 3604 usuarii
1295 3543 1416 3616 illi,
1447 3544 1524 3602 'si
1585 3543 1729 3620 quid
1784 3545 1924 3604 novi
1978 3546 2289 3605 inventum
2334 3544 2518 3603 fuerit
2558 3545 2717 3604 unde

383 3632 662 3704 quaestus
720 3628 1022 3689 faciendus
1077 3629 1382 3701 videatur,
1439 3633 1679 3704 praesto
1737 3631 1878 3688 sunt
1929 3631 1992 3688 et
2008 3674 2023 3703 ,
2082 3629 2377 3706 quomodo
2431 3628 2584 3687 illud
2642 3629 2715 3687 ad

381 3733 550 3772 suum
605 3713 978 3789 aliorumque
1023 3731 1198 3772 nsum
1239 3712 1506 3772 adhiberi
1553 3717 1763 3790 queat,
1821 3715 2062 3774 strenue
2103 3713 2439 3790 inquirunt,
2490 3731 2608 3789 quo
2652 3714 2714 3773 in

380 3799 622 3875 negotio
667 3797 795 3858 fieri
840 3817 964 3858 non
1005 3799 1207 3874 potest
1251 3799 1400 3873 quin
1443 3798 1675 3858 detecta
1718 3797 1794 3858 ab
1838 3798 1974 3859 aliis
2019 3800 2081 3858 et
2124 3799 2241 3874 ipsi
2286 3799 2492 3858 multis
2523 3797 2715 3858 modis

381 3884 699 3943 emendent
742 3887 918 3960 atque
961 3882 1323 3959 amplificent
1348 3883 1598 3959 praemii
1640 3883 1875 3942 scilicet
1902 3901 2016 3958 pro
2046 3901 2409 3959 unoquoque
2440 3901 2714 3942 successu

379 3967 724 4044 reportandi
783 3967 984 4028 studio
1041 3967 1394 4028 inflammati
1452 3967 1656 4042 itaque
1714 3967 1906 4043 ipsam
1962 3966 2273 4028 scientiam
2346 3967 2505 4026 haud
2576 3986 2712 4026 raro

381 4054 614 4130 egregie
657 4055 1070 4127 promoveant.

549 4136 732 4198 Vides
785 4137 973 4213 igitur
1026 4140 1343 4215 utrumque
1407 4136 1851 4198 tractandarum
1905 4137 2305 4197 doctrinarum
2362 4155 2553 4214 genus
2608 4157 2717 4213 per

381 4241 444 4282 se
486 4221 766 4300 indigens
809 4221 1062 4282 alterum
1105 4223 1356 4282 alterius
1400 4241 1514 4297 ope
1557 4240 1767 4298 egere,
1815 4225 1877 4282 et
1921 4221 2012 4280 uti
2055 4221 2147 4281 his
2188 4240 2423 4297 quoque
2464 4223 2715 4282 homini-

381 4305 514 4382 bus,
557 4307 662 4382 qui
705 4305 979 4368 sollerter
1019 4307 1084 4366 in
1127 4307 1392 4367 scientiis
1437 4307 1771 4384 excogitata
1812 4307 1888 4366 ad
1933 4307 2240 4384 vulgarem
2284 4326 2457 4367 usum
2498 4308 2709 4368 vitam-

379 4409 495 4466 que
525 4391 968 4452 accommodare
996 4393 1293 4468 studeant,
1339 4392 1737 4470 maximopere
1767 4409 1915 4470 opus
1946 4409 2075 4452 esse
2104 4395 2309 4468 aperte
2342 4393 2711 4467 confitemur,
