3132 5129
1342 331 1806 394 -152—

403 492 612 567 positis
641 490 1064 550 additamentis
1108 490 1429 564 repurgata
1474 488 1674 547 futuro
1718 489 1848 546 usui
1898 490 2292 563 reposuimus,
2340 493 2401 549 et
2441 491 2567 548 eius
2611 509 2739 548 car·

403 578 598 650 miniS,
646 577 739 634 cui
769 575 960 634 adhuc
991 594 1175 632 unum
1206 592 1419 633 nomen
1451 573 1570 631 fuit
1599 573 2296 631 ΑΓΑΜΕΜΝΟΝΟΣ
2321 575 2741 632 ΑΡΙΣΤΕΙΑ

404 683 440 720 a
481 662 705 737 potiori
750 678 891 719 sane
920 662 1087 735 parte
1120 659 1518 733 desumptum,
1565 659 1787 717 exitum
1821 659 2260 718 enucleavimus
2292 660 2535 719 brevem
2565 660 2740 718 illum

407 746 678 822 quidem,
738 745 841 803 sed
900 746 1185 803 disertum
1242 748 1304 802 et
1357 747 1482 802 tam
1536 747 1743 818 aperte
1799 762 1936 802 cum
1992 745 2348 820 gravissimo
2403 745 2743 821 argumenti

406 830 626 889 indicio
672 830 1162 903 consentientem,
1208 831 1278 886 ut
1317 828 1394 887 ab
1440 847 1508 887 eo
1554 828 1734 902 exitn,
1780 827 1938 886 unde
1982 828 2174 888 eidem
2205 831 2452 888 carmini
2480 830 2742 889 alterum

408 935 579 974 suum
622 933 840 974 nomen
883 914 1142 973 inditum
1187 916 1296 988 est,
1355 914 1474 972 iam
1520 912 1868 972 continuum
1912 914 2393 990 interruptae
2449 932 2745 990 pugnae

409 1019 643 1059 cursum
686 1000 951 1058 remetiri
996 999 1315 1074 possimus.
2216 1076 2220 1079 Α

579 1083 777 1144 Unum
824 1085 1005 1143 etiam
1050 1102 1210 1142 nunc
1253 1085 1467 1157 restat,
1516 1083 1588 1141 de
1634 1102 1751 1158 quo
1797 1081 2056 1158 dicatur,
2102 1084 2205 1159 qui
2252 1083 2475 1143 factum
2520 1084 2629 1156 sit,
2681 1087 2752 1142 ut

410 1169 856 1245 conglutinator
897 1173 1020 1228 tam
1064 1167 1292 1227 nobilia
1333 1169 1614 1243 antiquae
1658 1169 1808 1227 artis
1852 1168 2190 1243 fragmenta
2233 1186 2355 1227 non
2387 1169 2578 1229 solum
2611 1188 2744 1227 cum

315 1261 382 1309 38
411 1256 677 1314 latericio
721 1255 1067 1313 recentioris
1111 1254 1366 1311 fabricae
1412 1271 1588 1328 opere
1633 1252 1733 1310 sed
1779 1253 1958 1311 etiam
1990 1272 2122 1312 cum
2153 1254 2287 1312 rudi
2316 1255 2563 1313 materia
2592 1272 2752 1312 com-

413 1358 637 1416 ponere
682 1340 948 1415 adeoque
994 1339 1279 1398 vilissima
1324 1357 1430 1397 sua
1474 1339 1633 1397 calce
1663 1338 2008 1397 interlinere
2040 1340 2103 1397 in
2132 1339 2398 1396 animum
2428 1338 2750 1397 induxerit.

413 1425 483 1484 Id
538 1425 727 1500 igitur
776 1425 1046 1498 proximo
1102 1423 1304 1481 libello
1361 1422 1769 1481 demonstrare
1825 1423 2084 1481 conabor
2135 1425 2250 1498 ita,
2310 1427 2377 1482 ut
2421 1423 2628 1498 simul,
2679 1422 2753 1481 de

415 1509 633 1586 quibus
676 1509 945 1568 versibus
990 1507 1130 1566 solis
1173 1508 1436 1566 nondum
1483 1507 1832 1584 singulatim
1864 1508 1960 1583 egi
1992 1508 2058 1564 H
2089 1509 2422 1567 331—343
2454 1512 2515 1567 et
2539 1508 2752 1565 428-

417 1596 537 1652 441
586 1593 686 1652 sed
731 1596 966 1652 tantum
1004 1593 1333 1651 accuratius
1377 1612 1470 1650 me
1515 1593 1925 1667 expositurum
1972 1612 2099 1652 esse
2146 1611 2325 1668 supra
2356 1613 2416 1668 p.
2453 1594 2575 1652 130
2616 1612 2749 1668 pro-

417 1679 580 1753 misi,
639 1697 739 1736 eos
797 1678 1255 1754 diligentissimo
1311 1678 1564 1737 examini
1624 1677 1928 1736 subiciam'.
2004 1677 2095 1735 Ex
2160 1698 2277 1753 qua
2337 1677 2755 1752 disquisitione

417 1764 739 1823 clarissime
783 1763 1019 1837 patebit
1061 1763 1242 1821 istum
1286 1762 1604 1837 hominem,
1652 1781 1783 1822 cum
1830 1763 2043 1820 miram
2086 1764 2238 1822 hanc
2283 1763 2500 1822 molem
2545 1782 2616 1820 ex
2662 1766 2759 1821 tot

417 1853 654 1923 tamque
694 1849 873 1907 variis
918 1849 1290 1908 coacervaret
1331 1848 1656 1923 particulis,
1702 1851 1861 1907 certo
1906 1847 2151 1907 consilio
2196 1847 2257 1906 id
2303 1848 2497 1923 ipsum
2542 1848 2754 1922 egisse,

417 1938 485 1993 ut
540 1952 687 2009 quae
742 1934 860 1991 iam
916 1935 1249 2009 sequuntur
1302 1932 1364 1991 in
1408 1932 1595 1991 Iliade
1649 1933 1913 1992 carmina
1969 1937 2031 1992 et
2088 1953 2219 1993 cum
2257 1932 2756 1991 antecedentibus

420 2022 480 2078 et
523 2037 719 2076 secum
765 2018 896 2092 ipsa
938 2018 1002 2075 in
1046 2016 1343 2094 quandam
1389 2021 1715 2093 perpetuae
1758 2018 2121 2077 narrationis
2153 2018 2406 2093 speciem
2441 2037 2757 2093 coagmen-

420 2109 594 2163 taret.
667 2103 903 2162 Novum
950 2103 1139 2179 igitur
1181 2106 1316 2178 post
1360 2101 1808 2179 Chryseidis
1852 2103 2356 2162 redditionem
2400 2107 2460 2161 et
2505 2121 2757 2161 senum

421 2188 824 2249 consilium
888 2188 1066 2262 idque
1111 2187 1513 2247 vastissimum
1557 2188 1844 2246 habemus
1886 2188 2254 2263 exemplum,
2317 2207 2434 2262 quo
2480 2187 2762 2246 docemur

422 2276 482 2333 in
528 2291 692 2331 sacro
738 2273 871 2348 isto,
917 2273 1077 2347 quod
1123 2273 1367 2331 unitarii
1413 2273 1847 2347 exosculantur,
1895 2273 2072 2330 unius
2102 2272 2307 2330 Iliadis
2351 2290 2596 2348 corpore
2627 2292 2758 2347 pra·

426 2359 666 2418 vissima
708 2377 974 2433 quaeque
1017 2362 1196 2433 atque
1243 2357 1584 2416 foedissima
1627 2357 1896 2416 membra
1942 2359 2191 2415 maxime
2234 2358 2564 2416 necessaria
2609 2377 2758 2431 esse,

423 2447 493 2502 ut
545 2443 928 2502 notissimum
986 2443 1133 2500 illud
1196 2443 1268 2500 de
1325 2443 1551 2500 colosso
1608 2442 1891 2500 fictilibus
1934 2442 2185 2517 pedibus
2227 2442 2539 2501 insistente
2585 2444 2653 2499 ut
2698 2443 2762 2500 in

426 2529 569 2587 alias
625 2527 926 2587 discordes
986 2528 1477 2605 congregationes
1531 2527 1629 2586 vel
1686 2527 1982 2602 „unitis
2041 2526 2380 2586 viribus“
2426 2526 2576 2585 male
2624 2545 2761 2586 con·

427 2615 666 2673 strictas
712 2614 796 2671 ita
839 2614 1017 2671 etiam
1064 2614 1126 2672 in
1171 2613 1322 2671 hanc
1368 2612 1798 2671 multiformem
1845 2613 2238 2688 pugnantium
2296 2613 2455 2672 inter
2509 2631 2571 2671 se
2628 2632 2762 2687 par·

427 2699 578 2756 tium
623 2699 917 2755 unitatem
961 2698 1086 2756 iure
1131 2698 1460 2773 meritoque
1505 2697 1935 2756 accommodari
1983 2701 2180 2774 queat.
