3132 5129
1423 420 1883 483 -570—

485 579 806 653 pretationi
874 597 1147 639 assensus
1212 580 1304 636 est
1365 572 1607 635 ὕπνου
1672 596 1857 653 „per
1929 577 2307 636 somnum“
2384 576 2805 637 convertentis

487 664 724 722 Rectius
768 664 886 721 iam
920 663 1316 740 MusgraviuS,
1363 683 1537 739 quem
1584 665 1822 722 secutus
1855 664 1944 721 est
1974 662 2261 737 Klotzius,
2307 670 2445 737 γᾶς
2474 678 2815 736 expungen-

486 748 627 806 dum
675 767 802 807 esse
845 748 1026 823 vidit,
1075 747 1392 807 dummodo
1437 767 1511 807 ne
1558 747 1968 807 incredibilem
2013 747 2185 806 nobis
2231 746 2627 807 obstrudisset
2669 744 2811 804 hen-

486 833 709 908 diadyn
753 833 1004 909 legendo
1049 828 1280 904 ὕπνους
1325 828 1476 890 κάτα
1523 824 1816 905 δνοφερᾶς
1848 825 1902 889 τ’
1937 823 2135 902 εὐνάς.
2196 831 2285 890 Et·
2305 834 2622 908 quominus
2653 831 2812 888 iusta

485 919 587 975 illa
629 918 791 977 vocis
835 925 944 994 γᾶς
986 919 1272 978 athetesis
1314 938 1350 976 a
1395 918 1604 977 ceteris
1650 917 2046 991 acciperetur,
2092 917 2528 993 quodammodo
2575 919 2816 977 obstitit

484 1002 610 1077 ipse
654 1002 1028 1079 Musgravius
1085 1023 1190 1079 per
1234 995 1411 1073 εὐνάς
1455 1003 1815 1078 intellegens
1862 1020 2109 1077 „specus
2155 1002 2441 1077 quasdam
2488 1002 2813 1061 tenebrico-

485 1108 610 1162 saS,
657 1088 831 1163 quale
876 1090 1003 1147 erat
1045 1086 1368 1164 Trophonii
1417 1091 1673 1146 antrum.
1682 1086 1717 1117 “
1794 1087 1865 1146 Id
1909 1087 2068 1145 enim
2113 1106 2246 1146 cum
2292 1107 2432 1146 sane
2481 1088 2612 1146 sub
2658 1092 2816 1145 terra

483 1172 697 1273 fuisset
741 1173 1018 1249 positum,
1068 1174 1185 1232 iam
1231 1172 1340 1249 γᾶς
1387 1165 1569 1240 εὐνάς
1613 1174 1983 1246 putaverunt
2022 1189 2149 1231 esse
2180 1172 2340 1231 idem
2371 1172 2527 1248 quod
2561 1169 2813 1248 χθονίας

483 1249 722 1332 εὐνάς,
730 1258 1048 1331 ‚cubilia
1092 1256 1660 1317 subterranea“.
1729 1256 1951 1316 Verum
1996 1256 2205 1315 falsam
2252 1277 2378 1316 esse
2423 1258 2644 1316 oraculi
2672 1258 2813 1317 Tro·

482 1343 702 1418 phonio
763 1342 1086 1401 consecrati
1143 1343 1651 1418 comparationem
1706 1343 1825 1400 iam
1879 1342 2018 1400 inde
2073 1346 2353 1417 apparet,
2417 1343 2576 1417 quod
2636 1344 2700 1400 in
2745 1361 2812 1401 co

483 1426 1000 1501 vigilantibus
1056 1427 1394 1487 hominibus
1448 1446 1556 1502 per
1612 1427 1995 1486 subterranea
2050 1428 2177 1486 loca
2231 1427 2484 1502 raptatis
2529 1446 2817 1501 responsa

485 1511 799 1582 dabantur,
844 1513 940 1571 hic
984 1529 1123 1571 vero
1167 1516 1373 1587 aperte
1419 1529 1614 1571 sermo
1661 1514 1755 1570 est
1799 1512 1872 1570 de
1918 1511 2171 1571 oraculis
2214 1531 2320 1587 per
2364 1512 2813 1570 somniorum

483 1597 799 1655 simulacra
855 1598 917 1654 et
972 1598 1198 1656 monita
1254 1597 1427 1655 datis.
1516 1595 1729 1671 Itaque
1774 1596 2034 1655 dubitari
2079 1614 2201 1655 non
2245 1599 2470 1672 potest,
2530 1596 2676 1672 quin
2720 1597 2816 1655 hic

483 1699 718 1756 quoque
763 1680 834 1738 de
865 1681 1503 1740 incubationibus
1536 1681 1897 1757 cogitaverit
1926 1681 2258 1756 EuripideS,
2304 1700 2452 1756 quas
2484 1682 2546 1740 in
2575 1680 2817 1757 templis

481 1766 735 1841 agitatas
782 1784 907 1825 esse
954 1784 1132 1862 super
1176 1766 1456 1842 stragulis
1500 1766 1628 1825 sive
1673 1765 1928 1841 pellibus
1959 1766 2162 1825 humi
2194 1768 2399 1825 stratis
2432 1769 2682 1825 constat.
2745 1765 2814 1823 Id

420 1866 450 1911 9
482 1850 675 1924 ipsum
734 1849 923 1925 igitur
982 1851 1077 1910 vix
1137 1851 1253 1908 alio
1300 1849 1588 1909 vocabulo
1634 1850 1881 1925 exprimi
1926 1851 2126 1927 potuit
2167 1870 2345 1926 quam
2392 1851 2668 1910 sollemni
2712 1849 2816 1908 illo

481 1926 872 2030 χαμεύνας,
932 1953 1049 2010 quo
1104 1936 1369 2009 reposito
1428 1937 1491 1994 et
1545 1936 1913 2009 strophicum
1972 1939 2228 1994 metrum
2273 1937 2605 1995 necessaria
2647 1953 2815 1993 voca-

481 2019 607 2077 buli
665 2010 857 2096 μάτηρ
909 2020 1373 2096 transpositione
1427 2039 1462 2078 a
1518 2020 1693 2078 nobis
1746 2021 2088 2079 restitutum
2145 2021 2512 2097 adaequatur
2568 2025 2628 2079 et
2671 2039 2815 2096 quo-

483 2104 656 2164 modo
702 2106 926 2164 factum
970 2105 1069 2180 sit,
1116 2109 1186 2165 ut
1228 2109 1343 2180 γᾶς
1388 2097 1572 2174 ευνοὶς
1616 2103 2041 2181 intruderetur,
2088 2105 2260 2165 facile
2291 2106 2684 2182 intellegitur.
2746 2105 2817 2162 Id

493 2189 658 2265 gitur
722 2191 962 2265 reposui
1030 2151 1161 2250 fixis
1220 2194 1357 2266 post
1424 2186 1682 2266 ἔφραζον
1746 2189 1991 2249 lacunae
2035 2191 2254 2267 signis,
2324 2210 2501 2267 quam
2544 2191 2819 2248 lacunam

481 2274 626 2333 satis
685 2274 1079 2351 probabiliter
1136 2276 1398 2351 explevit
1449 2273 1982 2334 Rauchensteinius
2034 2276 2101 2334 in
2144 2276 2363 2335 litteris
2407 2276 2480 2334 ad
2524 2294 2618 2333 me
2662 2274 2819 2333 datis

480 2357 704 2419 inserto
751 2352 886 2418 οὐκ
929 2352 1170 2436 ἀτελῆ.
2626 2392 2632 2397 -

650 2445 765 2504 Sed
822 2446 894 2504 de
948 2464 1018 2502 ea
1070 2445 1283 2504 lacuna
1335 2445 1626 2519 explenda
1691 2445 2221 2521 quomodocunque
2279 2446 2606 2521 iudicatur,
2664 2445 2818 2502 male

480 2549 607 2588 eam
666 2530 809 2590 olim
865 2530 1158 2605 expletam
1206 2550 1331 2591 esse
1377 2528 1604 2602 verbi8‚
1664 2549 1814 2606 quae
1859 2531 2096 2606 quidem
2140 2532 2202 2589 in
2248 2531 2417 2591 libris
2464 2534 2816 2606 sequuntur,

482 2615 669 2673 Γαῖα
726 2611 832 2690 δέ,
893 2617 985 2674 cui
1045 2615 1096 2674 C
1146 2618 1316 2691 peius
1371 2616 1548 2674 etiam
1605 2616 1853 2689 insuper
1911 2616 2081 2675 addit
2137 2611 2308 2691 τήν,
2364 2619 2521 2675 recte
2566 2617 2683 2674 iam
2729 2617 2817 2674 in·

481 2700 714 2758 tellexit
755 2700 1149 2775 Hermannus,
1198 2703 1362 2760 cuius
1409 2699 1591 2759 verba
1636 2700 1777 2759 haec
1823 2706 1992 2760 sunt:
2040 2702 2400 2776 „repetitum
2446 2701 2817 2774 ineptissime

482 2783 736 2842 Telluris
782 2804 1001 2843 nomen
1033 2784 1187 2842 Γαῖα
1231 2782 1317 2861 δέ,
1363 2784 1464 2842 ubi
1511 2786 1638 2843 sola
1682 2785 1891 2859 copula
1922 2805 2070 2861 opus
2101 2789 2249 2844 erat.
2257 2784 2293 2815 “
2351 2783 2497 2845 Cum
2529 2804 2597 2844 eo
2626 2785 2818 2862 igitur

479 2872 760 2943 μαντεῖον
804 2863 862 2924 δ’
909 2861 1183 2942 ἀφείλετο
1226 2872 1553 2930 restituere·
1583 2888 1703 2929 non
1750 2869 2041 2929 dubitavi.

650 2953 872 3012 Contra
916 2953 978 3012 in
1023 2955 1410 3030 sequentibus
1438 2953 1805 3014 Seidleriano
1848 2950 1993 3030 χέρα
2036 2943 2292 3013 παιδνὸν
2336 2951 2553 3025 ἕλιξεν
2583 2949 2646 3012 ἐκ
2674 2951 2820 3023 Διὸς

479 3033 730 3113 θρόνων
790 3043 860 3097 ut
913 3040 976 3098 in
1031 3039 1294 3099 editione
1353 3040 1704 3099 scholastica
1760 3042 2077 3099 contentus
2134 3040 2249 3115 fui,
2309 3059 2441 3099 cum
2488 3043 2548 3097 et
2591 3039 2817 3098 locutio

481 3124 638 3181 haud
696 3125 900 3200 inepte
944 3124 1249 3183 videretur
1303 3124 1536 3183 defendi
1592 3143 1767 3198 posse
1812 3144 1922 3184 nec
1970 3125 2246 3201 discipuli
2288 3125 2383 3184 vel
2428 3124 2815 3184 attentissimi

481 3210 761 3267 offensuri
808 3210 929 3268 sint
963 3208 1023 3266 in
1069 3213 1277 3284 quarta
1305 3231 1341 3269 a
1368 3210 1484 3269 fine
1516 3207 1749 3284 syllaba
1782 3210 2245 3286 antistrophicae
2275 3228 2395 3268 non
2433 3212 2813 3285 congruente.

483 3294 850 3370 Quamquam
905 3295 1161 3369 ingenue
1217 3295 1426 3354 fateor·
1462 3312 1571 3354 nec
1626 3314 1871 3369 prorsus
1931 3295 2238 3354 consimile
2293 3294 2457 3354 illius
2501 3292 2815 3353 locutionis

480 3379 813 3454 exemplum
874 3397 1148 3454 usquam,
1211 3383 1502 3455 quantum
1556 3380 1833 3454 equidem
1879 3381 2090 3452 sciam,
2150 3379 2398 3456 reperiri
2443 3383 2505 3438 et
2548 3379 2811 3454 aliquan-

481 3464 674 3523 tulum
721 3483 859 3522 sane
903 3464 1255 3538 suspicionis
1286 3466 1462 3524 metri
1495 3465 1952 3539 discrepantiam
1985 3484 2223 3524 movere
2254 3465 2534 3524 facillimo
2569 3465 2814 3540 negotio

481 3548 842 3608 evitabilem.
904 3549 1112 3623 Itaque
1159 3549 1706 3609 commemorandae
1751 3553 1914 3609 certe
1959 3554 2101 3610 sunt
2144 3550 2517 3609 coniecturae
2561 3552 2621 3607 et
2666 3549 2813 3607 Her-

481 3635 702 3705 manni,
749 3635 851 3710 qui
897 3627 1038 3704 ἕλιξ
1090 3666 1167 3674 -
1214 3634 1325 3694 hoc
1368 3636 1608 3711 quidem
1653 3655 1722 3695 ex
1768 3635 1939 3695 libris
1986 3670 2065 3677 —-
2113 3631 2232 3693 ἐπὶ
2276 3627 2521 3710 Ζηνὸς
2563 3626 2817 3710 θρόνον

480 3720 744 3795 scripsit,
803 3722 867 3778 et
913 3718 1233 3795 Badhami,
1290 3722 1391 3795 qui
1435 3715 1695 3795 ὄρεξεν
1739 3719 1845 3790 εἰς
1895 3723 2078 3780 Δῖον
2119 3712 2375 3797 θρόνον
2419 3719 2739 3794 proposuit
2781 3738 2817 3775 a

486 3804 752 3863 Nauckio
796 3807 1118 3879 receptum.

650 3889 718 3947 In
773 3889 1058 3959 proximis
1103 3889 1534 3949 constituendis
1579 3894 1947 3965 quantopere
1994 3891 2353 3950 dissentiant
2394 3889 2682 3960 editoreS,
2744 3907 2815 3945 ex

481 3974 649 4032 libris
692 3991 896 4033 eorum
945 3974 1146 4032 videre
1193 3974 1361 4050 licet,
1409 3994 1557 4050 quas
1605 3975 2007 4036 dissensiones
2053 3976 2333 4034 adnotare
2380 3977 2441 4033 et
2486 3972 2813 4032 diiudicare

480 4060 729 4134 longum
776 4063 884 4118 est
948 4058 1446 4118 Proficiscendum
1490 4059 1566 4118 ab
1612 4061 1704 4136 iis,
1752 4080 1901 4136 quae
1947 4065 2109 4120 certa
2153 4062 2309 4119 sunt.
2364 4059 2511 4117 ‘Huc
2556 4058 2814 4134 primum

478 4144 742 4218 pertinet
795 4146 1058 4216 v.1276
1114 4139 1231 4199 ἐπὶ
1292 4163 1398 4218 pro
1445 4141 1578 4202 ἐπεί
1615 4146 1733 4204 iam
1778 4147 2112 4222 antiquitus
2157 4144 2567 4217 emendatum,
2628 4145 2697 4199 ut
2738 4140 2813 4199 ad

481 4232 732 4286 metrum
779 4229 892 4287 sibi
937 4228 1291 4332 respondere
1339 4230 1595 4288 debeant
1638 4230 1812 4290 haec.

783 4308 1024 4389 ἔκανες,
1085 4336 1131 4372 ω
1186 4313 1404 4391 Φοῖβε,
1459 4336 1604 4390 μαν-
1654 4310 1661 4440 J
1712 4310 1807 4372 ἐπὶ
1855 4309 1914 4372 δ’
1963 4310 2188 4373 ἔσεισεν
2230 4306 2453 4390 κόμαν,

783 4396 954 4456 τείων
1006 4393 1060 4454 δ’
1110 4393 1326 4474 ἐπέβας
1372 4396 1657 4476 ζαθέων
1709 4405 1942 4458 παῦσεν
1988 4397 2229 4475 νυχίους
2272 4392 2559 4475 ὀνείρους.

483 4480 599 4539 Ubi
657 4500 789 4539 cum
845 4487 1146 4557 postrema
1189 4503 1312 4542 non
1355 4489 1709 4560 congruant,
1767 4483 1875 4543 hoc
1925 4488 2081 4543 recte
2128 4484 2285 4543 vidit
2330 4483 2631 4543 Seidlerus
2677 4481 2818 4540 sub-
