3132 5129
1390 367 1854 433 -330—

456 473 729 607 Κάρηνα
782 548 852 587 ex
896 527 1089 590 Vatic.
1146 532 1211 587 et
1257 520 1539 604 Sylburg.
1584 545 1705 586 non
1760 529 1921 587 recte
1973 526 2197 602 recepit
2237 526 2624 587 Schneiderus
2679 546 2788 603 pro

453 633 555 689 ee,
616 614 774 690 quod
816 614 910 673 est
952 613 1014 671 in
1059 612 1273 672 ceteris
1317 609 1512 671 libris:
1568 630 1723 689 καρη
1738 628 1884 672 νον
1971 611 2124 670 Nam
2169 610 2444 688 intellegi
2489 612 2647 672 cervi
2692 629 2785 671 ca—

454 703 581 774 put,
630 718 698 757 ex
742 697 1130 773 sequentibus
1173 700 1438 772 apparet.
1500 696 1620 756 Sed
1664 696 1843 772 plane
1887 697 2160 771 ineptum
2201 698 2298 755 est
2338 691 2788 774 ἐπιτρέψαντε,

453 802 577 844 ιιοιι
619 784 816 843 minus
860 784 1147 859 ineptum,
1194 781 1352 857 quod
1398 786 1490 842 est
1532 783 1596 841 in
1627 782 1891 857 antiquis
1935 781 2296 841 editionibus
2338 776 2786 860 ἐπιθρέψαντε,

455 872 517 927 et
584 868 743 946 quod
798 867 988 927 Paris.
1059 870 1089 925 1
1149 867 1425 942 praebet·
1497 862 1973 945 ἕπιστρέψαντε.
2062 866 2231 926 Unus
2284 867 2625 928 Brwnckius
2679 868 2789 927 hoc

454 953 657 1030 sensit,
706 954 809 1029 qui
851 947 1283 1026 ἐπιστέψαντε
1325 952 1599 1025 coniecit,
1647 952 1807 1028 quod
1835 954 2035 1012 tamen
2064 970 2184 1011 non
2217 952 2360 1012 satis
2390 954 2594 1028 aptum
2628 951 2789 1012 vide·

455 1042 556 1097 tur
575 1037 646 1098 de
667 1038 1070 1099 irruentibus
1054 1056 1117 1097 ιιι
1141 1056 1380 1099 cervum
1400 1037 1716 1116 anguibus,
1773 1036 1851 1096 Hi
1884 1036 2117 1098 dicendi
2150 1039 2319 1096 erant
2341 1030 2787 1116 ἐπιθρέξαντε

454 1114 736 1203 κάρηνον.

623 1207 698 1291 V.
746 1210 887 1269 266.

737 1301 948 1381 ’Ἀλλος
996 1304 1055 1367 δ’
1103 1306 1369 1369 ἄλλοθεν
1413 1299 1601 1389 ἐχθροὶ
1644 1304 2017 1387 πεπαρμένος
2061 1301 2345 1390 ᾐώρηται.

452 1433 651 1492 Vertit
694 1432 1148 1491 Rittershusius:
1207 1428 1557 1505 „hostiliter
1614 1428 1860 1488 infixa“.
1954 1428 2070 1488 Sed
2128 1448 2488 1505 quamquam
2545 1430 2673 1505 ipse
2718 1431 2780 1490 in

451 1516 963 1577 emendationibus
1011 1515 1223 1586 Quinti
1261 1514 1335 1573 ad
1360 1513 1463 1590 IX,
1499 1515 1620 1574 259
1666 1514 1827 1574 locos
1875 1534 1906 1573 e
1951 1514 2167 1573 Nonno
2212 1513 2407 1589 attuli,
2453 1515 2518 1573 in
2561 1516 2777 1590 quibus

450 1603 579 1677 ipsa
622 1603 742 1661 tela
786 1601 1137 1659 dicebantur
1178 1595 1545 1675 πεπαρμένα,
1592 1598 1869 1674 displicet
1909 1601 2114 1658 tamen
2148 1599 2257 1659 hoc
2287 1559 2675 1675 par’ticipium
2706 1600 2780 1658 de

450 1686 746 1762 anguibus
804 1687 1180 1760 usurpatum,
1239 1688 1298 1744 et
1360 1685 1512 1744 miro
1558 1684 1739 1743 etiam
1783 1684 1957 1743 modo
2001 1685 2242 1760 insuper
2285 1679 2472 1782 ἐχθρὰ
2500 1684 2779 1744 additur.

449 1770 767 1846 Scripsisse
811 1771 1023 1846 opinor
1043 1769 1497 1847 Cynegeticum:
1545 1759 1810 1846 ἐχθρὸς
1854 1763 2121 1845 ἐπαλμε
2138 1787 2260 1840 νος
2291 1760 2568 1850 ᾐώρηται.
2638 1769 2772 1846 Ipse

451 1854 608 1914 infra
651 1855 762 1930 ΙΙΙ,
813 1856 934 1915 120
976 1852 1180 1933 κίρκον
1225 1849 1664 1930 κατεπάλμενον
1708 1854 1877 1914 dixit.

738 2053 923 2117 ’Ἁλλα
967 2049 1030 2116 δ’
1079 2053 1171 2116 ἐνὶ
1212 2059 1502 2140 πλευρῇσι
1543 2056 1746 2137 θλίβει
1788 2049 1967 2117 πάλιν
2008 2047 2350 2135 ἡμιδοὲικτα.

456 2175 662 2255 Θλίβει
705 2196 812 2253 pro
857 2195 945 2253 ee,
992 2177 1151 2253 quod
1196 2178 1336 2238 olim
1366 2167 1683 2254 legeb‘atur
1711 2172 1897 2254 φέρει,
1943 2197 2012 2237 ex
2036 2176 2248 2252 Vatic.,
2296 2175 2446 2236 Ven.
2476 2179 2535 2235 et
2556 2176 2773 2237 Pariss.

448 2264 674 2340 recepit
724 2263 1133 2333 Seleuciam-us,
1190 2263 1253 2322 in
1307 2262 1504 2339 priore
1563 2262 1825 2322 editione
1881 2263 1992 2322 hoc
2044 2261 2427 2337 participium
2487 2261 2559 2320 dc
2604 2280 2776 2321 cervo

449 2348 905 2424 interpretatus,
967 2349 1070 2424 qui
1113 2348 1268 2423 pelle
1313 2351 1627 2424 corrugata
1670 2347 1917 2406 infixum
1962 2366 2217 2423 anguem
2261 2348 2584 2407 contineat.
2661 2345 2780 2406 Sed

449 2452 641 2508 neque
670 2434 780 2494 hoc
812 2433 1125 2509 quisquam
1154 2433 1529 2509 probaverit,
1577 2435 1642 2492 et
1670 2432 1881 2493 saltem
1915 2451 1984 2491 ex
2008 2430 2239 2491 Veneto
2264 2434 2547 2509 πλευραῖς
2578 2432 2782 2508 θλίβει

451 2519 829 2579 scribendum
875 2522 1025 2579 erat.
1086 2517 1343 2579 Omnino
1390 2518 1626 2581 videtur
1667 2518 2059 2595 quodcunque
2103 2517 2199 2578 hic
2243 2517 2491 2579 verbum
2534 2517 2667 2594 fuit,
2715 2517 2777 2577 id

445 2605 647 2679 potius
692 2604 765 2662 ad
813 2606 1154 2681 serpentum
1197 2603 1464 2664 membra
1506 2604 1570 2663 in
1600 2622 1804 2663 cervae
1834 2603 2124 2663 lateribus
2154 2603 2364 2662 relicta
2393 2602 2773 2678 pertinui.sse

447 2689 659 2765 Itaque
702 2692 954 2765 utraque
997 2690 1292 2764 scriptura
1347 2692 1715 2766 comparata,
1773 2688 2154 2749 scribendum
2199 2688 2449 2749 conieci:
2507 2684 2656 2746 αλλα
2711 2680 2772 2746 δ’

448 2768 541 2830 ἐτ’
592 2767 670 2832 ἐν
712 2775 999 2854 πλευρῇσι
1041 2769 1242 2832 πέλει
1284 2770 1465 2832 πάλιν
1507 2767 1852 2851 ἡμιδοὶικτα.

344 2863 413 2912 44
495 2927 501 2934 ,
613 2856 686 2916 v.
737 2859 878 2917 288.

753 2967 932 3050 Αἷψα
976 2971 1043 3035 δὲ
1085 2972 1362 3049 πικροὶων
1402 2971 1512 3054 μὲν
1557 2971 1654 3035 ἐπὶ
1700 2969 1897 3053 χθόνα
1940 2973 2202 3052 λείψανα
2245 2975 2460 3056 κηρῶν
2512 3024 2517 3028 .

751 3056 1020 3134 ἐξέπεσεν
1063 3059 1270 3140 ῥινοῖο.

447 3178 681 3257 Κηρῶν
724 3200 755 3239 e
785 3181 1075 3241 Brunckii
1119 3181 1454 3240 coniectura
1497 3181 1738 3256 scripsit
1779 3180 2163 3241 Schneidcrus
2204 3198 2316 3258 pro
2360 3200 2461 3254 ee,
2507 3182 2667 3258 quod
2713 3183 2776 3241 in

444 3265 614 3325 libris
661 3268 753 3325 est
794 3269 1029 3343 θηρῶν,
1074 3267 1168 3325 cui
1213 3284 1353 3325 sane
1395 3284 1515 3325 non
1561 3267 1841 3326 convenit
1885 3267 2235 3326 femininum
2280 3261 2564 3344 πικράων.
2596 3327 2610 3341 ‚
2655 3267 2774 3326 Sed

445 3358 623 3430 κῆρες
669 3352 742 3410 de
786 3351 1080 3428 anguibus
1126 3350 1353 3409 dictum
1398 3369 1759 3428 magnopere
1805 3351 2081 3428 offendit3
2132 3355 2317 3428 θῆρες
2362 3356 2562 3411 autem
2593 3352 2774 3411 iidem

446 3438 565 3496 iam
611 3436 751 3496 dicti
796 3438 968 3496 erant
1008 3456 1066 3496 v.
1098 3437 1241 3495 279.
1317 3436 1527 3512 Itaque
1571 3437 1771 3511 potius
1817 3455 1921 3513 pro
1967 3432 2245 3508 πικροὶων
2288 3436 2447 3496 aliud
2491 3456 2775 3515 reponen-

448 3523 589 3582 dum
634 3540 843 3581 censeo
888 3521 1266 3597 adiectivum,
1314 3524 1382 3580 ut
1423 3516 1845 3601 φρικαλέων
1890 3554 1965 3563 -
2014 3520 2271 3595 λείψανα
2315 3525 2548 3602 θηρῶν.

617 3606 690 3667 V.
739 3608 861 3667 326
886 3627 973 3683 sq.

757 3721 961 3827 Αἰγῶν
1007 3716 1067 3782 δ’
1112 3744 1254 3785 αντε
1298 3720 1458 3784 πέλει
1498 3717 1819 3804 προβάτων
1863 3745 1922 3783 τε
1967 3721 2268 3805 πανάγρια
2312 3724 2507 3804 φῦλα,

752 3803 825 3867 οὗ
868 3809 1071 3891 πολλῷ
1114 3805 1392 3870 τούτων
1436 3802 1583 3869 ὀίων
1625 3808 1844 3869 λασίων
1889 3830 1949 3870 τε
1994 3817 2288 3889 χιμαιρῶν

748 3893 1026 3970 μείζονες.

445 4013 585 4073 Non
631 4034 777 4090 opus
821 4019 915 4074 est
956 4013 1245 4075 Brunckii
1289 4017 1640 4092 coniectura,
1685 4035 1804 4092 qua
1845 4016 2229 4077 Schneiderus
2271 4016 2491 4099 πολλῷ
2535 4018 2775 4094 scripsit

446 4118 555 4174 pro
598 4118 685 4174 eo,
733 4099 889 4175 quod
933 4100 996 4158 in
1041 4101 1314 4161 omnibus
1344 4102 1511 4161 libris
1544 4062 1661 4160 esti:
1707 4092 1978 4161 πολλόν.
2047 4101 2165 4162 Sed
2197 4077 2564 4178 pronomine,
2610 4103 2772 4179 quod

449 4185 744 4259 sequitur,
803 4185 1097 4245 neminem
1160 4186 1446 4245 editorem
1500 4186 1787 4246 offensum
1845 4206 2000 4264 esse,
2058 4188 2117 4246 id
2164 4207 2523 4264 magnopere
2568 4189 2771 4247 miror.

444 4269 787 4329 Ritterhusii
850 4270 1298 4345 interpretatio,
1379 4274 1469 4331 his
1522 4271 1788 4345 (nostris)
1844 4274 2046 4333 ovibus
2116 4279 2275 4332 certe
2343 4293 2463 4332 non
2525 4273 2768 4349 poterit,

448 4373 628 4450 quam
667 4355 993 4415 insolenter
1034 4357 1185 4416 illud
1230 4357 1311 4417 sit
1353 4356 1616 4432 positum
1658 4358 1993 4417 obscurare.
2064 4358 2335 4433 Scriptor
2379 4358 2652 4417 dederat·
2700 4351 2775 4414 οὕ

448 4427 686 4496 πολλὸν
740 4441 1069 4498 τιθασῶν
1120 4435 1283 4505 ὀίων.
1373 4441 1464 4501 Cf.
1511 4441 1775 4502 Halieut.
1821 4441 1904 4519 V,
1940 4444 2020 4502 33
2067 4461 2223 4519 κριοι
2270 4433 2628 4518 μηλονόμων
2669 4463 2771 4500 τι-
