3132 5129
1301 391 1757 454 -105—

351 547 509 622 poris
565 567 707 607 vere
763 549 1039 624 quadrati
1097 548 1416 624 imaginem
1462 548 1636 607 nobis
1680 548 1980 623 proponit.
2070 547 2385 608 Postremo
2442 548 2550 604 157
2603 580 2673 587 -

519 717 588 774 In
645 719 836 776 tribus
892 718 1121 777 ultimis
1178 718 1448 776 versibus
1510 719 1842 776 158—160
1896 717 2044 775 nihil
2114 720 2205 776 est
2249 717 2403 791 quod
2452 735 2690 792 magno-

353 821 499 876 pere
545 804 837 862 offendat:
896 810 976 884 τῷ
1035 823 1098 861 κε
1157 795 1288 877 τάχ’
1347 822 1417 861 ex
1458 804 1511 857 A
1543 804 1668 862 290
1711 802 2066 861 translatum
2123 801 2218 860 hic
2262 820 2499 876 quoque
2546 802 2691 858 benc

357 886 556 960 habet,
604 891 674 946 ut
717 891 780 947 et
808 888 1115 946 sollemnis
1146 887 1343 946 exitus
1388 884 1779 964 κορυθαίολος
1802 883 2060 963 ’Ἐκτω-ρ,
2104 889 2167 945 et
2208 878 2472 961 ἀντήσειε
2503 878 2690 960 μάχης

348 971 580 1029 accedit
623 972 701 1029 ad
745 973 896 1031 illud
943 965 1131 1048 μάχης
1175 978 1527 1049 καυστειρῆς
1574 965 1978 1047 ἀντιβολῆσαι.
2068 972 2156 1029 De
2202 970 2472 1046 sequent-i
2520 989 2691 1030 versu

350 1057 429 1114 cf.
476 1074 656 1131 supra
708 1057 784 1116 ad
829 1078 882 1116 v.
932 1058 1029 1118 73.
1120 1046 1379 1132 Μέμαθ’
1442 1060 1583 1132 post
1637 1049 1837 1132 ὑμέων
1891 1049 1949 1113 δ’
2010 1053 2076 1112 οῖ’
2124 1075 2233 1132 περ
2291 1051 2459 1112 ἔασιν
2511 1055 2696 1113 habet

349 1159 471 1215 quo
516 1146 848 1201 excusetur.

525 1225 722 1284 Etiam
778 1228 839 1285 in
898 1226 1311 1302 sequentibus,
1383 1227 1598 1301 quibus
1655 1227 1901 1286 heroum
1958 1225 2199 1284 tandem
2254 1224 2330 1283 ad
2395 1227 2689 1283 certamen

350 1312 695 1386 paratorum
741 1312 977 1371 sortitio
1023 1313 1338 1386 exponitur
1387 1310 1737 1385 161—206,
1794 1310 2114 1369 imitatoris
2172 1310 2477 1385 ingenium
2525 1309 2687 1366 luxu·

351 1396 570 1468 riatur,
626 1397 844 1472 quippe
899 1397 1002 1471 qui
1065 1395 1394 1454 necessaria
1435 1398 1672 1454 tantum
1719 1396 1979 1454 breviter
2022 1394 2313 1453 indicasse
2355 1394 2511 1452 haud
2558 1407 2689 1453 con·

353 1485 559 1539 tentus
613 1485 676 1538 et
719 1481 1009 1540 sortiendi
1072 1480 1362 1540 rationem
1408 1481 1847 1540 accuratissime
1894 1480 2277 1555 descripserit
2320 1482 2381 1536 et
2426 1478 2690 1553 duplices

357 1565 735 1639 precationes
792 1566 863 1623 ad
914 1558 1166 1641 Ὁρκίων
1222 1565 1555 1640 exemplum
1617 1565 1904 1626 intulerit.
1995 1563 2114 1622 Sed
2170 1583 2244 1622 ne
2302 1563 2396 1622 hie
2453 1563 2689 1638 quidem

355 1652 634 1709 naturam
683 1670 847 1709 suam
896 1669 1108 1708 exuere
1154 1650 1363 1708 valuit.

526 1734 773 1806 Heroes,
819 1754 968 1810 quos
1014 1740 1326 1811 surgentes
1372 1735 1516 1794 facit
1560 1752 1772 1793 novem
1817 1752 2061 1791 numero
2108 1735 2286 1792 etiam
2317 1733 2461 1791 alibi
2493 1733 2690 1805 obvi0‚

358 1819 545 1894 probe
588 1819 801 1895 elegit:
865 1820 996 1890 iis„
1026 1838 1174 1895 quos
1231 1839 1407 1878 nemo
1465 1819 1764 1881 omisisset
1814 1851 1880 1858 —
1936 1819 2369 1894 Agamemnoni
2415 1817 2688 1876 Diomedi
2728 1829 2745 1843 ⁰

355 1904 516 1963 Ulixi
563 1905 807 1980 utrique
840 1905 1004 1963 Aiaci
1052 1937 1154 1975 —-‚
1201 1905 1581 1980 Eurypylum
1625 1903 1900 1962 adiunxit
1930 1905 1992 1960 Λ
2024 1904 2145 1961 575
2179 1922 2309 1978 sqq.
2342 1904 2482 1976 post
2511 1902 2689 1961 trium

357 1988 595 2048 illorum
655 1990 897 2047 heroum
956 1989 1424 2048 vulnerationem
1482 1988 1687 2047 relicto
1734 1989 1898 2046 Aiaci
1959 1988 2472 2062 supervenientem
2520 1990 2582 2044 et
2631 1988 2690 2044 in

357 2091 427 2131 eo
474 2073 844 2132 sublevando
889 2073 1079 2132 nobili
1125 2074 1305 2150 plaga
1348 2092 1692 2148 percussum
1738 2076 1918 2148 atque
1947 2072 2331 2142 Idomeneum
2365 2072 2689 2129 Merionem

356 2158 688 2217 Thoantem
748 2160 808 2216 in
864 2158 1060 2217 navali
1115 2178 1321 2235 pugna
1385 2177 1492 2234 pro
1539 2157 1751 2216 ceteris
1807 2160 2274 2233 propugnantes,
2366 2155 2515 2213 Tum
2564 2158 2700 2231 post
2727 2147 2789 2192 21

359 2245 481 2302 170
510 2269 593 2291 =
625 2242 677 2299 Β
705 2243 828 2301 336
859 2243 1082 2302 Nestor
1126 2247 1410 2318 sequente
1455 2261 1632 2302 versu
1664 2243 1864 2300 sortiri
1897 2242 2065 2299 iubet
2095 2240 2303 2299 iisdem
2340 2240 2462 2298 fere
2492 2239 2691 2298 verbis

357 2327 570 2402 quibus
617 2327 822 2387 Ulixes
866 2348 888 2384 ι
933 2329 1050 2386 331
1101 2325 1346 2408 κλήρῳ
1404 2324 1895 2384 πεπάλασθαι
1951 2321 2216 2402 ἄνωγενς
2273 2343 2423 2400 quae
2468 2324 2540 2383 de
2586 2343 2691 2382 suo

357 2413 591 2470 addidit
643 2407 998 2488 διαμπερές,
1056 2407 1123 2481 ὃς
1179 2432 1244 2469 κε
1288 2409 1558 2493 λάχῃσιν,
1605 2411 1928 2470 offensione
1974 2414 2197 2470 carent.
2287 2409 2403 2467 Sed
2452 2409 2551 2483 qui
2599 2429 2689 2466 se·

364 2501 632 2573 quuntur
679 2516 883 2556 versus
935 2498 1260 2555 172—174

701 2622 873 2703 οὗτος
917 2627 1029 2710 γὰρ
1074 2628 1149 2709 δὴ
1194 2620 1395 2709 ὀνήσει
1437 2628 1797 2707 ἐυκνήμιδας
1837 2624 2145 2708 Ἀχαιούς,

701 2714 802 2775 καὶ
845 2711 906 2774 δ’
955 2712 1132 2787 αὐτὸς
1178 2712 1251 2775 ὃν
1296 2713 1499 2793 θυμὸν
1541 2710 1842 2793 ὀνήσεται,
1887 2714 1961 2774 αἴ
1998 2736 2062 2774 κε
2108 2714 2336 2797 φύγῃσι

711 2800 886 2877 δηίου
931 2798 996 2860 ἐκ
1037 2798 1314 2878 πολέμοιο
1356 2799 1458 2859 καὶ
1500 2801 1679 2877 αἰνῆς
1723 2800 2058 2878 δηιοτῆτος,

356 2939 462 2978 nec
507 2940 744 2979 causam
794 2921 1119 2993 continent,
1169 2921 1244 2979 ob
1288 2941 1464 2995 quam
1511 2920 1712 2980 sortiri
1759 2921 2054 2996 principes
2101 2919 2399 2994 iubentur,
2448 2938 2555 2978 nec
2583 2938 2695 2995 per

357 3024 418 3063 se
465 3006 651 3063 ullum
702 3024 941 3063 sensum
986 3006 1224 3076 habent,
1275 3009 1343 3062 ut
1385 3006 1743 3064 recentiores
1793 3006 2023 3063 mireris
2069 3005 2221 3064 sicco
2253 3005 2400 3080 pede
2434 3005 2689 3062 transire

357 3108 563 3149 omnes
621 3090 846 3161 locum,
906 3091 979 3149 de
1032 3110 1149 3166 quo
1204 3092 1483 3165 antiquos
1542 3109 1902 3166 magnopere
1964 3089 2266 3147 dubitasse
2323 3108 2392 3147 ex
2452 3088 2692 3147 scholiis

357 3178 559 3249 patet,
605 3175 669 3233 in
712 3175 930 3249 quibus
973 3176 1077 3234 alii
1122 3178 1260 3250 post
1303 3170 1617 3250 διαμπερές
1660 3175 1760 3233 alii
1807 3174 1953 3234 adeo
1998 3179 2137 3249 post
2178 3167 2527 3232 πεπάλασθε
2570 3174 2694 3248 ple·

356 3278 492 3317 nam
538 3261 807 3334 posuisse
853 3260 1393 3334 interpunctionem
1423 3265 1758 3329 narrantur,
1807 3264 1874 3317 ut
1902 3260 2047 3318 haec
2078 3261 2234 3317 esset
2264 3259 2695 3317 sententiarum

356 3344 634 3403 conexio:
700 3338 765 3413 ὃς
822 3339 933 3420 γὰρ
987 3338 1067 3401 ἄν
1123 3341 1303 3424 λάχῃ,
1360 3343 1679 3418 (διηνεκῶς
1734 3340 1835 3401 καὶ
1878 3342 1961 3413 εἰς
2005 3340 2199 3401 πάντα
2245 3339 2349 3401 τὸν
2390 3338 2552 3420 βίον)
2598 3339 2699 3400 καὶ

337 3423 638 3503 ’Έλληνας
693 3425 792 3486 καὶ
837 3424 1055 3487 ἑαυτὸν
1097 3422 1408 3505 ὠφελήσει.
1497 3427 1670 3498 Quod
1714 3428 1841 3487 fieri
1887 3448 2007 3487 non
2052 3446 2227 3503 posse
2271 3428 2466 3504 quivis
2513 3426 2692 3495 videt,

357 3531 464 3571 nec
509 3513 880 3588 probabilem
929 3516 1322 3585 sententiam,
1380 3533 1557 3589 quam
1621 3531 1729 3572 suo
1786 3513 2042 3589 quodam
2104 3513 2231 3570 iure
2275 3512 2363 3570 illi
2411 3514 2696 3586 interpre-

358 3598 541 3656 tando
585 3602 941 3673 extorquere
987 3600 1184 3658 conati
1232 3603 1399 3672 sunt,
1460 3598 1812 3658 violentiore
1872 3598 2212 3657 coniectura
2254 3597 2476 3655 inferre
2522 3596 2694 3654 facile

356 3684 489 3756 quis
547 3685 834 3757 potuerit.
926 3683 1136 3758 Itaque
1194 3684 1252 3741 hi
1311 3702 1546 3758 quoque
1592 3702 1797 3741 versus
1843 3682 2163 3758 ineptiores
2208 3680 2352 3740 mihi
2398 3682 2692 3754 videntur,

359 3786 538 3842 quam
597 3786 748 3842 quos
804 3768 880 3826 ab
938 3769 1067 3844 ipso
1124 3767 1421 3843 rhapsodo
1479 3768 1779 3843 profectos
1831 3767 2111 3826 arbitrer:
2168 3765 2371 3825 inserti
2428 3767 2570 3824 sunt
2621 3764 2696 3822 ab

356 3851 566 3910 eodem
627 3852 1085 3927 interpolatore,
1153 3872 1328 3928 quem
1374 3872 1551 3927 supra
1600 3854 1931 3910 117—119
1979 3851 2279 3909 infersisse
2322 3850 2696 3923 coniecimuS,

358 3939 484 3994 tam
530 3936 826 3995 furtorum
876 3956 1120 3997 suorum
1167 3941 1431 4010 amante,
1489 3941 1560 3995 ut
1603 3936 1697 3995 vel
1743 3936 1865 3995 illis
1909 3933 1985 3992 αἴ
2021 3956 2085 3994 κε
2131 3967 2211 3977 -
2256 3932 2562 4009 δηιοτῆτος
2606 3934 2699 3992 bis

358 4020 565 4078 eadem
624 4021 943 4081 oscitantia
996 4022 1365 4081 abuteretur.
1458 4020 1693 4095 Quippe
1738 4020 2148 4095 perhorruisse
2194 4018 2430 4077 videtur
2473 4020 2699 4095 garruli

359 4105 632 4164 Nestoris
677 4107 991 4166 consilium
1037 4125 1154 4166 uno
1204 4110 1438 4166 tantum
1485 4125 1660 4165 versu
1707 4108 2083 4176 contentum,
2131 4123 2309 4178 quam
2355 4104 2694 4162 orationum

357 4190 712 4250 brevitatem
755 4191 1057 4267 propriam
1103 4211 1232 4251 esse
1277 4190 1446 4250 libris
1497 4193 1556 4246 Σ
1585 4189 1718 4246 ΥΦ
1756 4188 1911 4246 ΨΩ
1958 4189 2293 4249 observatio
2339 4192 2431 4247 est
2470 4188 2694 4248 Lach-

359 4276 605 4333 manni
649 4295 711 4350 p.
747 4277 851 4352 81.

525 4359 682 4417 Tum
726 4365 789 4418 et
834 4355 1207 4436 ἐσημήναντο
1255 4361 1372 4419 175
1418 4357 1741 4419 secundum
1790 4357 2173 4417 celeberrima
2215 4354 2445 4434 σήματα
2489 4351 2696 4435 λυγρά,

359 4443 428 4501 de
470 4443 690 4520 quibus
735 4448 879 4504 nota
921 4448 1062 4504 sunt
1120 4445 1346 4520 omnia,
1405 4443 1712 4503 commode
1768 4444 1973 4519 posuit
2016 4446 2077 4503 et
2122 4443 2266 4503 scite
2310 4462 2416 4519 pro
2462 4444 2695 4502 univer·
