3132 5129
1308 386 1768 450 *501*

374 542 627 603 nebulas
687 543 863 600 textu
905 541 1227 619 Euripideo
1284 543 1632 619 superfusas
1676 544 2046 622 discusserit,
2102 565 2320 607 novam
2365 567 2505 608 sane
2548 569 2708 609 exer·

374 627 596 690 cendae
653 626 716 687 in
761 645 896 686 eum
941 627 1078 687 crisi
1122 628 1316 687 lucem
1359 628 1666 706 praebuit,
1726 630 1885 706 quod
1932 631 2281 691 beneficium
2325 632 2410 692 ibi
2455 654 2708 710 quoque,

375 714 477 773 ubi
533 712 818 772 incertam
874 731 1001 771 esse
1061 715 1241 788 atque
1300 712 1725 774 subobscuram
1780 735 1911 775 eam
1969 716 2161 775 lucem
2218 718 2335 776 iam
2381 717 2538 777 clare
2580 738 2708 794 per·
2740 734 2771 780 4

378 799 607 875 spicere
671 797 843 872 licet,
910 798 1039 856 viro
1105 798 1487 858 meritissimo
1548 804 1854 876 acceptum
1920 800 2232 862 referimus
2294 801 2454 861 haud
2519 804 2709 880 inscii,

375 888 754 962 quantopere
822 882 917 940 vel
983 882 1383 942 adversissimi
1448 902 1619 943 casus
1682 904 1824 944 vera
1878 884 2127 945 scientia
2177 891 2478 963 praestare
2521 888 2712 948 soleat

384 987 570 1030 vanae
616 967 947 1026 faustorum
995 967 1251 1027 fatorum
1295 968 1685 1043 persuasioni.
1742 969 1977 1029 Nititur
2004 971 2189 1048 igitur
2211 971 2525 1049 Iphigenia
2555 974 2709 1033 Tau-

381 1056 522 1129 rica,
568 1051 804 1128 qualem
850 1052 1024 1110 hodie
1066 1052 1340 1130 legimus,
1386 1052 1641 1112 duorum
1685 1054 1955 1114 codicum
1999 1056 2232 1116 saeculo
2263 1056 2425 1116 XIV.
2457 1059 2709 1134 scripto-

379 1160 511 1199 rum
578 1137 845 1197 sublesta
914 1135 1063 1213 fide,
1132 1155 1382 1212 quorum
1449 1140 1708 1214 primum
1768 1139 2108 1199 Palatinum
2171 1140 2331 1201 inter
2387 1141 2708 1204 Vaticanos

375 1246 438 1285 n.
488 1225 609 1283 287
654 1244 693 1282 a
734 1221 1099 1282 Kirchhoffio
1144 1222 1349 1281 littera
1391 1222 1452 1282 B
1495 1223 1875 1301 designatum
1918 1226 2215 1301 expressit
2256 1226 2516 1303 Aldus,
2563 1227 2706 1288 alte·

372 1329 506 1369 rum
537 1308 956 1367 Florentinum
1003 1307 1190 1383 plutei
1220 1307 1448 1367 XXXII
1477 1327 1534 1368 n.
1570 1310 1606 1366 2
1651 1309 1726 1368 ab
1773 1309 1979 1370 eodem
2024 1311 2227 1370 littera
2258 1310 2310 1371 0
2346 1311 2703 1389 insignitum

376 1392 694 1455 dolendum
751 1394 845 1452 est
897 1391 1056 1467 quod
1100 1391 1365 1452 nondum
1409 1394 1555 1453 satis
1600 1398 1869 1453 accurate
1913 1394 2197 1455 collatum
2241 1395 2551 1473 habemus,
2611 1400 2703 1457 cui

374 1479 748 1539 incommodo
792 1496 927 1536 cum
968 1476 1366 1537 Kirchhoffius
1412 1497 1473 1537 se
1517 1479 1877 1540 succurrisse
1919 1479 2395 1556 apographorum
2439 1482 2704 1558 quinque

374 1565 582 1642 (trium
623 1563 1050 1637 Parisinorum,
1095 1562 1273 1623 unius
1303 1562 1657 1639 Florentini,
1703 1564 1879 1625 unius
1912 1561 2226 1647 Marciani)
2273 1585 2386 1642 ope
2429 1567 2492 1625 in
2536 1586 2704 1642 prae-

376 1652 482 1712 fat.
540 1668 598 1724 p.
645 1648 700 1705 X
753 1645 1167 1722 declaraverit,
1240 1667 1418 1723 quem
1473 1668 1541 1707 ea
1596 1649 1826 1708 medela
1878 1649 2155 1709 habuerit
2210 1669 2575 1728 successum,
2633 1670 2704 1712 eo

376 1735 571 1794 minus
618 1736 780 1792 certo
823 1732 1042 1808 ubique
1088 1732 1226 1792 sciri
1271 1736 1488 1809 potest,
1538 1735 1820 1809 quoniam
1862 1754 1939 1794 ne
1983 1753 2170 1794 unum
2218 1736 2459 1812 quidem
2492 1737 2702 1796 horum

370 1818 853 1897 apographorum
897 1835 984 1892 ea,
1030 1836 1208 1893 quam
1239 1815 1366 1877 iure
1397 1817 1573 1877 hodie
1607 1819 2028 1896 desideramus,
2077 1820 2390 1898 diligentia
2420 1821 2704 1882 collatum

372 1925 500 1966 esse
544 1905 728 1979 patet.
796 1900 1167 1978 Quamquam
1212 1902 1468 1962 multum
1511 1903 1841 1963 adiumenti
1883 1925 1953 1963 ex
1998 1904 2198 1965 codice
2244 1905 2297 1966 G
2333 1906 2526 1966 denuo
2570 1908 2703 1967 reli-

369 1992 652 2068 gioseque
682 2004 926 2047 excusso
956 1988 1031 2046 ad
1061 1986 1433 2063 Iphigeniam
1465 1988 1899 2048 emendandam
1929 2008 2304 2050 accessurum
2333 2011 2462 2053 esse
2490 1993 2703 2052 merito

347 2075 644 2134 dubitare
685 2072 846 2133 licet.

538 2158 632 2217 Eo
685 2157 824 2232 plus
876 2155 1098 2216 laboris
1155 2157 1270 2217 viri
1327 2156 1489 2217 docti
1531 2158 1805 2233 interque
1848 2177 1948 2218 eos
1992 2158 2183 2219 critici
2227 2160 2494 2220 omnium
2537 2180 2703 2237 prae-

277 2289 294 2306 .
378 2242 729 2304 stantissimi
774 2243 838 2300 in
878 2240 1247 2301 restituendo
1278 2242 1536 2301 carmine
1565 2246 1690 2301 tam
1718 2243 1871 2302 male
1899 2244 2103 2303 habito
2133 2248 2479 2319 posuerunt.
2545 2246 2702 2305 Nam

375 2333 445 2388 ut
486 2332 717 2387 taceam
762 2326 835 2385 de
881 2326 993 2402 his,
1041 2328 1143 2401 qui
1191 2345 1394 2386 omnes
1436 2330 1649 2401 poetae
1693 2326 1929 2387 fabulas
1974 2329 2339 2387 coniunctim
2370 2329 2699 2406 ediderunt,

368 2445 450 2456 —
495 2432 566 2472 ex
625 2412 841 2488 quibus
892 2413 1132 2486 praeter
1188 2411 1482 2471 Fixium
1531 2412 1942 2471 Parisinorum
1996 2411 2264 2473 codicum
2321 2414 2554 2489 „denuo
2610 2416 2701 2474 in·

371 2495 739 2575 spectorem“
827 2496 1116 2573 singulari
1204 2514 1336 2556 cum
1423 2496 1601 2555 laude
1672 2496 2069 2557 nominandus
2143 2502 2237 2559 est
2307 2499 2701 2577 Augustus

368 2586 523 2645 Nau
538 2584 752 2643 ckius
797 2582 1139 2642 criticorum
1170 2582 1663 2658 Euripideorum,
1709 2583 1812 2658 qui
1855 2601 2015 2642 nunc
2057 2582 2295 2659 quidem
2338 2585 2569 2659 vivunt,
2616 2586 2697 2644 fa-

367 2672 479 2731 cile
522 2669 817 2744 princeps,
853 2699 928 2708 —
961 2670 1100 2744 post
1127 2667 1652 2726 Marklandum
1694 2667 1988 2727 editorem
2030 2672 2209 2745 atque
2250 2668 2701 2730 Elmsleium

366 2754 627 2816 eiusdem
675 2770 980 2811 censorem
1012 2752 1242 2834 Anglos
1287 2753 1348 2810 in
1379 2751 1701 2811 Germania
1742 2751 2044 2812 duumviri
2089 2753 2446 2813 exstiterunt
2481 2754 2701 2815 doctis·

369 2840 502 2900 simi
546 2841 610 2897 et
653 2837 1015 2914 sagacissimi
1056 2838 1445 2913 Augustus
1491 2835 1887 2897 Seidlerus
1930 2857 1983 2896 a.
2022 2839 2183 2898 1813
2229 2842 2291 2898 et
2333 2838 2699 2900 Godofre-

368 2926 505 2984 dus
549 2923 1015 2981 Hermannus
1061 2941 1112 2981 a.
1167 2923 1357 2997 1833,
1417 2922 1522 2998 qui
1564 2925 1886 2998 perpetuae
1930 2924 2383 3000 constantisque
2427 2926 2698 2985 emenda-

372 3010 554 3069 tionis
584 3007 762 3083 pnimi
792 3007 1135 3083 egregiique
1164 3014 1435 3068 auctores
1465 3007 1729 3066 fuerunt.
1787 3006 2116 3067 Hermanni
2144 3027 2287 3068 vero
2317 3009 2469 3069 liber
2498 3030 2699 3070 meum

365 3093 608 3170 quidem
665 3092 928 3152 animum
973 3095 1049 3150 'eo
1094 3093 1283 3169 magis
1330 3092 1573 3167 insuper
1617 3092 1777 3168 capit
1818 3092 2185 3169 retinetque,
2243 3094 2403 3170 quod
2448 3115 2582 3154 eum
2628 3115 2699 3155 ex

367 3180 504 3240 vivo
570 3177 812 3237 artificis
872 3177 1143 3254 magistri
1206 3195 1306 3237 ore
1371 3176 1763 3252 prodeuntem
1828 3177 2036 3237 audire
2099 3179 2343 3238 memini
2398 3182 2699 3256 praesenti

367 3265 704 3324 etiamnunc
749 3265 890 3337 post
933 3264 1026 3320 tot
1067 3280 1255 3322 annos
1299 3262 1637 3322 scholarum
1678 3262 1918 3321 illarum
1954 3262 2385 3341 recordatione,
2430 3285 2575 3340 quas
2606 3266 2700 3325 vir

365 3366 630 3408 summus
674 3364 780 3423 per
822 3347 1075 3406 hiemem
1118 3365 1169 3405 a.
1203 3345 2040 3406 MDCCCXXXII—-XXXIII
2086 3347 2159 3406 de
2203 3349 2309 3407 illa
2351 3349 2556 3409 fabula
2598 3351 2695 3409 ha·

365 3434 514 3493 buit.
580 3432 806 3503 Quibus
850 3431 1066 3491 scholis
1111 3431 1276 3506 mihi,
1325 3427 1428 3507 qui
1472 3449 1540 3490 eo
1585 3431 1718 3506 ipso
1762 3431 2033 3491 semestri
2063 3432 2484 3509 septemdecim
2515 3453 2697 3494 anno-

365 3538 498 3576 rum
554 3516 1032 3577 adolescentulus
1087 3518 1540 3576 universitatem
1598 3515 1889 3591 adieram,
1950 3516 2025 3574 ad
2084 3518 2282 3576 studia
2338 3518 2699 3596 philologica

364 3607 604 3663 strenue
644 3601 876 3677 riteque
919 3600 1243 3661 exercenda
1286 3601 1545 3676 primum
1592 3603 1654 3659 et
1695 3600 1852 3660 viam
1898 3605 2291 3662 monstratam
2335 3608 2398 3663 et
2433 3604 2696 3663 animum

365 3688 691 3747 excitatum
746 3704 873 3746 esse
929 3685 1069 3744 data
1113 3684 1455 3744 Academici
1499 3684 1689 3744 libelli
1734 3685 2041 3746 occasione
2082 3689 2255 3763 grate
2297 3689 2515 3764 pieque
2558 3707 2695 3748 con-

364 3772 521 3832 fiteri
577 3772 760 3830 iuvat.
849 3769 966 3829 Sed
1022 3771 1264 3830 illorum
1308 3769 1761 3830 duumvirorum
1807 3788 1952 3845 opes
1997 3789 2105 3829 suo
2149 3789 2312 3831 more
2357 3771 2697 3832 scholarum

362 3859 426 3917 in
479 3875 655 3917 usum
698 3855 858 3914 haud
899 3854 1153 3915 absurde
1196 3855 1452 3914 contulit
1495 3874 1550 3914 a.
1603 3855 1767 3914 1844
1808 3856 2192 3931 Augustus
2237 3856 2695 3933 Witzschel,

365 3942 508 4002 olim
562 3940 890 4000 commilito
948 3939 1356 4000 familiaritate
1411 3939 1557 3999 satis
1613 3939 1826 4000 intima
1868 3957 2095 3998 mecum
2143 3940 2521 4018 coniunctus,
2588 3942 2692 4002 sed

364 4030 504 4103 post
547 4044 769 4085 annum
812 4025 983 4084 illum
1018 4023 1662 4101 quadragesimum
1690 4043 1954 4087 nonum
1985 4023 2131 4082 mihi
2161 4025 2400 4101 quidem
2429 4015 2689 4099 ἄιστος

362 4107 727 4186 ἄπυστος,
773 4109 1001 4169 scilicet
1028 4129 1182 4169 unus
1227 4128 1298 4168 ex
1345 4109 1690 4170 silentiariis
1735 4110 1857 4172 illis
1904 4108 2270 4187 Saxonibus,
2315 4129 2462 4187 quos
2505 4131 2698 4189 nuper

364 4199 427 4255 in
492 4196 860 4272 praefatione
903 4195 1121 4255 Nonno
1187 4195 1510 4272 praemissa
1570 4215 1630 4270 p.
1677 4193 1765 4253 XI
1788 4217 1879 4274 sq.
1937 4194 2170 4255 iocandi
2223 4198 2417 4273 gratia
2469 4200 2696 4259 notavi.

365 4281 582 4341 Postea
626 4280 836 4339 eodem
878 4299 1035 4339 anno
1086 4282 1242 4340 1851
1293 4281 1441 4339 duae
1483 4280 1842 4356 prodierunt
1870 4278 2214 4359 Iphigeniae
2244 4280 2529 4342 Tauricae
2574 4284 2696 4343 edi-

367 4367 577 4440 tiones,
622 4383 742 4425 una
783 4365 1043 4425 Londini
1085 4365 1263 4425 simul
1301 4364 1588 4426 Helenam
1634 4368 1816 4444 atque
1843 4367 2049 4428 Ionem
2093 4366 2398 4443 complexa
2441 4366 2694 4429 Caroli

367 4450 754 4529 Badhami,
809 4452 912 4528 qui
968 4469 1103 4511 cum
1155 4450 1313 4509 haud
1368 4469 1586 4528 paucos
1641 4451 1802 4515 locos
1847 4456 1952 4513 aut
1996 4451 2248 4514 feliciter
2288 4453 2696 4515 emendaverit
