3132 5129
293 1597 386 1647 641

1449 1228 1738 1315 XVIII.

1164 1418 1690 1489 Emendationes
1726 1414 2033 1512 Nonni¹).

596 1592 898 1650 Seriorum
942 1591 1099 1666 apud
1132 1589 1388 1650 Graecos
1420 1589 1737 1665 Epicorum
1768 1591 2099 1649 accuratius
2130 1589 2395 1649 studium
2441 1592 2756 1665 postquam

428 1681 493 1737 in
537 1676 916 1735 celeberrima
960 1675 1064 1732 illa
1119 1676 1190 1734 de
1236 1674 1509 1751 Orphicis
1554 1676 1973 1735 dissertatione
2026 1676 2102 1734 ab
2151 1674 2489 1733 Hermanno
2543 1677 2604 1734 et
2668 1673 2758 1733 e‘x·

429 1765 676 1822 citatum
723 1765 815 1819 est
858 1761 1146 1835 primum,
1204 1764 1264 1819 et
1306 1779 1448 1821 vero
1494 1761 1734 1838 egregie
1779 1761 2144 1836 promotum,
2193 1778 2325 1818 cum
2368 1760 2502 1835 alii,
2549 1761 2651 1835 qui
2697 1760 2758 1819 in

427 1868 498 1907 ea
539 1848 635 1906 via
677 1849 1022 1921 pergerent,
1069 1845 1458 1920 exstiterunt,
1520 1850 1650 1903 tum
1695 1846 1876 1905 etiam
1922 1845 2014 1903 Fr.
2060 1843 2358 1919 Graefius;
2417 1846 2551 1921 qui,
2614 1845 2757 1920 quid

430 1934 493 1992 in
536 1932 627 1989 bis
669 1931 864 2005 poetis
908 1928 1291 1988 emendandis
1334 1931 1515 1989 etiam
1576 1931 1702 1990 sine
1747 1931 2015 1991 codicum
2059 1930 2280 1988 auxilio
2334 1931 2561 2005 ingenii
2620 1949 2757 1989 acu-

430 2036 594 2091 men,
642 2016 1024 2074 coniunctum
1080 2014 1232 2072 illud
1287 2033 1423 2073 cum
1478 2015 1785 2075 doctrinae
1837 2016 2108 2074 ubertate
2164 2015 2558 2090 lectionisque
2617 2017 2756 2074 assi-

430 2103 660 2161 duitate
714 2103 1016 2176 praestare
1070 2102 1298 2176 posset,
1356 2100 1582 2175 insigni
1640 2100 1908 2176 exemplo
1967 2099 2414 2159 demonstravit.
2488 2100 2548 2160 Is
2606 2102 2763 2159 enim

429 2186 631 2247 Nonni
677 2186 1066 2262 Dionysiaca,
1112 2187 1176 2243 et
1218 2204 1254 2243 a
1296 2183 1558 2244 librariis
1603 2186 1823 2243 mirum
1881 2186 1943 2243 in
1985 2183 2229 2242 modum
2274 2186 2583 2260 corrupta,
2631 2188 2690 2243 et
2734 2206 2768 2243 a

430 2272 574 2330 viris
621 2271 807 2329 doctis
853 2270 953 2330 diu
997 2270 1272 2347 neglecta
1313 2272 1438 2327 tam
1493 2270 1749 2328 feliciter
1794 2270 2089 2345 plerisque
2148 2269 2293 2328 locis
2350 2270 2641 2344 restituit,
2701 2274 2767 2328 ut

430 2356 799 2430 comparanti
845 2356 971 2414 eius
1002 2356 1404 2415 recensionem
1449 2373 1585 2413 cum
1630 2354 1858 2413 duabus
1895 2354 2190 2429 prioribus
2221 2352 2584 2413 editionibus
2615 2354 2764 2413 alter

370 2518 372 2520 1
433 2443 554 2499 fere
598 2441 847 2500 Nonnus
892 2441 956 2499 in
1000 2459 1071 2499 eo
1117 2441 1376 2498 carmine
1423 2439 1771 2515 castigando
1817 2443 1893 2517 et·
1923 2438 2271 2514 expoliendo
2321 2443 2589 2499 versatus
2636 2458 2765 2498 esse

432 2524 726 2585 videatur.
804 2525 1011 2601 Neque
1055 2525 1156 2584 alii
1201 2525 1318 2583 iam
1349 2524 1524 2584 huius
1555 2527 1761 2600 poetae
1791 2524 2167 2584 immemores
2212 2526 2398 2584 erant.
2476 2522 2764 2585 Certatim

436 2612 593 2670 enim
641 2609 1010 2685 Spitznerus,
1065 2608 1434 2684 GerharduS,
1487 2609 1891 2684 Wernickius,
1952 2610 2063 2667 etsi
2108 2608 2241 2667 aliis
2287 2608 2580 2670 derebus
2625 2610 2763 2668 scri-

436 2697 646 2754 bentes
692 2696 754 2753 in
799 2699 1147 2753 transcursu
1192 2698 1427 2753 tantum
1473 2694 1758 2753 Nonnum
1814 2693 2183 2769 tractabant,
2238 2712 2361 2752 non
2405 2694 2602 2753 solum
2657 2694 2765 2752 ali-

439 2783 590 2855 quot
634 2779 792 2838 locos
838 2779 985 2837 bene
1033 2782 1445 2855 correxerunt,
1494 2779 1597 2838 sed
1642 2779 1818 2838 etiam
1851 2779 1922 2837 de
1952 2780 2232 2838 universa
2276 2779 2431 2853 apud
2477 2799 2608 2837 eum
2643 2798 2768 2838 ver·

440 2884 614 2923 suum
661 2862 1101 2922 condendorum
1145 2863 1379 2922 ratione
1424 2864 1747 2922 utilissima
1776 2867 2164 2939 monuerunt;
2212 2863 2296 2922 ita
2340 2865 2409 2922 ut
2452 2863 2770 2922 dolendum

440 2950 549 3023 sit,
597 2947 836 3007 illorum
884 2948 1403 3008 observationibus
1450 2949 1745 3007 Graefium
1776 2950 1853 3007 ·in
1909 2949 2102 3025 primo
2152 2949 2451 3007 volumine
2508 2967 2628 3007 non
2671 2968 2770 3023 po·

441 3035 626 3092 tuisse
673 3034 790 3107 uti,
837 3034 902 3091 in
945 3032 1201 3091 secundo
1246 3034 1545 3093 rarissime
1589 3037 1826 3092 tantum
1870 3052 2044 3093 usum
2088 3053 2242 3107 esse,
2306 3053 2665 3110 quamquam
2712 3034 2771 3091 in

441 3119 679 3177 illorum
724 3118 1089 3177 coniecturas
1120 3119 1467 3194 plerumque
1499 3119 1680 3177 etiam
1724 3119 1851 3194 ipse
1898 3118 2126 3177 incidit.
2203 3118 2543 3178 Novissime
2573 3121 2771 3176 autem

442 3203 720 3263 Struvius
762 3203 825 3261 in
870 3208 1309 3279 programmate
1340 3203 1667 3262 autumnali
1698 3224 1749 3262 a.
1783 3204 1975 3278 1834,
2023 3207 2084 3261 et
2127 3203 2409 3263 Lebrsius
2454 3204 2518 3261 in
2563 3203 2771 3261 disser-

445 3289 670 3347 tatione
727 3287 920 3345 Iahnii
978 3288 1290 3347 annalibus
1347 3288 1480 3348 Vol.
1537 3288 1686 3346 XIII
1748 3286 1967 3364 (1835)
2024 3307 2084 3363 p.
2136 3290 2492 3348 217-236
2556 3288 2776 3346 inserta

446 3373 517 3432 de
547 3372 780 3448 legibus
814 3373 1190 3449 quibusdam,
1224 3392 1371 3448 quas
1402 3375 1464 3431 in
1502 3373 1771 3432 versibus
1803 3373 2228 3448 componendis
2261 3373 2336 3431 N.
2370 3372 2483 3432 sibi
2515 3373 2772 3448 scripsit,

447 3458 708 3516 breviter
749 3457 991 3532 quidem
1021 3457 1126 3516 sed
1158 3460 1394 3534 egregie
1427 3457 1834 3534 disputarunt,
1884 3477 2135 3534 quorum
2182 3458 2284 3517 ille
2331 3458 2403 3516 de
2450 3459 2615 3516 exitu
2645 3477 2774 3518 ver-

444 3562 618 3602 suum
663 3543 726 3600 in
772 3541 849 3599 N.
897 3542 1287 3618 carminibus,
1333 3543 1429 3602 hic
1475 3543 1546 3601 de
1578 3542 1747 3601 hiatu
1793 3545 1853 3601 et
1883 3542 2117 3617 Attica,
2166 3561 2315 3618 quae
2363 3542 2600 3617 dicitur,
2647 3561 2775 3601 cor-

445 3627 714 3703 reptione
759 3626 1217 3703 diligentissime
1262 3628 1564 3703 exposuit3
1635 3631 1885 3702 uterque
1932 3630 2132 3685 autem
2177 3629 2324 3687 vitia
2367 3626 2462 3686 hic
2506 3627 2629 3686 illic
2686 3648 2777 3686 re-

446 3712 603 3789 gulis
649 3711 833 3786 probe
876 3710 1123 3770 firmatis
1169 3712 1564 3790 repugnantia
1607 3715 1765 3771 recte
1812 3713 2072 3772 sustulit.
2148 3712 2403 3771 Restant
2443 3717 2643 3770 tamen
2691 3711 2775 3788 (id

444 3797 605 3872 quod
649 3797 711 3854 in
773 3799 895 3853 tam
950 3799 1121 3855 vasto
1179 3815 1356 3873 opere
1400 3815 1575 3856 nemo
1634 3793 1977 3875 mirabitur)
2032 3797 2299 3857 locorum
2366 3801 2777 3872 corruptorum

445 3882 588 3940 satis
631 3883 799 3956 larga
844 3880 1035 3939 adhuc
1089 3883 1442 3958 multitudo,
1500 3901 1572 3940 ex
1614 3882 1829 3957 quibus
1873 3881 1975 3940 alii
2018 3901 2172 3941 nexu
2215 3881 2573 3941 narrationis
2644 3902 2775 3940 sen-

447 3969 888 4042 tentiarumque
933 3968 1279 4043 perturbato
1327 3969 1451 4026 sine
1495 3967 1807 4025 meliorum
1863 3967 2152 4025 librorum
2199 3985 2310 4042 ope
2355 3968 2454 4025 vix
2497 3965 2779 4042 probabi-

448 4052 587 4110 liter
634 4053 881 4127 tentari,
941 4052 1042 4110 alii
1088 4052 1363 4129 diligenti
1421 4052 1597 4110 huius
1641 4056 1852 4128 poetae
1898 4054 2251 4112 tractatione
2297 4055 2457 4111 recte
2503 4054 2564 4110 et
2608 4052 2779 4111 facile

448 4137 646 4194 sanari
701 4155 872 4211 posse
929 4137 1225 4196 videntur.
1315 4138 1403 4195 Ex
1460 4156 1528 4195 eo
1586 4156 1800 4212 genere
1858 4136 2090 4212 aliquot
2140 4137 2303 4196 locos
2358 4137 2453 4195 hic
2508 4156 2780 4212 promere

450 4221 764 4296 constitui,
825 4223 886 4279 in
931 4222 1146 4298 quibus
1208 4225 1311 4281 aut
1354 4240 1561 4281 sensus
1623 4221 1969 4297 depravatio
2013 4225 2213 4297 aperte
2273 4221 2565 4281 medelam
2621 4223 2780 4281 effla-

592 4419 645 4484 1)
686 4417 930 4484 [Annall.
969 4417 1144 4486 antiq.
1183 4417 1264 4470 111
1301 4421 1480 4485 (1836)
1527 4435 1583 4472 n.
1618 4424 1836 4473 80—82.
1871 4435 1925 4486 p.
1962 4417 2272 4487 541—660]
