3132 5129
1393 329 1851 393 —536—

455 492 808 567 Hartungus
853 492 1074 566 optime
1105 491 1263 548 viam
1297 487 1657 547 monstravit
1688 506 1773 560 eo,
1821 484 1978 561 quod
2010 486 2261 544 aliorum
2292 484 2602 560 Euripidis
2630 487 2791 545 1000-

456 596 582 633 rum
631 576 879 635 eundem
928 575 999 633 de
1046 574 1190 633 solis
1222 573 1607 633 conversione
1638 574 1816 646 atque
1847 589 2025 629 aureo
2056 589 2211 646 agno
2242 570 2488 629 invento
2519 571 2790 646 mythum

457 661 844 719 tractantium
903 660 1340 735 diligentiorem
1396 677 1571 733 quam
1629 657 1809 714 ceteri
1866 655 2161 714 rationem
2216 654 2444 714 habuit.
2544 655 2639 713 Ab
2699 656 2791 713 his

458 747 643 821 igitur
694 745 868 819 locis,
934 747 1002 801 ut
1055 745 1116 801 in
1174 744 1402 802 lubrica
1455 741 1553 801 via
1596 743 1824 800 certum
1870 740 2041 800 nobis
2084 759 2357 815 paremus
2402 741 2626 815 solum,
2682 759 2790 799 nos

454 848 688 905 quoque
754 828 1141 888 exordiamur.
1231 828 1523 898 Quoniam
1591 829 1792 885 autem
1857 828 1927 884 ut
1993 826 2094 883 alii
2158 828 2399 901 poetae,
2461 828 2547 883 ita
2612 826 2788 883 etiam

459 913 774 989 Euripides
818 913 1053 972 easdem
1096 914 1160 972 in
1206 912 1456 972 diversis
1501 911 1821 988 tragoediis
1869 911 2095 969 fabulas
2141 911 2376 970 diverso
2420 910 2596 970 modo
2643 912 2791 969 trac-

459 1000 627 1073 tavit,
676 998 979 1057 commode
1023 998 1255 1073 accidit,
1303 998 1461 1072 quod
1507 997 1569 1054 in
1614 997 1720 1054 hac
1765 996 1893 1070 ipsa
1922 996 2228 1070 tragoedia
2253 995 2642 1055 infra.v.812
2659 1016 2791 1071 sqq.

457 1083 723 1159 Orestes,
783 1088 853 1142 ut
909 1102 971 1142 se
1027 1083 1214 1142 sorori
1271 1082 1518 1140 fratrem
1563 1100 1692 1140 esse
1738 1081 2108 1155 comprobet,
2169 1080 2400 1139 easdem
2458 1081 2593 1139 illas
2638 1100 2791 1140 com-

456 1170 651 1229 munis
697 1169 895 1245 gentis
940 1169 1325 1243 antiquitates
1371 1170 1822 1226 commemorat.

361 1304 421 1350 12
762 1288 882 1345 ΟΡ.
943 1280 1187 1360 Ἀτρέως
1238 1280 1502 1343 Θυέστου
1546 1278 1601 1342 τ’
1652 1276 1830 1342 οἶσθα
1872 1280 2198 1368 γενομένην
2244 1280 2395 1360 &pam

779 1372 887 1436 ΙΦ
947 1367 1228 1475 ἤκουῖῗσα,
1241 1369 1464 1466 χρυσῆς
1508 1364 1693 1446 ἀρνὸς
1736 1363 1900 1445 ἡνίκ’
1950 1368 2035 1461 ἠν
2077 1367 2229 1447 πέρι.

764 1457 883 1514 ΟΡ.
942 1448 1108 1513 ταῦτ’
1157 1445 1266 1513 ουν
1310 1444 1589 1529 ὖφήνασ’
1636 1447 1804 1513 οἶσθ’
1855 1449 1918 1510 έν
1964 1443 2244 1530 ευπήνοις
2289 1448 2510 1528 ὑφαῖς;

778 1541 888 1599 Id).
950 1562 996 1598 ω
1041 1534 1298 1635 φίλτατ’,
1347 1530 1520 1618 ἔγγὺς
1566 1539 1684 1599 τῶν
1728 1536 1888 1616 ἐμῶν
1932 1533 2212 1615 κάμπτεις
2259 1546 2519 1618 φρενων.

765 1626 882 1687 ΟΡ.
948 1622 1086 1684 εἰκω
1131 1647 1160 1682 τ
1236 1622 1302 1683 έν
1346 1625 1527 1695 ἱστοῖς
1576 1614 1744 1698 ἡλίου
1789 1617 2167 1701 μετάστασιν;

771 1712 879 1767 ΙΦ.
941 1706 1151 1785 ὕφηνα
1195 1707 1295 1768 καὶ
1339 1701 1470 1767 τόδ’
1522 1701 1681 1780 εἶδος
1726 1702 1987 1786 εὐμίτοις
2032 1711 2299 1779 πλοκαῖς.

463 1832 680 1888 Totum
726 1829 1011 1903 adscripsi
1056 1830 1268 1903 locum,
1317 1849 1384 1887 ex
1433 1848 1548 1904 quo
1594 1832 1911 1904 appareret
1956 1829 2252 1888 artissime
2309 1827 2487 1886 fatale
2543 1830 2798 1888 fratrum

461 1916 532 1972 de
589 1933 766 1973 aureo
827 1933 979 1989 agno
1026 1917 1326 1973 certamen
1372 1934 1503 1972 cum
1548 1915 1694 1974 solis
1741 1915 2123 1974 conversione
2169 1914 2550 1973 coniunctum
2598 1916 2798 1973 fuisse.

463 2000 821 2065 Tractentur
877 2004 1002 2055 tum
1062 1998 1169 2058 hae
1229 2018 1354 2073 res,
1414 2018 1562 2074 quae
1606 2000 1882 2073 Euripidi
1940 1998 2215 2074 propriae
2272 1998 2453 2056 fuisse
2499 1999 2799 2075 videntur,

461 2084 731 2160 pluribus
790 2082 1082 2142 Orestis
1137 2087 1197 2142 et
1250 2084 1611 2142 Electrae
1667 2086 1841 2158 loeiS,
1899 2103 2045 2158 quos
2102 2084 2289 2157 locos,
2349 2084 2628 2158 quoniam
2674 2103 2797 2143 non

463 2171 654 2228 solum
709 2169 1055 2228 scholiastae
1114 2169 1216 2227 sed
1273 2169 1450 2227 etiam
1507 2171 1862 2228 recentiores
1922 2170 2282 2242 interpretes
2342 2169 2535 2227 aliena
2593 2190 2800 2243 cpiam-

461 2274 637 2329 quam
682 2254 1004 2328 Euripidea
1049 2257 1109 2312 et
1153 2255 1281 2328 ipsa
1325 2254 1549 2311 scilicet
1595 2273 1663 2311 ex
1709 2254 1994 2312 Cressis
2050 2254 2173 2311 sive
2221 2253 2318 2311 Th
2333 2257 2547 2328 yeste
2610 2255 2804 2329 petita

462 2340 924 2413 admiscuerunt,
971 2339 1147 2414 paulo
1193 2339 1522 2397 accuratius
1569 2342 1841 2396 excutere
1890 2338 2112 2412 placet,
2161 2341 2244 2412 ut,
2294 2357 2443 2412 quae
2488 2338 2550 2396 in
2593 2342 2801 2396 nostro

465 2424 713 2483 Chorico
759 2428 968 2497 poetae
1013 2442 1181 2481 mens
1212 2423 1410 2497 fuerit,
1459 2423 1847 2481 emendaturo
1892 2423 2208 2496 interpreti
2251 2426 2475 2497 pateat.
2550 2422 2798 2481 Initium

465 2509 710 2651 gacigips
756 2509 828 2566 ab
862 2507 1159 2567 Orestis
1204 2508 1471 2584 prologO,
1509 2508 1582 2566 *in
1628 2526 1746 2584 quo
1793 2527 1853 2564 v.
1891 2508 1965 2563 12
1987 2526 2115 2582 sqq.
2177 2506 2412 2566 Electra
2442 2507 2585 2566 haec
2615 2508 2802 2568 refert

507 2615 538 2652 e
669 2614 799 2652 reo:
1712 2622 1719 2630 ·

770 2732 816 2812 ῳ
865 2707 1157 2786 στέμματα
1205 2702 1411 2787 ξήνασ’
1462 2707 1790 2769 ἐπέκλωσεν
1834 2705 1950 2768 θεοὶ

771 2816 916 2870 εριν,
970 2791 1200 2876 Θυέστῃ
1245 2795 1503 2871 πόλεμον
1548 2792 1681 2854 ὄντι
1724 2792 1996 2872 συγγόνῳ

770 2876 1025 2937 θέσθαι·
1072 2879 1131 2937 τί
1168 2872 1410 2981 τᾶρρητ’
1457 2873 1988 2957 ἀναμετρήσασθαί
2025 2901 2094 2953 με
2140 2879 2257 2944 dei:

773 2961 968 3024 ἔδαισε
1014 2960 1069 3021 δ’
1118 2984 1231 3022 ουν
1277 2985 1374 3022 νιν
1417 2958 1573 3023 τέκν’
1623 2958 1975 3034 ἆποκτείιας
2015 2957 2277 3038 Ἀτρευς.

469 3086 630 3154 Quae
677 3087 831 3141 recte
875 3084 985 3141 hoc
1029 3084 1202 3142 modo
1248 3084 1627 3159 interpretati
1672 3087 1846 3143 sunt:
1904 3083 2017 3141 cui
2062 3086 2133 3141 st
2147 3084 2392 3140 rumina
2436 3104 2616 3142 nens
2665 3086 2803 3143 dea

468 3168 910 3243 adsignavit
955 3171 1359 3243 certamen,
1407 3172 1488 3226 ut
1516 3169 1795 3227 bellum
1831 3168 2139 3242 Thyesti
2191 3171 2530 3241 quamvis
2574 3171 2801 3228 fratri

468 3253 825 3326 inferret,
887 3272 1016 3311 cum
1070 3255 1187 3312 iam
1242 3253 1587 3312 scholiastae
1646 3253 1888 3313 insolita
1942 3251 2102 3310 vocis
2149 3248 2484 3326 στέμματα,
2530 3273 2635 3356 pro
2684 3275 2802 3329 qua

468 3340 716 3396 sortasse
787 3358 1081 3412 νηματα
1151 3338 1558 3413 scribendum,
1629 3337 2060 3442 significatione
2119 3339 2375 3411 permoti
2436 3334 2550 3395 θεὰ
2601 3336 2804 3415 Ἐρις

469 3423 795 3480 scriberent
824 3421 1134 3496 locumque
1166 3424 1249 3481 ita
1279 3423 1670 3499 explicarent.
1723 3443 1768 3503 ῳ
1804 3414 1923 3497 τὴν
1946 3418 2254 3497 βασιλείαν
2296 3420 2807 3499 περιποιησαμένη

471 3501 506 3578 ἦ
555 3500 671 3563 θεὰ
703 3502 876 3581 ’Έρις
923 3502 1210 3565 ἕπέκλωσε
1256 3505 1514 3584 πόλεμον
1564 3483 1797 3586 Θυέστῃ
1839 3501 2091 3581 θέσθαι,
2139 3525 2173 3563 a
2202 3506 2418 3580 quibus
2449 3508 2802 3582 scripturam

471 3595 776 3650 mutuatus
834 3592 1216 3668 Hartungus,
1285 3593 1593 3669 vulgarem
1654 3593 1975 3652 verborum
2033 3586 2327 3666 στέμματα
2383 3587 2609 3662 ξήνασα
2664 3593 2802 3650 dum

468 3678 688 3735 retinet
761 3676 1147 3751 sententiam,
1223 3677 1463 3736 Eridem
1536 3678 1710 3736 nobis
1778 3677 2059 3752 propinat
2131 3676 2160 3732 f
2171 3675 2414 3734 atalia
2487 3678 2807 3735 stamina

469 3763 792 3834 nentem,
865 3759 1090 3819 seilicet
1143 3761 1285 3836 quia
1347 3762 1666 3836 Euripides
1724 3762 1937 3821 Parcas
2003 3761 2113 3819 hoc
2177 3779 2420 3818 munere
2488 3760 2807 3837 fungentes

475 3847 855 3922 ignoraverit,
901 3864 1049 3920 quas
1094 3846 1291 3920 quivis
1335 3867 1403 3904 ex
1434 3846 1695 3906 Homero
1742 3866 1848 3906 suo
1892 3846 2090 3905 novit:
2142 3846 2351 3922 Μοῖρα
2396 3843 2646 3922 κραταιὴ
2682 3877 2758 3888 -
2798 3863 2803 3920 1

468 3925 789 4008 γεινομένῳ
835 3925 1146 4005 ἐπένησε
1191 3929 1363 4009 λίνῳ
1407 3930 1470 3987 ,Ω
1505 3933 1645 4006 209,
1709 3922 1869 3988 Αἷσα
1913 3926 2062 3988 κατὰ
2110 3926 2364 4000 Κλῶθές
2411 3950 2470 3987 τε
2513 3930 2745 4008 βαρεῖαι
2794 3927 2801 4010 Ι

467 4011 787 4095 γεινομένῳ
836 4011 1163 4090 νήσαντο
1206 4013 1382 4094 λίνῳ
1426 4037 1464 4089 η
1502 4019 1649 4075 197!
1718 4017 1938 4074 Contra
1981 4018 2170 4090 quod
2218 4019 2589 4074 certamen
2624 4017 2809 4075 Parca

469 4101 653 4158 Atreo
709 4104 768 4157 et
811 4100 1058 4175 Thyesti
1114 4100 1547 4176 adsignaverit,
1608 4122 1676 4159 ex
1733 4102 1804 4158 iis
1862 4101 2208 4176 intellegere
2252 4100 2409 4175 licet,
2455 4121 2605 4175 quae
2651 4102 2808 4159 infra

470 4205 528 4243 v.
560 4186 680 4244 807
707 4204 832 4260 sqq.
910 4183 1137 4243 Chorus
1184 4185 1255 4242 de
1302 4185 1583 4244 fatalibus
1631 4186 1802 4242 malis
1846 4184 2229 4243 Tantalidum
2276 4185 2517 4243 domum
2564 4190 2804 4244 vastan-

469 4268 632 4326 tibus
677 4270 1085 4344 conqueritur:

876 4380 906 4443 ὁ
951 4381 1133 4463 μέγας
1177 4383 1350 4463 ὄλβος
1392 4379 1430 4443 ὅ
1476 4378 1530 4444 τ’
1580 4376 1756 4465 ἀρετὰ
