3132 5129
1277 369 1737 434 ...335-

648 603 743 689 Δὴ
786 609 915 670 τότε
960 606 1045 686 δὴ
1090 605 1223 669 καὶ
1268 607 1498 686 θηρσὶ
1539 599 1762 688 πικρὴν
1807 604 1903 667 ἐπὶ
1947 608 2121 687 μῆτιν
2164 602 2432 683 ὑφαίνει.

334 716 440 775 Ita
482 717 641 775 hunc
686 717 884 775 locum
927 735 958 774 e
1005 714 1343 775 coniectura
1386 711 1700 772 constituit
1729 711 2140 781 SclmeideruS,
2186 714 2351 772 cuius
2395 713 2540 771 haec
2582 713 2676 770 est

331 802 679 860 adnotatio:
748 797 880 877 „6⁷⁸1
946 795 1075 858 τότε
1137 793 1260 856 καὶ
1329 794 1496 876 περὶ
1550 799 1755 875 θῆρα
1821 792 2047 875 πικρήν
2100 796 2244 856 editi
2299 797 2468 873 libri,
2537 791 2675 875 περὶ

327 887 561 965 θῆρας
605 886 788 946 Paris.
836 881 923 963 (2.
970 904 1109 944 nam
1154 883 1341 944 Paris.
1379 886 1409 941 1
1457 883 1731 960 praebet:
1793 879 1926 959 περὶ
1968 879 2212 960 θηρσί);
2286 877 2358 959 δὴ
2405 877 2531 941 τότε
2574 876 2673 939 καὶ

329 969 546 1047 θήραν
586 959 813 1049 πικρὴν
858 965 960 1028 ἐπί
999 969 1189 1030 edidit
1232 968 1438 1028 Gallus
1481 987 1513 1028 e
1536 966 1850 1042 vaticam,
1897 970 1968 1026 ut
2012 969 2128 1042 ait3
2177 967 2281 1026 sed
2323 968 2387 1026 in
2430 967 2673 1027 adnota-

328 1057 500 1116 tione
545 1058 753 1136 θηρᾷν
793 1056 1012 1131 posuit.
1078 1054 1335 1126 Correxi,
1383 1056 1452 1113 ut
1493 1054 1685 1130 potui.
1759 1052 1854 1112 Ita
1883 1052 1960 1127 ΙΙ,
1996 1053 2116 1111 271
2165 1055 2258 1111 est
2302 1049 2375 1128 δὴ
2420 1045 2551 1111 τότε
2594 1046 2672 1127 δὴ

330 1136 707 1218 βαρύθων.“
748 1173 831 1183 —
878 1140 1015 1199 Non
1059 1140 1351 1199 satisfacit
1394 1142 1594 1198 autem
1636 1137 1970 1198 Schneideri
2012 1138 2350 1213 inventum,
2409 1137 2569 1213 quod
2613 1140 2674 1196 et

335 1226 621 1285 audacius
666 1228 788 1301 est,
847 1245 1026 1323 quam
1071 1243 1218 1301 opus
1264 1223 1526 1300 videtur,
1588 1226 1651 1282 et
1693 1223 1980 1284 vocabulo
2025 1219 2217 1301 θηρσί
2255 1222 2515 1297 laborat,
2562 1240 2670 1297 pro

330 1329 454 1386 quo
498 1312 824 1370 venationis
865 1312 1053 1385 ipsius
1097 1310 1406 1369 notionem
1451 1270 1768 1373 desideres.
1835 1308 1960 1367 Nec
2003 1309 2286 1383 praestat,
2341 1306 2501 1383 quod
2531 1307 2670 1365 olim

331 1396 680 1456 Brunckius
718 1395 984 1471 scripsit:
1034 1388 1108 1468 δὴ
1154 1387 1281 1452 τότε
1325 1391 1427 1451 καὶ
1469 1386 1668 1473 θήρῃ
1712 1389 1942 1469 πικρήν
1971 1396 2081 1453 etc.
2151 1391 2448 1467 Equidem
2475 1391 2672 1450 locum

330 1481 425 1539 ita
468 1481 541 1540 ab
587 1483 826 1542 auctore
871 1480 1206 1556 profectum
1247 1479 1537 1539 arbitror.
1596 1475 1673 1553 δὴ
1721 1470 1846 1537 τότε
1890 1474 1991 1536 καὶ
2032 1472 2282 1554 θήραν
2336 1472 2510 1552 περὶ
2554 1495 2672 1533 πι-

331 1557 523 1643 κρὴν
562 1566 738 1642 μῆτιν
780 1559 1045 1639 ὑφαίνει.
1133 1564 1583 1641 Praepositione
1629 1558 1756 1640 ἐπί,
1802 1583 1952 1640 quae
1998 1566 2090 1623 est
2131 1561 2299 1623 varia
2342 1562 2519 1621 lectio
2563 1580 2671 1637 pro

338 1649 512 1728 περί,
556 1652 622 1711 in
664 1654 895 1712 textum
941 1651 1183 1727 illapsa,
1237 1651 1401 1710 ortae
1445 1653 1588 1709 sunt
1630 1649 1860 1710 turbae.

1310 1820 1529 1895 Liber
1586 1820 1706 1896 IV.

649 2008 766 2071 Τὸν
810 2004 868 2070 δ’
917 2008 1108 2090 ἕτερος
1152 2005 1480 2070 κατόπισθε
1522 2002 1985 2089 μεγαθύμων
2026 2003 2271 2086 ἇιζηῶν.

348 2110 784 2193 Μεγαθύμων,
841 2114 1097 2175 secunda
1139 2115 1370 2192 syllaba
1411 2115 1728 2191 producta,
1776 2113 1921 2172 ferri
1962 2111 2190 2187 nequit.
2281 2113 2469 2182 Quam
2510 2112 2676 2172 tenui

347 2206 545 2261 autem
589 2200 945 2260 auctoritate
987 2219 1057 2259 ea
1084 2200 1260 2259 lectio
1289 2200 1534 2275 nitatur,
1582 2218 1652 2257 ex
1680 2198 2015 2259 Schneideri
2042 2198 2188 2256 nota
2216 2200 2485 2294 apparet,
2524 2215 2674 2271 quae
2709 2203 2772 2251 51

337 2285 483 2346 hacc
534 2289 652 2346 est·
714 2286 1070 2361 „vulgatum
1112 2276 1249 2362 μέγ’
1296 2277 1584 2363 ἀνθηρῶν
1627 2284 1723 2343 vel
1766 2283 2021 2342 Aldinae
2064 2285 2425 2358 μεγαθηρων
2470 2301 2532 2340 ιιι
2574 2300 2671 2357 με·

339 2365 638 2448 γαθόμων
694 2390 730 2429 a
784 2371 1044 2431 secunda
1083 2388 1289 2429 manu
1309 2372 1503 2429 mutat
1544 2369 1734 2431 Paris.
1782 2369 1850 2443 2,
1919 2368 1981 2426 in
2024 2361 2397 2445 μεγαθρωων
2438 2365 2673 2441 Venet.,

343 2456 407 2514 in
448 2450 598 2535 μέγα
642 2447 939 2533 θρώσσων
965 2454 1160 2514 Vatic.
1147 2498 1181 2531 .,
1227 2454 1387 2530 quod
1429 2455 1654 2529 recepit
1675 2452 1901 2528 Gallus,
1947 2453 2011 2511 in
2054 2452 2433 2511 adnotatione
2474 2411 2675 2510 tamexi

344 2542 661 2619 resipiens,
718 2541 821 2601 ubi
873 2537 1024 2617 μέγα
1075 2534 1314 2614 θροέων
1374 2540 1642 2603 coniecit.
1730 2537 1881 2597 Dedi
1940 2536 2099 2614 quod
2146 2536 2346 2597 Codex
2392 2535 2632 2598 obtulit.
2638 2534 2673 2566 “

342 2626 518 2686 Certe
564 2626 711 2702 quid
754 2626 827 2685 de
870 2626 927 2684 h.
960 2626 1003 2684 1.
1036 2626 1414 2701 pronuntiari
1443 2626 1671 2701 nequit.
1730 2624 1966 2686 Bonum
1998 2627 2105 2699 est,
2153 2623 2312 2699 quod
2335 2623 2676 2683 Brunckius

342 2713 623 2771 coniecit:
655 2703 1095 2788 μεγασθενὲων,
1141 2710 1243 2770 sed
1271 2729 1393 2770 non
1421 2712 1620 2770 minus
1650 2709 1876 2769 bonum
1905 2705 2333 2785 μεγαφρονέων
2358 2708 2495 2768 erit.
2556 2705 2674 2766 Sed

342 2798 530 2856 multa
574 2797 692 2855 alia
733 2797 951 2856 tentari
997 2799 1266 2871 possunt,
1313 2796 1514 2872 prouti
1558 2795 1632 2854 ad
1677 2796 1831 2854 hanc
1873 2794 1970 2855 vel
2014 2795 2180 2853 illam
2225 2794 2578 2870 scripturam
2607 2794 2669 2851 te

340 2883 715 2957 applicueris.
803 2881 897 2941 Ita
951 2900 1022 2940 ex
1075 2880 1295 2939 Aldina
1355 2880 1656 2940 commode
1712 2874 2089 2937 κατόπισθεν
2148 2873 2498 2957 ἔπακτήρων
2540 2876 2675 2936 elici

340 2968 582 3042 poterit.
673 2965 788 3027 Sed
833 2966 974 3025 nolo
1021 2965 1325 3025 alucinari.

513 3051 585 3109 V.
621 3052 744 3110 218
770 3070 904 3126 sqq.

646 3169 729 3179 —
814 3168 897 3178 —-
985 3168 1066 3178 —
1152 3125 1183 3192 ὃ
1226 3125 1286 3193 δ’
1332 3129 1435 3213 αρ’
1484 3124 1615 3193 ὦκα
1655 3129 2043 3237 περισπερχὴς
2086 3125 2370 3215 ὀδύνῃσιν

646 3215 980 3323 ὥρυθμοῖς
998 3213 1167 3278 ὑλάει
1209 3216 1312 3278 καὶ
1353 3216 1771 3298 πορδαλίεσσιν
1811 3210 2003 3277 αυτεῐ·

647 3296 686 3382 ἢ
732 3301 796 3364 δὲ
838 3298 980 3383 μαλ’
1031 3301 1255 3382 ἰάνθη,
1300 3302 1403 3364 δια
1448 3325 1507 3363 τε
1552 3300 1718 3383 δριὸς
1762 3300 1909 3375 ἰθὺς
1953 3295 2168 3384 ὀρούει.

347 3408 634 3485 Suspecta
678 3412 821 3468 sunt
864 3407 1075 3468 verba:
1120 3404 1223 3465 καὶ
1263 3404 1678 3485 πορδαλίεσσιν
1721 3399 1904 3469 αυτεῖ.
1979 3407 2162 3478 Nam,
2208 3423 2283 3463 ne
2325 3423 2569 3481 urgeam
2614 3407 2675 3463 et

348 3512 544 3569 versu,
590 3494 693 3569 qui
739 3494 1025 3569 sequitur,
1072 3496 1134 3553 et
1177 3513 1235 3552 v.
1278 3493 1615 3552 227-229
1661 3492 1734 3551 de
1779 3512 1897 3552 una
1940 3495 2177 3551 tantum
2220 3490 2510 3566 panthera
2552 3508 2674 3549 ser-

344 3581 580 3639 monem
623 3597 779 3653 esse,
838 3579 1111 3654 ineptum
1157 3581 1274 3654 est,
1333 3577 1490 3653 quod
1538 3579 1729 3650 caniS,
1784 3577 2147 3654 genitalibus
2190 3576 2328 3651 palo
2373 3575 2672 3651 alligatus,

344 3665 594 3724 clamare
640 3664 858 3723 dicitur
891 3663 1215 3737 pantheris.
1289 3662 1445 3721 Nam
1490 3662 1594 3738 qui
1638 3662 1857 3722 dicitur
1900 3655 2107 3720 ἀυτεῖν
2151 3681 2303 3737 τινι,
2348 3661 2399 3721 is
2444 3660 2674 3719 intelle·

346 3749 509 3825 gitur
553 3749 804 3809 clamare
849 3767 919 3808 eo
950 3748 1218 3823 consilio,
1264 3750 1333 3805 ut
1363 3748 1515 3807 alius
1546 3765 1753 3808 vocem
1784 3747 1988 3806 audiat
2018 3749 2194 3822 atque
2224 3745 2481 3806 accedat.
2545 3743 2675 3803 Hoc

346 3833 774 3895 alienissimum
818 3836 912 3893 est
953 3852 989 3891 a
1033 3851 1194 3907 cane,
1241 3834 1343 3908 qui
1385 3852 1526 3908 prae
1574 3832 1779 3892 dolore
1822 3833 2015 3891 ululat
2057 3831 2389 3918 metuitque
2428 3829 2672 3905 panthe-

346 3938 495 3978 ram.
551 3919 760 3996 Neque
802 3920 890 3977 ita
933 3877 1404 3977 Halieuticorum
1449 3921 1644 3994 poeta,
1689 3938 1760 3978 ex
1806 3937 1923 3994 quo
1970 3935 2095 3992 sua,
2142 3918 2212 3975 ut
2239 3934 2432 3992 saepe,
2479 3914 2677 3972 hausit

348 4002 766 4083 Cynegeticus.
844 4003 940 4062 Ibi
984 4002 1142 4063 enim
1186 4003 1296 4079 III,
1344 4002 1466 4062 388
1511 4003 1653 4062 haec
1697 4004 2011 4080 leguntur:

1063 4137 1137 4145 —
1223 4137 1304 4147 -
1392 4103 1495 4162 τοῦ
1539 4098 1600 4162 δ’
1646 4095 1937 4183 ὀδυνῃσιν

646 4182 848 4268 ἠχήεις
894 4177 1225 4293 ὀρυμαγδὸς
1268 4180 1577 4290 ἀπόπροθι
1619 4185 1974 4265 τειρομένοιο

649 4272 910 4353 ἔρχεται,
954 4267 1133 4371 ἀμφὶ
1154 4267 1218 4334 δέ
1261 4272 1324 4332 οἱ
1362 4271 1628 4333 στένεται
1675 4270 1865 4347 δρίος
1910 4268 1956 4349 ἢ
2000 4266 2056 4328 δ’
2102 4262 2371 4329 ἀίουσα

645 4356 1012 4441 πόρδαλις
1055 4352 1133 4419 loe
1152 4363 1295 4437 νθη
1338 4378 1398 4418 τε
1442 4357 1542 4418 και
1586 4354 1862 4434 ἔσσυται,
1908 4354 2073 4435 ιχνος
2116 4351 2300 4432 ἀυτῆς

643 4443 955 4526 μαιομένη.
