3132 5129
1362 362 1433 371 .-
1527 326 1568 387 9
1656 363 1734 372 .-

373 483 756 542 Lachmanno
785 482 946 540 hunc
986 483 1202 541 librum
1234 502 1269 542 a
1298 483 1494 558 primo
1526 502 1836 559 separans:
1879 484 2062 554 „Wir
2103 492 2340 545 massera
2382 504 2498 545 uns
2515 486 2717 559 „feden-

371 570 511 641 falls
553 571 683 626 eine
727 569 963 642 ldnyere
990 568 1115 627 Zeis
1145 570 1296 628 nach
1339 571 1468 628 dem
1495 570 1703 628 Streite
1747 572 1849 630 der
1877 571 2106 645 Kimiqe
2135 574 2442 643 verslossen
2474 573 2715 630 denken.

373 655 489 713 Die
531 652 765 712 Achc’ier
806 655 1043 712 kae'mmm
1085 655 1232 712 ohne
1273 654 1523 713 Achilles
1564 656 1753 714 wichte
1797 657 2119 725 erreiehen;
2163 658 2271 715 das
2329 656 2465 716 Volk
2505 662 2715 724 Μανῆ,

375 758 434 799 es
478 742 549 798 ist
592 739 962 814 mis-emath&
1006 741 1132 797 und
1174 741 1435 814 unlustiy
1477 758 1614 799 zum
1656 740 1976 814 Kampfe.“
2052 737 2166 820 (At
2209 741 2312 799 ubi
2357 741 2599 800 tandem
2646 742 2717 800 de

378 825 481 883 illo
529 823 785 882 Achillis
829 824 1157 894 desiderio,
1207 825 1280 882 de
1326 824 1658 898 pernicioso
1704 826 1831 884 eius
1863 826 2165 884 absentiae
2210 827 2424 885 effectu
2469 827 2563 884 vel
2609 824 2716 884 mi-

377 911 608 968 nimum
653 904 953 988 legitur?)
1029 909 1250 977 „Selbst
1296 911 1387 968 die
1429 910 1662 983 Koniye
1705 912 1912 969 theilen
1955 913 2076 969 dies
2119 909 2333 983 Gefflhl
2379 907 2565 988 (unde
2608 912 2719 970 hoc

378 988 673 1064 scimus'?)
691 1037 705 1063 ‚
772 995 1019 1069 obyleich
1088 995 1179 1052 ihr
1241 995 1529 1053 starkerer
1591 995 1962 1055 moral-iseher
2015 997 2190 1055 Mac-th
2252 999 2334 1055 sie
2390 997 2720 1056 ansharren

379 1080 519 1150 Ilissi
557 1078 740 1152 (2992
791 1077 1007 1153 τλῆτε).
1081 1078 1230 1137 Nun
1260 1082 1384 1139 tritt
1414 1077 1825 1153 Agamemnon
1867 1084 1972 1139 mit
2015 1083 2117 1139 der
2153 1083 2525 1156 ylc‘z‘neenden
2551 1082 2723 1152 Hoff-
2757 1088 2816 1136 12

379 1183 547 1238 sauny
591 1163 714 1234 auf
747 1164 971 1237 baldiye
1001 1158 1182 1242 (νῦν,
1229 1162 1335 1239 66)
1369 1165 1720 1238 Eroberuny
1747 1165 1968 1225 Iliums
2010 1166 2135 1236 auf.
2221 1167 2358 1225 W‘er
2390 1167 2538 1225 wird
2566 1168 2717 1225 diese

380 1250 531 1308 ’zach
599 1250 712 1306 den
772 1249 1094 1323 bisheriyen
1155 1249 1584 1323 Erfahrunyen
1649 1251 1895 1309 meilen?
1968 1250 2108 1309 Nur
2161 1251 2269 1309 das
2321 1251 2566 1309 Ansehn
2619 1252 2718 1309 des

385 1334 777 1406 Oberhauptes
818 1352 1053 1409 vermay
1107 1336 1220 1392 den
1273 1335 1533 1393 Far-steri
1585 1353 1613 1393 e
1629 1336 1649 1392 i
1663 1353 1706 1392 n
1719 1337 1739 1392 z·
1749 1353 1789 1409 9
1802 1353 1870 1393 es
1937 1334 2258 1394 Vertrauen
2312 1337 2465 1395 daza
2521 1338 2716 1395 eimu-

380 1419 607 1491 tlo'ssen.
684 1419 829 1478 DIes
858 1422 930 1477 ist
974 1421 1075 1478 der
1114 1418 1272 1478 sinn
1329 1421 1431 1478 der
1460 1419 1630 1493 =Rede
1681 1418 1959 1478 Nestors“
2018 1418 2120 1498 (de
2178 1420 2367 1500 βουλῇ
2420 1416 2718 1497 γερόντων

384 1505 530 1563 satis
589 1503 851 1577 dictum3
906 1522 1066 1563 nunc
1118 1505 1235 1579 ipsi
1286 1504 1550 1563 iudicent
1602 1504 1884 1576 lectoreS‚
1954 1524 2096 1564 num
2155 1525 2356 1563 rerum
2408 1506 2714 1577 bellarum,

380 1608 527 1664 quas
576 1588 660 1646 ibi
705 1589 1005 1647 invenisse
1049 1589 1165 1648 sibi
1220 1590 1383 1649 visus
1429 1591 1520 1647 est
1562 1588 1986 1660 Hoffmannus‚
2044 1590 2234 1648 ullum
2295 1591 2359 1649 in
2415 1590 2552 1648 exili
2610 1591 2715 1649 illo

378 1680 630 1734 centone
688 1673 1007 1749 vestigium
1068 1674 1263 1749 detegi
1328 1672 1603 1749 possitl).
1691 1674 1844 1732 Tum
1888 1676 2122 1751 pergit:
2179 1675 2351 1743 „Das
2405 1678 2715 1734 murrende

377 1761 676 1833 schwieriy
715 1760 1049 1833 yewordene
1108 1758 1244 1817 Volk
1294 1761 1367 1817 ist
1413 1759 1572 1817 nieht
1626 1760 1790 1817 leicht
1841 1777 1975 1819 zum
2018 1760 2276 1833 Kampfe
2328 1780 2404 1820 zu
2462 1762 2718 1835 beweyen

375 1840 513 1921 (hoc
561 1844 739 1919 fingit
783 1843 1205 1915 Hoffmannus,
1252 1843 1492 1919 ignorat
1523 1841 1881 1920 Homerus):
1927 1865 1990 1904 so
2033 1847 2142 1904 viel
2184 1847 2324 1904 aber
2365 1846 2505 1917 hefft
2548 1845 2714 1919 Aya·

380 1948 647 1987 memnon
696 1929 870 1996 noch,
916 1929 1051 2001 dass
1095 1948 1181 1996 es,
1227 1947 1400 1987 worm
1443 1947 1588 1987 man
1631 1930 1752 1987 ihm
1785 1931 2048 2002 plotele'elz
2097 1932 2187 1990 die
2230 1932 2545 1989 Helmkehr
2587 1950 2716 1990 vor-

381 2016 628 2089 sehla'yt,
673 2015 795 2073 sich
838 2015 905 2071 in
948 2017 1163 2073 seinem
1208 2015 1579 2073 nalilrliehen
1620 2014 1806 2073 Stolze
1849 2034 2172 2074 ermannen
2216 2017 2342 2074 und
2385 2017 2542 2075 nieht
2568 2016 2718 2090 feiye

380 2101 504 2157 und
544 2098 914 2171 schimpflich
972 2118 1053 2158 an
1097 2101 1198 2158 der
1240 2100 1613 2172 Erreichunq
1667 2101 1822 2157 eines
1865 2100 2124 2159 Zweckes
2177 2120 2459 2175 verenam
2513 2103 2714 2168 werde,

381 2185 484 2255 fiir
525 2184 639 2242 den
697 2202 755 2242 es
805 2185 983 2242 sehon
1036 2203 1099 2243 so
1156 2186 1266 2243 viel
1320 2184 1576 2243 erduldet
1634 2185 1751 2241 hat.
1841 2185 2032 2244 Damz
2080 2188 2231 2244 wird
2284 2187 2385 2244 der
2433 2187 2718 2260 yeleobene

384 2270 553 2327 Mum
598 2269 750 2327 auch
794 2270 1002 2327 wieder
1042 2287 1118 2328 zu
1147 2287 1326 2328 neuer
1366 2267 1997 2343 Kampfesfreudiyloeit
2040 2288 2114 2329 eu
2160 2272 2528 2341 emflammen
2569 2273 2714 2328 sein.

384 2352 572 2431 (Haec
618 2353 821 2411 omnia
867 2372 1029 2411 mera
1072 2357 1214 2413 sunt
1260 2353 1607 2413 Hoffmanni
1639 2353 2022 2429 commenta.)
2095 2355 2271 2413 Diese
2291 2356 2716 2429 psycholoyisch

383 2440 619 2513 n'chiiye
662 2436 911 2496 Ansicht
967 2440 1159 2513 brinyt
1202 2441 1316 2497 den
1358 2437 1768 2512 Agamemnon
1810 2456 1885 2497 zu
1926 2442 2117 2498 seiner
2158 2440 2717 2513 Handlunysweise;

383 2526 522 2584 aber
548 2524 644 2582 die
676 2522 924 2582 Grande
967 2525 1150 2584 dieses
1177 2525 1491 2583 Handelns
1535 2525 1638 2582 hat
1681 2524 1785 2582 der
1812 2524 2053 2583 Dichter
2095 2527 2164 2583 in
2190 2527 2384 2584 seiner
2412 2524 2718 2596 emsa-chen

384 2609 777 2668 Kindlichkeit
818 2628 937 2668 uns
994 2611 1149 2668 nieht
1202 2611 1543 2685 voryeleyt.“
1618 2608 1932 2668 Eiusmodi
1989 2629 2128 2669 vero
2185 2613 2363 2684 poeta
2416 2630 2536 2669 non
2593 2614 2714 2668 tam

384 2694 630 2770 puerilis
689 2699 849 2752 esset
906 2698 966 2752 et
1022 2695 1303 2770 simplex,
1362 2713 1539 2768 quam
1599 2692 1838 2752 Goethii
1896 2695 2283 2754 arcan'izando
2330 2729 2408 2737 -—·
2468 2695 2716 2753 barbare

384 2780 541 2837 enim
600 2778 923 2837 transferre
977 2780 1118 2838 licet
1174 2779 1322 2838 illud
1395 2778 1712 2836 barbarum
1769 2779 2592 2854 hineinyeheimnissen
2634 2811 2717 2821 --

385 2863 788 2939 superbientis
833 2865 1130 2923 aemulus!
1190 2863 1698 2940 Naegelsbachius
1746 2863 1999 2939 denique
2045 2886 2103 2940 p.
2157 2866 2274 2922 144
2323 2868 2382 2922 et
2429 2865 2549 2923 289
2596 2883 2717 2922 non

384 2955 506 3007 tam
551 2949 1023 3024 Agamemnoni,
1068 2969 1247 3024 quam
1294 2952 1506 3023 poetae
1551 2949 1942 3007 necessariam
2000 2950 2182 3008 fuisse
2241 2949 2386 3008 dicit
2440 2951 2716 3008 tentatio·

383 3054 547 3104 nem,
595 3036 666 3090 ut
712 3034 1000 3092 exercitus
1059 3034 1511 3109 principumque
1572 3033 1754 3091 animi
1816 3035 2175 3110 omninoque
2232 3053 2436 3092 omnes
2494 3053 2590 3093 res
2644 3034 2715 3092 ad

383 3119 609 3178 bellum
660 3120 998 3192 spectantes
1042 3119 1379 3190 Thersitae,
1440 3117 1633 3176 Ulixis
1679 3121 1741 3175 et
1784 3117 2055 3178 Nestoris
2116 3119 2486 3178 orationibus
2542 3138 2718 3194 expo-

383 3207 689 3262 nerentur.
764 3201 1019 3276 Verum,
1075 3209 1144 3261 ut
1199 3204 1315 3261 alia
1369 3205 1624 3273 taceam,
1682 3221 1888 3262 omnes
1963 3205 2097 3263 illae
2155 3224 2248 3263 res
2305 3205 2718 3280 orationesque

383 3306 568 3363 aeque
616 3287 767 3346 bene
812 3287 1015 3346 inferri
1072 3291 1352 3363 poterant
1395 3286 1678 3358 contioni,
1748 3288 1797 3345 si
1844 3280 2279 3364 Agamemnoni
2336 3289 2408 3346 ad
2455 3309 2714 3365 pugnam

383 3373 722 3432 exhortanti
767 3372 1069 3432 Thersites
1117 3373 1563 3448 obloqueretur.
1642 3369 1796 3440 Quid
1843 3374 2000 3447 quod
2044 3393 2121 3432 ne
2164 3392 2323 3432 nunc
2368 3375 2610 3449 quidem
2655 3375 2716 3432 in

382 3459 617 3533 priore,
679 3476 798 3532 qua
840 3460 1113 3516 tentatur
1169 3460 1493 3529 exercitus,
1551 3456 1653 3516 sed
1712 3457 1775 3515 in
1832 3460 2192 3532 posteriore,
2251 3462 2572 3534 postquam
2628 3478 2716 3516 re-

386 3544 601 3603 ductus
632 3548 739 3613 est,
787 3544 1061 3602 contione
1093 3544 1291 3601 omnia
1334 3543 1437 3601 illa
1481 3541 1833 3616 agitantur?
1881 3543 2074 3612 Quare
2105 3545 2153 3602 si
2186 3544 2501 3602 defendere
2546 3543 2710 3602 volu-

384 3649 515 3687 mus
562 3623 675 3703 τὴν
717 3630 959 3704 πεῖραν,
1019 3648 1153 3686 cum
1197 3626 1452 3686 BDLV
1497 3627 1763 3685 dicamus
1819 3646 1949 3685 eam
1998 3629 2231 3687 institui
2288 3622 2435 3684 κατά
2492 3648 2544 3684 τι
2597 3647 2708 3683 πα-

384 3709 554 3771 λαιὸν
598 3709 771 3785 ἔθος,
817 3730 933 3788 quo
978 3713 1133 3772 facto
1181 3713 1360 3771 simul
1403 3711 1558 3770 illud
1601 3705 1644 3786 ἣ
1685 3705 1861 3786 θέμις
1907 3708 2064 3770 ἐστίν
2097 3714 2472 3772 ,vindicaturi

554 3798 920 3872 Quocunque
987 3798 1174 3874 igitur
1226 3816 1335 3856 nos
1389 3797 1706 3867 vertimus),
1777 3796 1878 3855 ille
1945 3798 2217 3856 tentandi
2281 3801 2527 3856 conatus
2585 3799 2711 3857 sine

386 3884 532 3954 ulla,
581 3901 733 3958 quae
765 3882 1002 3957 quidem
1048 3904 1082 3941 a
1126 3886 1302 3957 poeta
1331 3884 1460 3957 ipso
1492 3881 1752 3939 indicata
1782 3882 1890 3954 sit,
1942 3902 2113 3942 causa
2145 3886 2481 3957 susceptus,
2528 3884 2712 3943 immo

385 3968 458 4027 ab
503 3969 971 4044 Agamemnonis
1013 3967 1239 4038 animo,
1300 3967 1535 4042 qualem
1583 3965 1946 4042 descriptum
1990 3968 2271 4043 legimuS,
2319 3968 2716 4027 alienissimus

384 4057 493 4112 est.
568 4052 696 4111 Iam
750 4054 994 4112 oratio
1054 4054 1182 4128 ipsa
1225 4073 1281 4114 v.
1336 4052 1696 4121 llo—141,
1755 4072 1875 4127 qua
1931 4052 2206 4112 simulate
2273 4053 2598 4110 exercitum
2643 4053 2716 4110 ad

386 4138 739 4214 fugiendum
771 4136 1145 4209 adhortatur,
1198 4157 1378 4212 quam
1409 4135 1664 4195 absurde
1693 4137 1773 4194 sit
1804 4137 2164 4212 composita,
2196 4136 2311 4194 iam
2343 4137 2485 4195 olim
2514 4139 2715 4213 paucis

386 4224 735 4282 monstravi.
810 4222 908 4279 Ab
952 4223 1090 4282 Iove
1137 4223 1297 4296 capit
1342 4222 1734 4298 principium,
1784 4241 1845 4280 se
1892 4223 1966 4280 ab
2011 4222 2115 4279 illo
2163 4221 2474 4297 deceptum
2522 4227 2583 4281 et
2628 4225 2714 4281 in-

386 4308 535 4367 iuria
567 4309 845 4366 affectum
884 4327 1040 4366 nunc
1073 4308 1279 4366 multis
1316 4307 1550 4365 amissis
1587 4306 1826 4365 domum
1856 4306 2051 4364 redire
2083 4306 2294 4365 iuberi.
2365 4306 2527 4366 Haec
2557 4312 2716 4366 certe

389 4411 565 4452 causa
610 4397 705 4452 est
748 4393 973 4452 sontica
1015 4397 1077 4451 et
1121 4394 1214 4451 cui
1245 4390 1650 4451 contradicere
1680 4410 1802 4451 non
1833 4392 2030 4450 liceat.
2104 4391 2255 4450 Tum
2290 4412 2345 4450 v.
2384 4394 2713 4451 116—118
