3132 5129
1388 380 1805 441 -96-

420 531 651 612 βουλή
693 535 727 605 ζ
761 537 901 595 510.
949 558 984 613 y
1014 538 1150 595 150.
1199 539 1244 591 θ
1270 531 1391 596 506
1440 532 1660 615 (τοῖσιν
1704 532 1769 592 δὲ
1793 534 1946 613 κακὴ
1977 533 2191 615 φρεσὶν
2220 532 2500 613 ἥνδανε
2531 530 2763 614 βουλη

423 623 452 691 ξ
485 618 658 697 337).
718 621 800 678 Ει
829 623 904 679 cf.
938 642 972 677 κ
1007 624 1146 679 373.
1206 622 1329 680 Nec
1360 621 1582 680 oblitus
1608 624 1699 680 est
1748 623 1937 680 Τ153
1955 642 2046 697 sq.
2078 617 2431 698 μητιόωντες
2469 624 2480 699 l
2517 620 2757 699 βουλάς.

591 707 693 762 46.
755 705 842 764 Cf.
894 708 947 761 A
989 708 1110 764 496
1157 721 1282 782 στη
1327 700 1392 762 δὲ
1435 698 1561 781 μάλ’
1614 701 1787 784 ἔγγὺς
1833 702 1966 764 ι’ὢν
2009 702 2132 763 καὶ
2182 741 2257 749 -
2305 712 2368 766 et
2409 710 2606 779 ψ165
2651 705 2763 764 καί

418 810 522 864 μιν
565 785 715 859 πρὸς
759 794 965 864 μῦθον
1004 787 1213 848 ἔειπεν.
1305 790 1539 849 Similia
1586 796 1781 850 autem
1812 793 2048 867 saepius
2094 792 2390 868 leguntur,
2440 797 2508 850 ut
2537 794 2758 852 2381.

590 877 670 935 47
702 901 784 922 =
821 880 879 931 A
910 877 1065 948 200,
1124 877 1224 933 ubi
1278 876 1486 933 eadem
1532 877 1932 951 appellatione
1979 877 2091 935 Iris
2136 879 2412 935 nuntium
2458 877 2614 936 Iovis
2659 897 2757 936 ex·

426 961 675 1019 orditur.

592 1048 672 1104 48
705 1073 786 1094 =
834 1050 885 1101 Δ
918 1046 997 1103 93
1029 1044 1106 1120 -Ι-
1145 1047 1192 1101 Β
1226 1047 1324 1118 26,
1371 1047 1484 1109 nisi
1533 1046 1692 1121 quod
1739 1047 1985 1105 alterius
2032 1065 2236 1105 versus
2264 1047 2445 1105 verba
2482 1042 2658 1116 Διὸς
2690 1042 2761 1104 δέ

423 1149 510 1186 τοι
556 1126 874 1208 ἄγγελός
919 1128 1035 1205 εἰμι
1081 1131 1283 1205 inepte
1328 1132 1391 1188 in
1434 1131 1886 1208 κασίγνητος
1931 1126 1996 1188 δέ
2042 1129 2132 1188 τοί
2157 1130 2273 1207 εἰμι
2305 1133 2574 1206 mutavit,
2622 1151 2761 1191 cum

423 1215 646 1274 Hector
690 1216 919 1274 Heleno
965 1234 1083 1274 non
1134 1220 1201 1273 ut
1245 1215 1414 1312 fratri
1463 1216 1564 1274 sed
1612 1219 1680 1273 ut
1726 1217 1850 1274 vati
1897 1216 2145 1291 obsequi
2193 1216 2452 1276 deberet.

592 1388 690 1443 50.
751 1385 1041 1444 Similiter
1096 1381 1491 1460 προκάλεσσαι
1535 1385 1592 1440 1
1629 1386 1781 1459 432,
1846 1389 1973 1443 tum
2019 1386 2150 1461 ipsa
2194 1386 2464 1445 clausula
2503 1380 2762 1462 Ἀχαιῶν

423 1463 488 1538 ὅς
537 1491 621 1540 τις
666 1466 903 1546 ἄριστος
948 1472 977 1525 λ
1015 1471 1133 1528 179
1178 1471 1417 1545 legitur.
1489 1469 1570 1527 Et
1616 1469 1690 1528 cf.
1723 1489 1900 1544 supra
1928 1490 1984 1545 p.
2014 1472 2088 1528 71
2123 1470 2195 1528 ad
2230 1471 2289 1525 Γ
2314 1474 2410 1529 19.

594 1557 692 1614 52.
749 1554 1024 1629 Ineptum
1071 1573 1310 1613 versum
1355 1555 1429 1612 ad
1475 1554 1928 1614 similitudinem
1975 1553 2011 1611 ὃ
2057 1557 2282 1629 561sq.
2333 1555 2591 1614 effinxit:
2662 1554 2760 1614 σοὶ

423 1634 483 1695 δ’
531 1634 603 1696 οὐ
648 1634 960 1713 θέσφατόν
992 1635 1112 1695 ἐστι
1148 1674 1220 1680 -
1255 1635 1565 1697 θανέειν
1608 1636 1730 1698 καὶ
1774 1633 2055 1714 πότμον
2085 1635 2468 1714 ἐπισπεῖν,
2516 1642 2759 1716 quibus·

424 1742 556 1782 cum
603 1725 908 1783 coniunxit
951 1722 987 1780 ὃ
1033 1725 1156 1781 475
1203 1716 1285 1781 οὐ
1330 1745 1463 1801 γαρ
1509 1743 1618 1781 τοι
1661 1743 1807 1794 πριν
1848 1727 2069 1800 μοῖρα
2122 1757 2217 1785 -,

344 1817 404 1863 11
599 1812 710 1881 53,
759 1828 932 1884 quem
981 1828 1048 1866 ex
1094 1830 1135 1883 μ
1167 1810 1629 1868 52.160.185
1677 1809 1871 1867 effecit
1914 1809 2174 1867 clausula
2219 1809 2380 1878 alibi,
2430 1813 2497 1868 ιιι
2532 1810 2579 1865 Β
2608 1786 2758 1871 400.

425 1910 473 1955 02⁴-
434 1889 645 1952 ’”’244.
701 1895 843 1952 333.
899 1894 1090 1966 ΨΒΙ,
1140 1898 1278 1968 apte
1323 1895 1519 1969 posita
1563 1896 1762 1969 inepte
1807 1893 2044 1967 abusuS,
2092 1894 2208 1950 iam
2243 1894 2621 1953 Aristarchus
2667 1916 2756 1953 re-

422 1980 672 2037 iecerat.
719 1974 816 2034 δια
850 1974 961 2055 γὰρ
1006 1984 1109 2052 τῆς
1152 1986 1441 2054 μαντικῆς
1471 1972 1678 2036 αὐτων
1707 1985 1990 2054 συνῆκεν.
2062 1979 2240 2037 Recte
2271 1979 2388 2050 ille,
2437 1979 2485 2037 si
2514 1980 2759 2055 quidem

425 2065 685 2121 carmina
727 2063 1039 2120 Homerica
1083 2062 1156 2119 ad
1203 2063 1592 2140 ,‚analogiae“
1624 2082 1818 2138 nuper
1845 2063 2242 2139 proclamatae
2271 2082 2540 2122 normam
2574 2084 2758 2139 quam

422 2149 677 2206 maxime
730 2147 1056 2223 poterimus
1111 2148 1443 2222 aequabilia
1493 2147 1738 2207 reddere
1795 2148 2066 2207 velimus.
2158 2146 2288 2217 Quo
2335 2149 2461 2223 ipso
2505 2150 2760 2208 consilio

421 2233 576 2291 haud
633 2252 849 2308 paucas
908 2232 1122 2290 summi
1167 2231 1556 2291 Alexandrini
1602 2234 1895 2292 atbeteses
1943 2233 2128 2291 factas
2174 2251 2302 2291 esse
2347 2237 2415 2292 ut
2457 2234 2760 2292 neminem

421 2317 607 2375 latere
651 2319 850 2393 potest
896 2317 1102 2374 harum
1137 2335 1336 2375 rerum
1370 2319 1646 2392 peritum,
1695 2318 1781 2375 ita
1810 2316 2022 2375 iisdem
2054 2321 2224 2375 caute
2256 2317 2591 2376 subscribet
2624 2320 2758 2393 qui-

419 2420 650 2477 cunque
694 2402 1066 2478 singulorum
1113 2402 1436 2460 carminum
1484 2402 1827 2460 discrimina
1871 2419 1989 2459 non
2036 2405 2156 2459 tam
2203 2401 2532 2477 ignoranda
2575 2407 2760 2477 atque

425 2488 782 2546 removenda
829 2505 1007 2561 quam
1056 2485 1421 2544 observanda
1463 2490 1643 2561 atque
1689 2486 2000 2544 retinenda
2043 2486 2362 2544 existimat.

589 2574 917 2648 Postquam
975 2570 1326 2645 rhapsodiae
1381 2574 1618 2630 nostrae
1665 2572 1903 2629 initium
1948 2577 2071 2629 tam
2117 2575 2389 2630 accurate
2435 2576 2754 2647 pertracta·

418 2658 630 2727 vimus,
678 2661 747 2714 ut
791 2656 964 2731 quale
1011 2654 1159 2712 illud
1209 2656 1288 2713 sit
1334 2656 1556 2715 nemini
1581 2656 1833 2730 amplius
1868 2655 2117 2713 dubium
2151 2674 2276 2713 esse
2308 2658 2512 2731 possit,
2561 2663 2761 2715 cetera

418 2742 557 2812 iam,
604 2760 677 2799 ne
723 2741 986 2798 taedium
1033 2757 1376 2798 moveamus
1409 2746 1470 2797 et
1498 2739 1837 2815 legentibus
1867 2744 1931 2797 et
1958 2740 2257 2798 nobismet
2285 2741 2449 2815 ipsis,
2498 2742 2757 2800 strictim

420 2844 875 2900 persequamur,
936 2826 1002 2881 ut
1057 2826 1115 2880 et
1180 2824 1338 2898 quod
1385 2827 1805 2901 argumentum
1849 2829 1911 2883 et
1957 2824 2112 2899 quod
2159 2843 2491 2883 sermonem
2534 2826 2760 2885 attinet

425 2912 659 2983 potiora
704 2913 938 2967 tantum
988 2906 1336 2970 delibemus.

588 2994 735 3052 Tres
781 2995 884 3069 qui
927 2995 1255 3067 sequuntur
1293 3012 1500 3053 versus
1525 2995 1775 3053 54—56
1800 2993 2068 3070 integros
2112 3013 2181 3052 ex
2214 2993 2270 3048 Γ
2292 2995 2540 3052 76-78
2593 2998 2758 3053 tran-

417 3079 680 3154 scripsit,
742 3077 901 3135 haud
957 3075 1102 3135 satis
1149 3078 1545 3136 considerate.
1605 3098 1795 3153 neque
1840 3079 1997 3135 enim
2043 3082 2249 3137 nostro
2294 3079 2462 3151 1000,
2504 3099 2644 3156 ·quo
2690 3080 2756 3137 in

417 3163 609 3221 medio
659 3182 759 3221 vei
762 3180 960 3221 samur
989 3162 1331 3221 fluctuantis
1363 3164 1574 3254 proelii
1604 3164 1893 3234 tumultu,
1942 3162 2241 3237 quomodo
2272 3164 2512 3221 medius
2547 3182 2754 3222 versus

762 3245 867 3303 καί
908 3237 962 3322 ῤ’
1017 3240 1073 3314 ἐς
1117 3241 1338 3320 μέσσον
1382 3237 1489 3304 ι’ὠν
1539 3244 1762 3323 Τρώων
1803 3238 2042 3323 ἀνέεργε
2088 3243 2400 3324 φάλαγγας

416 3331 745 3401 conveniat,
795 3331 966 3390 facile
1013 3330 1247 3388 dixeris.
1339 3332 1462 3390 Nec
1508 3332 1594 3389 rei
1640 3331 1931 3388 minuitur
1975 3330 2313 3404 difficultas,
2375 3332 2531 3406 quod
2577 3332 2757 3389 unico

417 3435 590 3475 versu
623 3416 701 3473 57
734 3435 803 3473 ex
838 3416 885 3471 Β
917 3416 1057 3474 549.
1114 3415 1148 3483 ζ
1175 3417 1296 3472 212
1330 3421 1390 3474 et
1420 3417 1730 3474 notissima
1761 3415 2027 3473 clausula
2059 3417 2326 3475 confecto
2362 3418 2758 3491 Agamemno-

417 3502 510 3559 nis
568 3519 748 3575 opera
805 3501 1100 3558 indicatur
1157 3500 1217 3557 in
1274 3500 1533 3559 sedando
1592 3499 1971 3575 popularium
2017 3500 2215 3558 furore
2260 3500 2489 3558 efficax.
2580 3499 2754 3574 Tum,

422 3604 570 3660 quae
617 3585 689 3642 de
741 3585 854 3643 diis
901 3587 1219 3643 narrantur
1264 3585 1569 3643 vulturum
1609 3585 1857 3642 formam
1889 3584 2113 3642 indutis
2144 3590 2324 3660 atque
2356 3586 2458 3657 „in
2492 3586 2759 3660 tegmine

420 3668 583 3748 fagi“
632 3670 1032 3728 residentibus
1079 3668 1357 3743 58-61,
1425 3670 1519 3727 bic
1565 3670 1805 3743 quidem
1851 3668 2072 3726 habent
2116 3669 2315 3728 nescio
2363 3669 2506 3744 quid
2552 3669 2758 3727 divina

417 3754 723 3813 maiestate
783 3754 1128 3829 indignum:
1203 3753 1543 3828 importune
1597 3754 1888 3811 imitatori
1947 3753 2397 3824 succurrebant,
2469 3772 2619 3828 quae
2677 3754 2753 3811 de

415 3838 638 3913 Hypno
684 3835 740 3899 Ξ
770 3836 1122 3905 287-291,
1169 3837 1240 3895 de
1287 3838 1555 3896 Minerva
1598 3858 1633 3914 y
1666 3840 1782 3896 371
1802 3856 1893 3912 sq.
1941 3857 1973 3912 χ
2008 3839 2128 3895 239
2149 3856 2238 3912 sq.
2272 3837 2522 3912 legisset
2552 3838 2753 3911 specie

416 3923 633 3981 similia
686 3942 748 3980 re
807 3920 1132 3981 dissimilia.
1235 3922 1529 3980 Ultimum
1586 3940 1727 3981 vero
1781 3916 2039 3993 oivd‘poe'tn
2101 3918 2443 3996 τερπόμενοι
2508 3940 2755 3997 prorsus

415 4008 641 4081 puerile
673 4009 787 4065 iam
819 4027 996 4082 supra
1039 4027 1097 4081 p.
1131 4008 1209 4064 93
1256 4008 1485 4066 notavi:
1533 4026 1726 4082 neque
1771 4006 1957 4074 enim,
2022 4025 2230 4081 quam
2279 4006 2367 4064 ob
2413 4026 2562 4064 rem
2609 4007 2757 4065 viris

419 4092 708 4150 delectata
767 4093 991 4150 fuerint
1034 4091 1309 4165 numina,
1369 4095 1473 4151 aut
1517 4111 1624 4166 per
1667 4111 1728 4149 se
1772 4094 1942 4165 patet
1992 4094 2095 4148 aut
2138 4090 2356 4149 diserte
2402 4090 2755 4165 explicatur.

420 4175 592 4233 Certe
652 4177 701 4233 si
749 4177 883 4251 quis
929 4197 997 4233 ex
1044 4177 1340 4251 longiore,
1400 4195 1551 4252 quae
1598 4176 1903 4250 sequitur,
1964 4175 2359 4250 descriptione
2405 4175 2756 4250 adiectaque

417 4261 854 4335 comparatione
902 4264 1058 4319 61-
1071 4264 1150 4319 66
1197 4260 1640 4319 concludere
1690 4260 1833 4318 velit
1876 4259 2154 4318 delectari
2201 4260 2343 4318 deos
2388 4278 2473 4329 οο,
2522 4260 2680 4334 quod

516 4346 851 4440 „sparsis
898 4346 1134 4404 hastis
1179 4346 1428 4421 longis
1474 4363 1769 4418 campus
1816 4343 2180 4417 splendet
2223 4350 2295 4403 et
2338 4344 2657 4402 horret“

418 4429 564 4489 haec
613 4430 742 4503 ipsa
787 4430 1102 4487 delectatio
1157 4449 1190 4486 a
1233 4430 1476 4503 pacifico
1523 4428 1843 4486 eorundem
1892 4429 2088 4487 animo
2120 4429 2310 4487 aliena
2341 4447 2468 4487 esse
2499 4429 2759 4487 videtur.
