3132 5129
1299 343 1597 407 —439
1688 380 1760 389 -—

621 496 759 570 λαὸς
800 493 1115 558 Ἰουδαίων
1158 495 1532 574 φιλοπευθὲα
1579 492 1792 577 ρήξατο
1837 493 2079 576 φωνήν·

621 580 822 660 ,,είπε’,
870 583 929 642 τί
966 604 1071 643 κεν
1115 581 1410 663 ῥέξωμεν,
1454 576 1616 655 ὅπως
1660 580 1971 660 θεοτερπέι
2005 588 2224 687 θεσμῷ

620 666 759 745 ἔργα
802 672 957 728 θεοῦ
1002 667 1322 745 τελέσωμεν
1366 668 1612 767 (sic!);“
1641 666 1829 742 ’Ἀναξ
1873 661 1935 727 δ’
1981 647 2254 747 ἠμείβετο
2295 664 2502 751 μύθῳ·

620 746 861 832 ,,ὄρθὴν
901 751 1101 812 πίστιν
1154 744 1478 831 ἔχοντες,
1462 745 1619 824 ὁπως
1663 750 1918 831 δέξησθε
1963 751 2263 832 φανέντα,

619 835 825 897 ὅντινα
870 843 1065 910 κεῖνος
1111 836 1376 916 ἔπεμψεν
1421 835 1618 917 (sicl).
1624 839 1664 872 ‘⁶

366 992 527 1050 Haec
581 992 807 1051 omnia
833 995 955 1052 tam
1023 995 1148 1051 arte
1217 992 1557 1067 cohaerere,
1626 994 1694 1051 ut
1750 991 1898 1050 nihil
1964 992 2191 1051 intrudi
2247 994 2465 1069 possit,
2534 997 2695 1071 quod

366 1077 713 1152 longiorem
739 1078 1138 1153 evangelistae
1194 1078 1524 1136 orationem
1571 1109 1650 1117 —
1699 1077 1778 1135 28
1837 1067 2006 1133 εἶπον
2047 1062 2158 1134 οὖν
2199 1074 2350 1155 πρὸς
2394 1073 2578 1137 αὐτόν
2627 1078 2702 1137 Τί

361 1167 657 1236 ποιῶμεν,
711 1158 813 1219 ἵνα
858 1155 1241 1238 ἐργαζώμεθα
1298 1157 1368 1219 τὰ
1426 1157 1565 1239 ἔργα
1615 1168 1724 1219 τοῦ
1767 1163 1954 1231 θεοῦ;
2013 1163 2090 1220 29
2148 1156 2449 1240 ἀπεκρίθη
2503 1158 2534 1220 5
2583 1157 2692 1240 ’.Ιη

361 1252 504 1316 σοῦς
558 1242 683 1304 καὶ
738 1238 950 1305 εἶπεν
1003 1240 1263 1316 αὐτοῖς
1327 1243 1557 1304 Τοῦτό
1623 1241 1825 1304 ἐστιν
1883 1242 1957 1304 τὸ
2013 1242 2230 1322 ἔργον
2288 1253 2417 1306 τοῦ
2475 1250 2692 1322 θεοῦ,

359 1327 393 1387 ἴ
399 1352 481 1388 να
525 1322 871 1407 πιστεύσητε
915 1327 997 1399 εἰς
1040 1322 1112 1389 ὃν
1153 1325 1491 1390 ἀπέστειλεν
1537 1326 1781 1401 ἐκεῖνος.
1815 1362 1896 1373 —-
1930 1331 2104 1406 plene
2149 1334 2210 1390 et
2252 1334 2515 1407 perfecte
2558 1334 2691 1391 red-

359 1416 492 1492 dat,
541 1417 781 1476 fatearis
822 1434 1062 1475 necesse
1118 1418 1227 1475 est.
1307 1417 1434 1476 Nec
1487 1420 1689 1475 tamen
1745 1417 1849 1490 qui
1893 1416 2096 1474 Nonni
2152 1418 2537 1493 paraphrasin
2591 1437 2694 1476 no-

359 1503 538 1577 verit,
604 1520 741 1560 eum
797 1502 1071 1560 consulto
1134 1503 1197 1560 in
1252 1501 1494 1561 brevius
1548 1501 1655 1558 illa
1711 1501 2071 1559 contraxisse
2138 1503 2460 1577 putaverit.
2538 1502 2691 1571 Quid

359 1587 573 1662 igitur,
638 1588 687 1645 si
744 1590 921 1663 poeta
976 1586 1038 1644 in
1094 1604 1201 1645 suo
1258 1587 1454 1646 codice
1510 1585 1656 1644 haec
1700 1588 1934 1644 tantum
1989 1586 2250 1645 invenit:
2307 1581 2608 1664 ἀπεκρίθη
2660 1582 2692 1644 5

354 1664 585 1747 Ἰησοῦς
625 1664 794 1728 Ἐὰν
834 1666 1185 1746 πιστεύσητε
1232 1669 1315 1742 εἷς
1360 1666 1434 1729 ὃν
1477 1664 1820 1728 ἀπέστειλεν
1864 1666 2133 1740 ἐκεῖνοςῗ

525 1755 734 1830 Neque
781 1756 965 1814 alium
1009 1756 1202 1815 locum
1246 1760 1420 1833 poeta
1476 1756 1623 1814 duce
1666 1775 1701 1813 a
1746 1756 2107 1832 glossemate
2150 1756 2401 1815 liberare
2446 1757 2688 1817 dubito·

356 1840 492 1916 VH,
547 1842 620 1898 16
653 1859 742 1916 sq.
789 1840 957 1900 Iesus
1013 1841 1188 1900 dicit:
1260 1835 1299 1918 ἡ
1357 1836 1465 1938 ἐμὴ
1522 1834 1734 1915 διδαχὴ
1793 1833 1903 1896 οὐκ
1962 1835 2120 1897 ἐστιν
2178 1835 2321 1917 ἐμή,
2383 1836 2531 1900 ἀλλὰ
2587 1849 2692 1900 τοῦ

355 1917 701 1999 πέμψαντός
742 1942 839 2001 με·
888 1920 996 1984 ἐάν
1040 1946 1125 1995 τις
1156 1921 1307 2006 θέλῃ
1350 1914 1424 1983 τὸ
1467 1920 1756 2000 θέλημα
1800 1917 2033 1982 αὐτοῦ
2076 1930 2357 2003 ποιεῖν,
2369 1924 2692 2029 γνώσεται

354 2007 487 2087 περὶ
529 2016 633 2086 τῆς
677 2008 951 2086 διδαχῆς,
1008 2007 1259 2088 πότερον
1303 2006 1368 2068 ἐκ
1412 2017 1519 2067 τοῦ
1576 2012 1730 2067 θεοῦ
1771 2004 1966 2083 ἐστίν,
2021 2003 2066 2085 ἤ
2109 2005 2220 2086 ἐγώ
2273 2004 2384 2067 ἄπ’
2431 2006 2692 2085 ἐμαυτοῦ

354 2098 528 2153 λαλῶ.
606 2095 913 2165 Quomodo
958 2095 1226 2173 theologi
1269 2095 1421 2154 illud
1468 2094 1848 2153 decantatum
1881 2089 1947 2150 τὸ
1990 2089 2224 2168 θέλημα
2267 2088 2452 2153 αὐτοῦ
2494 2099 2691 2155 ποιεῖν

353 2181 491 2239 huic
534 2179 965 2239 sententiarum
1009 2181 1204 2239 ordini
1243 2180 1533 2278 adaptare
1580 2179 1843 2254 soleant,
1891 2197 1986 2237 me
2029 2197 2151 2237 non
2196 2180 2383 2257 fugit,
2431 2181 2534 2240 sed
2577 2200 2686 2241 nec

354 2266 497 2323 mihi
543 2265 917 2324 satisfaciunt
959 2268 1023 2324 et
1065 2265 1255 2325 alios
1240 2284 1360 2323 iam
1404 2265 1466 2323 in
1510 2283 1581 2323 eo
1614 2262 1931 2323 offendisse
1966 2263 2322 2339 interpretes
2354 2266 2493 2325 scio·
2559 2266 2684 2324 Iam

352 2350 490 2408 audi
535 2350 680 2408 mihi
724 2349 1204 2425 paraphrastam:

609 2478 681 2541 05
728 2480 939 2562 διδαχὴ
983 2481 1288 2562 πολύιδρις
1334 2472 1442 2560 ἐμὴ
1483 2481 1694 2557 πέλεν,
1741 2472 1886 2542 ἄλλα
1931 2489 2179 2558 τοκῆος,

606 2564 763 2640 ὅστις
809 2564 910 2646 ε’μὲ
952 2564 1259 2647 προέηκεν.
1328 2561 1507 2648 Ἀνὴρ
1551 2564 1619 2628 δέ
1663 2590 1749 2639 τις
1791 2564 1875 2645 ἢν
1920 2563 2217 2650 ἐθελήσῃ,

608 2652 897 2730 γνώσεται
939 2650 1223 2756 ημετέρης
1267 2652 1519 2732 διδαχῆς
1568 2650 1774 2730 χάριν,
1819 2652 1872 2712 εἰ
1911 2653 2219 2752 γενετῆρος

609 2737 731 2798 ἔστι
773 2761 859 2811 τις
906 2738 1154 2824 ουρανίη
1197 2737 1430 2799 θεόθεν
1475 2732 1680 2815 δόσις,
1728 2735 1769 2814 ἢ
1814 2734 1925 2816 ἐγώ
1969 2728 2151 2809 αὐτὸς

607 2820 948 2902 φθέγγομαι
993 2812 1071 2896 ἐξ
1098 2823 1269 2883 ἰδίων
1313 2818 1509 2902 ὀάρων
1550 2818 1926 2882 αὕτόσσυτον
1968 2816 2183 2899 αὐδήν.

350 2961 562 3019 Nonne
607 2960 814 3019 statim
858 2961 1087 3021 videbis
1132 2962 1205 3019 ad
1251 2962 1354 3020 illa
1408 2950 1559 3036 ἀνὴρ
1616 2956 1683 3018 δέ
1739 2981 1822 3030 τις
1881 2981 1963 3035 ην
2018 2953 2281 3041 ἐθελήσῃ
2338 2962 2688 3037 simpliciter

349 3044 750 3121 supplendum
794 3064 919 3104 esse
963 3043 1348 3123 γιγνώσκειν,
1395 3047 1552 3123 quod
1602 3045 1918 3121 quominus
1947 3044 2131 3103 etiam
2176 3046 2237 3103 in
2283 3047 2710 3123 evangelistae·

350 3130 549 3189 verbis
596 3129 700 3188 fiat
745 3130 1104 3206 glossemate
1148 3134 1451 3208 purgatiS,
1497 3131 1649 3190 nihil
1695 3132 1931 3190 obstare
1977 3130 2234 3191 videtur

516 3214 680 3290 XIII,
730 3216 812 3275 30
842 3235 974 3291 sqq.
992 3261 1006 3291 ,
1037 3215 1155 3312 ,ubi
1200 3218 1432 3275 variant
1474 3216 1645 3291 libri,
1691 3215 1944 3273 Nonnus
1987 3215 2142 3274 hunc
2171 3213 2412 3275 Ioannis
2457 3218 2683 3274 textum

347 3302 618 3393 accurate
664 3260 986 3375 expressit:
1036 3290 1130 3358 ὅτε
1172 3291 1287 3358 ουν
1308 3295 1603 3397 ἐξῆλθεν,
1648 3294 1798 3376 λέγει
1843 3292 1874 3355 5
1914 3292 2146 3374 Ἰησοῦς
2194 3300 2336 3357 Νῦν
2382 3295 2684 3374 ἐδοξάσθη

348 3374 380 3441 ὁ
423 3373 551 3454 υἷός
596 3391 700 3442 τοῦ
744 3378 1107 3461 ἄνθρωπον,
1152 3405 1251 3442 και
1299 3374 1332 3441 5
1375 3381 1524 3455 θεὸς
1572 3378 1868 3458 ἐδοξάσθη
1902 3378 1968 3440 ἔν
1997 3375 2182 3465 αὐτῷ.
2259 3383 2313 3443 εἰ
2353 3378 2434 3441 δὲ
2477 3379 2508 3441 5
2539 3381 2684 3453 θεὸς

349 3464 645 3544 ἐδοξάσθη
692 3464 756 3527 ἐν
799 3463 999 3548 αὐτῷ,
1044 3465 1146 3526 καὶ
1193 3463 1224 3527 5
1269 3466 1413 3541 θεὸς
1459 3466 1698 3540 δοξάσει
1728 3461 1955 3543 αὐτόν,
2002 3470 2236 3529 omissis
2282 3489 2432 3544 quae
2476 3471 2538 3527 in
2570 3469 2684 3527 fine

347 3555 570 3630 ubique
617 3553 917 3614 adduntur
962 3550 1028 3612 ἐν
1073 3550 1296 3636 εαυτῷ,
1358 3551 1459 3613 καὶ
1505 3548 1699 3623 εὐθὺς
1745 3549 1982 3623 δοξάσει
2025 3549 2248 3626 αὐτόν,
2308 3553 2466 3628 quod
2522 3553 2681 3611 addi·

348 3642 682 3697 tamentum
726 3656 836 3698 nec
878 3640 1193 3713 quicquam
1238 3642 1378 3699 novi
1438 3640 1739 3698 continere
1784 3642 1847 3697 et
1892 3637 2063 3697 facile
2094 3658 2163 3697 ex
2195 3637 2684 3697 antecedentibus

346 3724 535 3798 repeti
561 3723 829 3798 potuisse
853 3724 1009 3781 haud
1024 3724 1447 3800 ⁴improbabilis
1467 3723 1706 3783 videtur
1727 3722 2006 3797 suspicio.
2052 3722 2146 3782 Ita
2168 3724 2348 3782 etiam
2372 3723 2575 3781 statim
2602 3725 2681 3781 33

345 3808 495 3866 illud
541 3802 818 3883 ζητήσετέ
861 3828 969 3884 με,
1016 3809 1173 3885 quod
1219 3828 1291 3867 ex
1334 3809 1469 3883 VH,
1513 3809 1594 3866 34
1640 3808 1942 3868 sublatum
1988 3807 2084 3868 hic
2129 3807 2561 3868 sententiarum
2594 3825 2683 3865 or·

346 3893 543 3952 dinem
589 3894 898 3969 paululum
946 3895 1358 3968 interrumpit,
1404 3912 1441 3951 a
1485 3896 1664 3967 poeta
1710 3894 2040 3968 ignoratur.

515 3977 684 4053 XVI,
733 3981 816 4039 30
859 3983 1089 4038 tantum
1136 3978 1340 4035 habuit
1393 3984 1510 4034 νῦν
1554 3973 1804 4051 οἴδαμεν
1855 3971 1949 4032 ὅτι
1993 3970 2064 4034 05
2109 3974 2313 4052 χρείαν
2369 3972 2521 4052 ἔχεις
2580 3997 2683 4033 ινα

344 4061 429 4131 τίς
474 4076 537 4120 σε
584 4057 771 4144 ἐρωτᾷ
830 4064 1063 4122 omissis
1119 4081 1268 4137 quae
1325 4063 1506 4138 vulgo
1571 4065 1710 4136 post
1768 4082 1860 4118 οτι
1925 4061 2212 4136 leguntur
2266 4051 2432 4130 οἶδας
2488 4058 2683 4118 πάντα

345 4145 475 4220 καί,
521 4168 671 4223 quae
728 4148 909 4207 verba
952 4149 1000 4206 si
1057 4147 1411 4223 simpliciter
1454 4149 1831 4222 spectantur,
1888 4144 2083 4221 potius
2128 4146 2279 4204 hanc
2323 4147 2683 4205 contrariam

347 4232 460 4290 sibi
505 4233 740 4292 adnecti
785 4232 1143 4290 sententiam
1188 4232 1492 4307 postulare
1552 4231 1832 4290 videntur
1887 4222 1958 4287 05
2013 4228 2213 4334 χρείαν
2256 4226 2482 4306 ἔχεις“
2449 4252 2550 4288 ινα
2596 4228 2685 4288 σύ

349 4335 513 4373 τινα
576 4312 865 4418 ἐρωτᾷς.
944 4317 1165 4387 Quodsi
1219 4335 1632 4414 comparamus
1695 4319 1770 4374 19
1830 4311 1981 4392 ἔγνω
2035 4335 2151 4373 ουν
2216 4307 2248 4372 5
2307 4310 2536 4390 Ἰησοῦς
2589 4311 2682 4373 ὅτι

345 4395 570 4476 ἤθελον
612 4390 797 4459 αὐτὸν
841 4395 1097 4478 ἐρωτᾶν,
1142 4402 1236 4461 cui
1281 4401 1616 4462 curiositati
1652 4401 1890 4461 obviam
1936 4400 2131 4460 iturus
2178 4403 2369 4459 totum
2418 4402 2685 4460 instituit

2720 3231 2781 3278 19
