3132 5129
1382 391 1754 456 ..3.-

395 552 534 610 aliis
579 554 707 610 tum
756 550 1227 628 Naegelsbachio
1273 552 1509 626 saepius
1554 550 1785 623 accidit,
1832 555 1902 608 ut
1945 551 2136 610 eidem
2181 558 2389 626 poetae
2432 551 2607 611 modo
2641 571 2737 611 an·
2770 560 2802 607 5

394 640 617 712 tiquam
664 639 1052 713 nativamque
1096 637 1560 711 simplicitatem,
1605 637 1781 695 modo
1827 640 2076 713 argutae
2120 637 2476 696 subtilitatis
2506 643 2732 697 secreta

398 723 646 780 consilia
703 721 1137 793 adscriberent,
1196 740 1345 797 quas
1405 722 1553 781 duas
1607 741 1702 780 res
1759 733 1887 781 esse
1932 722 2180 782 adverso
2225 722 2421 781 fronte
2465 725 2623 781 inter
2668 742 2730 781 se

394 812 732 881 pugnantes
792 807 981 865 cuivis
1035 810 1221 881 patet.
1311 806 1408 864 Ad
1465 810 1734 865 nostrum
1790 806 1984 865 locum
2042 807 2238 881 redeo,
2318 808 2484 866 cuius
2551 808 2731 865 etiam

396 911 453 949 v.
504 893 623 949 239
670 892 783 949 huc
825 892 1117 967 pertinet:
1165 885 1233 960 ὃς
1278 887 1378 948 καὶ
1423 897 1542 948 νῦν
1587 891 1820 967 saepius
1859 891 2029 949 initio
2074 891 2316 967 legitur,
2366 897 2427 950 et
2470 892 2733 950 clausula

397 994 469 1033 ex
512 976 584 1033 H
628 978 739 1033 111
790 981 901 1033 σεῦ
956 967 1224 1050 ἀμείνονι
1281 974 1438 1049 φωτί
1487 976 1600 1034 hue
1643 977 1903 1035 transiit.
2000 974 2273 1035 Ceterum
2323 977 2414 1035 his
2458 977 2731 1037 versibus

396 1060 671 1119 omnibus
702 1058 769 1140 (3
796 1080 884 1135 sq.
912 1056 1274 1140 239-242)
1302 1064 1537 1119 tantum
1571 1080 1769 1119 rerum
1799 1061 1950 1119 libro
1982 1062 2174 1135 primo
2208 1067 2509 1137 gestarum
2540 1062 2732 1121 levem

398 1145 695 1219 quandam
741 1147 1017 1204 notitiam
1064 1147 1372 1219 contineri,
1417 1165 1539 1204 non
1585 1146 1742 1204 hunc
1788 1147 1983 1220 ipsum
2016 1164 2150 1204 cum
2181 1147 2369 1206 altero
2399 1148 2732 1205 necessario

399 1229 665 1304 copulari
711 1231 828 1288 iam
874 1231 976 1287 alii
1022 1231 1318 1294 viderunt.

566 1314 758 1373 Iidem
817 1314 992 1374 huius
1047 1315 1185 1373 libri
1247 1335 1301 1374 v.
1352 1318 1380 1372 1
1430 1335 1517 1390 sq.
1565 1334 1699 1373 cum
1743 1315 1956 1374 ultimo
2016 1316 2422 1374 antecedentis
2467 1334 2734 1391 pugnare

397 1403 775 1472 monuerunt,
822 1419 971 1474 quae
1017 1419 1111 1457 res
1150 1401 1265 1457 iam
1313 1403 1540 1459 veteres
1586 1401 1899 1475 permovit,
1947 1405 2015 1459 ut
2045 1401 2340 1476 duplicem
2384 1398 2562 1457 λύσιν
2605 1406 2733 1458 ten-

406 1490 622 1556 tarent,
667 1490 737 1543 ut
765 1490 870 1543 aut
912 1480 1239 1542 καθεύδειν
1283 1484 1702 1562 intellegerent
1734 1480 1830 1542 ἐπὶ
1874 1488 2055 1560 ψιλῆς
2101 1480 2487 1559 ἁνακλίσεως,
2533 1504 2734 1560 quem·

399 1569 720 1628 admodum
751 1570 797 1626 I
821 1571 943 1627 325
973 1562 1243 1638 ἀύπνους
1291 1566 1511 1639 νύκτας
1560 1566 1741 1627 ἴαυον
1785 1570 2035 1639 dicatur,
2084 1575 2189 1628 aut
2216 1569 2420 1629 Iovem
2451 1573 2736 1645 putarent

396 1654 751 1713 dormivisse
795 1672 914 1712 non
960 1651 1326 1730 παννύχιον,
1385 1656 1489 1713 sed
1535 1659 1769 1713 tantum
1815 1647 1909 1711 ἐπ’
1969 1648 2185 1731 ὀλίγον.
2277 1656 2445 1713 Hane
2499 1658 2734 1713 senten·

392 1740 541 1797 tiam
589 1740 896 1814 amplexus
928 1744 1019 1798 est
1049 1739 1551 1815 Naegelsbaebius
1583 1760 1644 1814 p.
1684 1742 1821 1812 131,
1869 1758 2198 1814 provocans
2237 1739 2311 1796 ad
2357 1741 2403 1797 I
2443 1742 2563 1798 713
2596 1739 2732 1798 coll.

391 1823 461 1880 K
490 1826 652 1880 1-—4
702 1822 885 1898 (quod
931 1830 1023 1883 est
1066 1824 1362 1883 Doloneae
1409 1820 1713 1903 initiuml)
1760 1830 1822 1882 et
1865 1843 1897 1879 ο
1942 1826 2107 1881 4-7
2154 1823 2285 1900 (qui
2329 1825 2491 1883 locus
2523 1827 2584 1881 et
2612 1824 2737 1899 ipse

402 1913 717 1983 suspectus
762 1912 873 1980 est,
919 1908 1023 1967 sed
1054 1927 1174 1967 non
1217 1910 1439 1984 poterit
1483 1910 1658 1967 aliter
1702 1908 2030 1979 diiudicari,
2076 1909 2194 1968 nisi
2222 1911 2408 1968 totius
2441 1909 2740 1984 Odysseae

399 2011 689 2068 compage
718 1994 781 2051 in
810 2011 1057 2051 examen
1088 1990 1345 2072 vocata).
1392 1993 1616 2052 Verum
1647 1994 1719 2053 de
1749 1995 1860 2054 hae
1892 2014 1954 2051 re
1986 1995 2255 2052 altercari
2283 1994 2433 2051 nihil
2463 1993 2735 2069 prodest:

394 2078 740 2152 quicunque
787 2078 946 2135 enim
990 2079 1508 2153 persuasissimum
1554 2079 1672 2138 sibi
1715 2079 1894 2137 habet
1939 2079 2012 2137 de
2057 2084 2347 2154 perpetua
2377 2077 2580 2136 Iliadis
2613 2079 2741 2135 uni-

397 2166 545 2233 tate,
592 2162 883 2222 eiusmodi
927 2164 1196 2221 minutiis
1254 2165 1616 2222 sententiam
1661 2158 1826 2222 suani
1872 2182 1990 2223 non
2037 2164 2326 2237 deponet,
2384 2163 2445 2220 in
2502 2162 2738 2237 quibuS,

395 2247 499 2321 qui
557 2248 731 2305 aliter
788 2249 1001 2319 sentit,
1059 2248 1345 2305 indicium
1402 2248 1558 2307 haud
1617 2250 1747 2307 leve
1804 2249 2243 2323 deprehendere
2290 2249 2405 2306 sibi
2449 2247 2738 2320 videatur,

397 2332 622 2389 librum
666 2332 993 2391 seeundum
1039 2333 1114 2391 ab
1160 2334 1332 2392 initio
1380 2352 1512 2394 cum
1558 2333 1754 2408 primo
1801 2352 1921 2392 non
1965 2332 2149 2391 fuisse
2195 2334 2596 2390 coniunctum.

573 2416 699 2475 Iam
745 2417 820 2474 ad
864 2418 1051 2492 ipsam
1098 2417 1240 2475 libri
1285 2417 1529 2477 secundi
1576 2418 2063 2492 compositionem
2108 2418 2601 2492 transgredimur.
2669 2417 2741 2474 In

404 2521 474 2560 ea
521 2504 725 2560 omnia
770 2502 917 2560 bene
962 2502 1287 2561 decurrunt
1331 2521 1515 2578 usque
1562 2502 1638 2560 ad
1684 2523 1737 2564 v.
1770 2504 1868 2576 52,
1918 2506 2046 2560 tum
2093 2503 2360 2578 sequitur
2405 2501 2512 2559 illa
2554 2497 2740 2576 βουλὴ

402 2585 703 2664 γερόντων
755 2607 812 2645 v.
861 2589 1161 2660 53-86,
1219 2608 1367 2663 quae
1422 2608 1557 2647 cum
1613 2589 1731 2646 iam
1794 2589 1868 2646 ab
1915 2588 2175 2662 antiquis
2221 2587 2443 2646 criticis
2488 2588 2744 2644 maxima

397 2677 571 2747 parte
635 2672 943 2744 mutilata,
1013 2674 1335 2732 novissime
1392 2693 1426 2731 a
1482 2671 1865 2731 Lachmanno
1923 2675 1985 2732 et
2039 2672 2302 2747 Hauptio
2370 2671 2743 2748 gravissimis

399 2757 773 2833 argumentis
802 2757 1019 2816 reiecta
1049 2757 1148 2828 sit,
1183 2759 1400 2816 mirum
1431 2758 1620 2816 videri
1651 2759 1859 2832 possit,
1895 2758 2050 2833 quod
2082 2776 2202 2815 non
2234 2757 2424 2815 solum
2458 2756 2743 2833 Naegels-

400 2841 568 2900 bach.
614 2862 674 2916 p.
712 2843 831 2899 144
862 2860 974 2917 sq.,
1022 2842 1125 2900 sed
1173 2843 1350 2900 etiam
1395 2841 1788 2901 Hoffmannus
1831 2843 1895 2900 in
1942 2842 2374 2902 Schneidewini
2404 2840 2619 2902 Philol.
2652 2840 2744 2899 III

403 2925 635 3003 (1848)
679 2946 738 3002 p.
789 2929 912 2985 200
942 2945 1028 3000 sq.
1078 2929 1139 2985 et
1181 2926 1550 2986 Baeumlein.
1598 2927 1659 2985 in
1703 2926 1951 3003 Bergkii
1996 2926 2214 2989 annall.
2261 2927 2541 3000 antiquit.
2587 2926 2741 2984 Nov.

404 3012 539 3069 Ser.
572 3011 690 3069 vol.
726 3009 811 3068 VI
842 3007 1067 3088 (1848)
1100 3031 1160 3086 p.
1196 3012 1315 3070 331
1351 3031 1439 3086 sq.
1472 3015 1594 3070 tam
1627 3012 1890 3070 studiose
1935 3011 2062 3070 eius
2107 3012 2515 3070 defensionem
2549 3029 2741 3069 susce-

409 3098 653 3170 perunt.
741 3094 965 3154 Verum
1012 3097 1197 3155 totius
1242 3096 1411 3170 libri,
1469 3098 1666 3172 qualis
1713 3095 1952 3172 quidem
1998 3114 2154 3154 nunc
2212 3096 2430 3168 fertur,
2492 3115 2596 3152 arx
2652 3100 2746 3154 est

402 3181 509 3238 ille
556 3181 736 3252 locuS,
784 3184 851 3239 ut
895 3185 1054 3239 reete
1101 3181 1496 3240 iudicaverint
1540 3181 1909 3240 Baeumlein.
1953 3201 2010 3255 p.
2045 3183 2162 3239 331
2214 3183 2273 3238 et
2318 3180 2743 3255 Naegelsbach.

405 3284 469 3339 p.
506 3266 625 3322 144
673 3285 807 3323 eum
853 3283 1093 3340 prorsus
1138 3267 1644 3325 necessarium
1689 3285 1836 3325 esse.
1913 3265 2089 3323 Hunc
2120 3266 2306 3341 igitur
2335 3266 2385 3322 si
2415 3264 2746 3323 luculenter

408 3350 806 3408 demonstrari
863 3354 1063 3425 potest
1118 3352 1389 3425 ineptum
1451 3370 1577 3410 esse
1633 3370 1743 3409 nec
1789 3370 1823 3408 a
1868 3351 2022 3409 bono
2066 3353 2243 3423 poeta
2287 3349 2387 3408 sed
2434 3369 2468 3406 a
2512 3350 2744 3407 misello

410 3441 734 3493 centonum
776 3441 979 3494 sutore
1022 3437 1245 3493 factum
1292 3454 1439 3507 esse,
1485 3437 1616 3511 ipsa
1658 3436 1833 3494 huius
1878 3434 2016 3493 libri
2061 3434 2410 3510 compositio
2456 3433 2614 3492 haud
2660 3434 2743 3491 le-

407 3518 566 3577 viter
607 3537 893 3578 concussa
935 3521 1070 3580 erit.

577 3604 829 3663 Initium
876 3605 1122 3663 facimus
1170 3605 1244 3662 ab
1291 3606 1383 3677 iis,
1431 3624 1594 3679 quae⁸
1630 3605 1744 3662 iam
1776 3605 1849 3662 ab
1882 3604 2143 3678 antiquis
2176 3603 2398 3662 criticis
2431 3603 2747 3662 observata

406 3692 567 3748 sunt.
659 3689 772 3760 Qui
818 3689 867 3748 si
914 3689 1261 3766 diligentius
1306 3694 1719 3762 versarentur,
1782 3690 1994 3747 bonam
2037 3694 2269 3763 partem
2316 3706 2539 3758 eorum,
2596 3707 2745 3762 quae

406 3793 569 3832 nunc
612 3774 740 3831 iure
781 3778 1100 3847 notantur,
1163 3775 1279 3831 iam
1325 3775 1444 3833 illis
1493 3774 1743 3833 offensui
1789 3774 1971 3833 fuisse
2015 3773 2397 3831 inveniretur.
2488 3773 2577 3830 Ex
2623 3773 2743 3831 illis

406 3860 596 3934 igitur
628 3858 964 3918 Zenodotus
995 3879 1103 3935 pro
1136 3879 1192 3918 v.
1216 3861 1294 3916 55
1329 3861 1680 3932 evitaturus,
1715 3858 1944 3934 opinor,
1989 3858 2136 3916 illud
2166 3853 2433 3932 πυκινὴν
2460 3849 2746 3932 ἠρτύνετο

405 3940 639 4020 βουλήν
680 3943 767 4002 ita
809 3945 1081 4020 scripsit.

715 4021 907 4103 αὐτὰρ
954 4025 1085 4088 ἐπεί
1124 4021 1188 4108 ῤ’
1236 4024 1498 4105 ἤγερθεν
1542 4022 1850 4106 ὁμηγερέες
1897 4022 1944 4085 τ’
1995 4023 2284 4104 ἐγένοντο,
2786 4042 2816 4088 6

716 4116 866 4171 τοῖσι
910 4108 969 4169 δ’
1017 4107 1408 4186 ἀνιστάμενος
1452 4110 1674 4188 μετέφη
1719 4112 1932 4190 κρείων
1970 4106 2368 4190 Ἀγαμέμνων.

412 4198 566 4256 Tum
616 4198 774 4256 idem
818 4218 876 4261 v.
925 4203 1085 4259 60-
1095 4201 1175 4260 70
1219 4198 1331 4258 hoe
1378 4200 1551 4257 modo
1600 4202 2004 4257 eontrzaxerat

713 4274 934 4360 ἦνωγει
976 4299 1041 4343 σε
1082 4279 1277 4361 πατὴρ
1321 4277 1648 4361 ὑψίζυγος,
1693 4279 1896 4361 αἰθέρι
1940 4279 2160 4354 ναίων,

723 4367 914 4443 Τρωσὶ
955 4367 1345 4446 μαχήσασθαι
1388 4366 1558 4445 προτὶ
1587 4365 1795 4425 Ἰλιον.
1885 4362 1968 4436 (ὃς
2013 4360 2045 4423 ὃ
2089 4360 2199 4443 μὲν
2244 4364 2429 4425 εἰπὼν

717 4448 889 4535 ᾤχετ’
936 4450 1371 4532 ἀποπτάμενος.

2306 4555 2323 4601 ι
2347 4550 2376 4582 2
