3132 5129
319 1934 382 1983 13

412 474 679 549 ineptum
736 491 863 532 esse
917 471 1297 547 participium
1362 490 1535 531 nemo
1597 491 1718 531 non
1776 471 1955 531 videt.
2060 472 2230 543 Quod
2287 469 2748 533 Rhodomannus

414 559 756 634 „interim
785 556 981 633 legit
1010 557 1174 615 dum
1206 555 1660 615 commodius
1691 556 2172 616 inveniatur“
2203 552 2475 613 αἴθοπι
2508 555 2750 636 χαλκῷ

414 642 677 718 adeoque
707 642 929 717 recepit
960 640 1357 717 Tychsenius,
1404 642 1464 699 id
1509 644 1579 700 ut
1622 641 1759 700 data
1797 660 1977 717 opera
2006 641 2315 701 refellatur
2343 659 2516 700 nemo
2546 646 2745 717 postu·

414 728 582 786 labit.
683 726 1059 787 Hermannus
1125 726 1266 785 olim
1325 727 1664 786 coniectura
1726 745 1865 785 sane
1928 727 2214 786 facillima
2272 721 2579 801 αἰδομέν
2597 741 2752 783 οισι

414 812 536 888 legi
581 811 844 887 volebat,
890 811 952 869 id
998 814 1064 870 ut
1107 814 1294 871 esset:
1342 829 1531 886 „quae
1576 812 1737 887 spica
1792 830 1831 885 p
1849 812 2281 871 arcentibus
2325 829 2464 871 vere
2507 811 2748 871 rorifluo

414 899 591 956 aucta
633 897 1064 955 incrementum
1110 899 1241 954 erat
1288 894 1596 972 captura.“
1672 895 1789 955 Sed
1834 915 1943 955 nec
1973 896 2220 955 verbum
2253 897 2449 972 ipsum
2479 896 2747 972 quadrat,

415 982 571 1057 quod
602 981 939 1056 ubicunque
983 981 1056 1038 de
1098 980 1474 1057 parcendo
1522 980 1740 1041 dicitur
1767 1012 1849 1022 —
1882 981 2043 1057 quod
2072 981 2374 1041 interdum
2404 980 2559 1056 apud
2589 980 2751 1041 Non-

414 1066 580 1125 num'
612 1066 682 1125 fit
735 1097 817 1108 ——-
876 1066 1352 1125 reverentiae
1408 1068 1611 1131 tamen
1667 1085 1899 1141 semper
1953 1066 2281 1126 involvitur
2345 1065 2577 1125 affectio
2635 1085 2752 1141 qua
2830 1098 2845 1125 t

416 1153 550 1228 quis
592 1154 783 1211 tactus
816 1171 850 1209 a
879 1170 942 1209 re
973 1150 1302 1210 venerabili
1346 1150 1636 1210 laedenda
1680 1150 1969 1227 abstinet,
2026 1169 2136 1211 nec
2180 1151 2417 1211 dativus
2459 1151 2749 1210 commodi

417 1256 550 1295 cum
607 1237 890 1312 sequente
952 1254 1126 1295 versu
1184 1236 1523 1312 iungendus
1582 1235 1881 1312 epicorum
1948 1236 2369 1296 consuetudini
2414 1236 2750 1311 respondet.

415 1322 724 1380 Praestare
754 1320 942 1397 igitur
984 1320 1132 1378 mihi
1161 1320 1476 1379 videbatur
1519 1324 1589 1378 ut
1630 1314 1957 1378 ἄνθεσιν
2000 1312 2148 1377 οἷσι
2194 1321 2571 1382 scriberetur.
2634 1320 2753 1380 Sed

415 1424 573 1465 nunc
618 1406 883 1464 omnium
914 1405 1346 1465 verisimillima
1391 1404 1722 1464 Hermanni
1766 1405 2025 1481 suspicio
2070 1406 2215 1465 mihi
2247 1406 2485 1466 videtur
2522 1424 2753 1464 mecum

417 1490 878 1567 communicata,
936 1509 1053 1567 qua
1108 1489 1204 1549 hic
1246 1509 1483 1567 quoque
1531 1509 1766 1549 versum
1812 1491 2096 1551 excidisse
2142 1491 2356 1551 statuit
2397 1491 2519 1550 fere
2565 1491 2748 1550 hunc:

669 1612 908 1701 ἆμήσας
953 1616 1166 1685 κενεόν
1209 1645 1268 1684 τε
1312 1620 1411 1684 καὶ
1456 1620 1729 1704 ἄσπορον
1769 1620 2141 1703 αἰθομένοισι

671 1703 963 1791 (ἠελίου
1007 1706 1342 1789 βελέεσσι
1384 1706 1504 1769 καὶ
1553 1702 1961 1789 εὖθέρμοις
2003 1700 2395 1792 ἀνέμοισι)

673 1784 955 1872 μέλλονθ’
1005 1791 1315 1874 ἕρσήεντος
1361 1787 1456 1855 ὑπ’
1505 1794 1706 1875 εἴαρος
1734 1788 2145 1855 ἆλδαίνεσθαι.

589 1935 660 1993 In
716 1933 911 1991 libro
971 1932 1238 2008 quinto
1294 1936 1434 2009 post
1487 1954 1546 1993 v.
1580 1934 1659 1992 58
1720 1934 1991 1992 lacunam
2051 1953 2177 1993 esse
2235 1937 2297 1993 et
2351 1934 2753 1995 huiuscemodi

417 2037 651 2079 versum
698 2017 1009 2077 excidisse:

1136 2125 1258 2177 τῶν
1300 2113 1358 2178 δ’
1409 2105 1533 2178 ὖπό
1581 2116 1745 2199 χερσὶ

672 2198 1094 2283 (δράγματα
1122 2200 1401 2282 ταρφέα
1431 2208 1683 2282 πῖπτε,
1713 2195 1796 2262 τὰ
1826 2197 1888 2262 δ’
1922 2199 2404 2263 ἐλλεδανοῖσι
2429 2201 2732 2286 δέοντο)

452 2356 486 2396 ·
676 2286 876 2348 πολλοὶ
923 2281 1386 2367 ἀμαλλοδετῆρες

417 2430 502 2488 ita
556 2427 986 2487 demonstravit
1041 2427 1391 2501 Spitznerus
1447 2427 1508 2485 in
1565 2427 1894 2487 observatt.
1942 2447 2002 2503 p.
2041 2427 2412 2501 102—106,
2469 2430 2537 2486 ut
2596 2429 2755 2504 quod

420 2516 727 2590 praeterea
770 2512 985 2572 addam
1029 2512 1178 2571 nihil
1224 2511 1474 2572 habeam
1500 2507 1572 2593 ¹).

592 2599 744 2657 Tum
790 2599 1139 2658 lacunosum
1182 2599 1445 2657 arbitror
1490 2598 1688 2658 locum
1732 2618 1791 2657 v.
1823 2599 1901 2658 66
1927 2617 2015 2672 sq.

669 2679 745 2740 ’ἓν
787 2673 849 2739 δ’
897 2677 1068 2739 αὐλοὶ
1116 2675 1365 2759 κιθάραι
1409 2702 1469 2741 τε
1514 2674 1648 2759 παρ’
1695 2677 2030 2763 εἰλαπίνῃσι
2074 2677 2353 2741 πέλοντο·

670 2764 746 2825 ’ἓν
788 2763 854 2825 δὲ
898 2763 1059 2845 χοροὶ
1102 2763 1341 2825 ἵσταντο
1388 2762 1543 2826 νέων
1584 2763 1780 2844 παρὰ
1826 2761 2053 2825 ποσσὶ
2097 2767 2424 2847 γυναικῶν.

425 2903 733 2964 Tractavit
786 2922 921 2962 eum
959 2922 1201 2963 versum
1238 2903 1621 2963 Hermannus
1676 2903 1751 2962 ad
1794 2903 1988 2980 Iphig.
2034 2902 2212 2964 Taur.
2245 2924 2301 2965 v.
2334 2905 2496 2963 1114
2526 2927 2584 2982 p.
2619 2909 2756 2983 126,

422 2990 525 3066 qui
582 2989 722 3048 ferri
778 3008 897 3047 non
951 3007 1126 3064 posse
1180 2989 1291 3047 hoc
1343 2989 1519 3048 modo
1563 2989 1926 3048 locutionem
1972 2984 2132 3066 παρὰ
2180 2987 2363 3046 ποσσί
2400 2991 2756 3067 intellegens

424 3074 798 3134 scribendum
841 3074 1072 3132 censuit
1112 3069 1273 3151 παρὰ,
1316 3077 1533 3150 τοῖσι,
1591 3074 1701 3132 hoc
1744 3075 1817 3132 ut
1854 3074 2203 3150 referretur,
2265 3075 2504 3151 opinor,
2571 3076 2643 3135 ad
2689 3096 2758 3136 ea

426 3180 576 3236 quae
620 3158 991 3218 antecedenti
1036 3176 1208 3237 versu
1255 3162 1424 3218 erant
1467 3161 1943 3221 commemorata.
2016 3159 2102 3219 At
2147 3178 2353 3219 vereor
2396 3162 2466 3218 ut
2508 3181 2578 3220 ea
2622 3180 2756 3221 con-

424 3247 648 3304 iectura
693 3244 857 3302 locus
912 3247 1291 3319 persanetur3
1352 3261 1461 3314 nec
1518 3244 1638 3302 iam
1683 3243 1872 3318 probo
1918 3244 2074 3321 quod
2121 3245 2264 3304 olim
2310 3245 2534 3305 conieci
2577 3238 2760 3322 μετὰ

424 3327 645 3386 παισί
657 3349 672 3386 2
727 3327 1118 3405 intellegendi
1164 3330 1322 3387 enim
1366 3332 1494 3388 tum
1537 3331 1740 3388 essent
1783 3330 2098 3388 mulierum
2141 3330 2335 3389 liberi.
2428 3330 2757 3391 Audaciore

425 3415 526 3474 sed
571 3414 936 3490 elegantiore
981 3414 1321 3472 coniectura
1364 3413 1542 3474 scribi
1602 3417 1831 3490 posset:
1885 3409 1956 3471 ’ἓν
1999 3408 2064 3472 δὲ
2107 3409 2268 3491 χοροὶ
2316 3411 2558 3473 ἵσταντο
2601 3438 2643 3493 μ
2668 3411 2757 3476 ετ’

425 3495 766 3574 ἠιθέοισι
799 3505 1123 3576 γυναικών.
1184 3499 1300 3558 Sed
1325 3499 1375 3557 si
1399 3517 1813 3574 comparamus
1837 3498 2220 3559 Homericum
2247 3500 2441 3559 locum
2475 3502 2537 3557 Σ
2552 3504 2753 3567 590-

427 3586 576 3659 606,
634 3603 808 3659 quem
865 3587 1002 3643 ante
1046 3584 1247 3643 oculos
1303 3584 1512 3643 habuit
1557 3585 1841 3659 QuintuS,
1897 3584 2203 3660 probabile
2258 3588 2349 3644 est
2392 3589 2533 3661 post
2575 3587 2760 3646 verba

426 3666 666 3727 ἵσταντο
697 3664 852 3727 νέων
894 3687 1016 3727 non
1062 3687 1278 3728 unum
1323 3670 1422 3728 sed
1470 3670 1761 3744 aliquot
1804 3670 2090 3728 excidisse
2119 3689 2362 3746 versus,
2410 3671 2625 3746 quibus
2656 3691 2760 3731 suo

426 3773 591 3813 more
621 3754 997 3813 Homericam
1043 3753 1501 3829 descriptionem
1534 3754 1870 3815 variaverat
1914 3757 1976 3813 et
2018 3756 2443 3816 immutaverat
2476 3750 2761 3827 Quintae.

429 3838 653 3898 Locum
697 3839 885 3916 igitur
930 3839 1015 3898 ita
1060 3838 1350 3898 edendum
1396 3858 1633 3900 censeo:

676 3971 752 4034 ’ὲν
797 3970 860 4034 δὲ
902 3972 1062 4054 χοροὶ
1106 3972 1350 4034 ἵσταντο
1393 3971 1550 4035 νέων
1636 3997 1669 4036 *
1754 3996 1789 4035 *
1873 3997 1907 4036 *

689 4091 1776 4106 ——2————--—-

681 4164 716 4203 ιιι
800 4165 834 4203 *
918 4165 953 4204 *
1037 4165 1072 4204 *
1157 4141 1316 4224 παρὰ
1361 4145 1538 4207 ποσσὶ
1582 4153 1908 4226 γυναικῶν.

480 4389 495 4408 ’
571 4326 622 4390 1)
664 4323 749 4407 [113¹
774 4324 896 4379 cod.
923 4325 1173 4382 Parthas.
1242 4328 1332 4381 ost
1355 4345 1407 4405 v,
1426 4325 1492 4382 58
1516 4327 1750 4398 legitur=
1779 4326 2152 4396 αἰνυτολήιον
2178 4316 2346 4383 αὖον·
2376 4324 2402 4384 ἕ
2457 4327 2758 4400 εσπόμενοι

435 4393 471 4445 δ
537 4388 672 4445 ἔσαν
710 4395 888 4447 αλλοι.
960 4393 1040 4452 Cf.
1075 4394 1151 4450 M.
1185 4393 1200 4415 '
1233 4411 1351 4450 reu.
1388 4412 1448 4449 m
1483 4395 1673 4452 Herm.
1711 4395 1835 4453 vol.
1874 4395 1953 4449 lx
1987 4399 2167 4465 (1874)
2202 4414 2257 4466 p.
2283 4350 2450 4468 31οΪ
