3132 5129
1353 324 1813 388 „504-

426 503 547 545 non
602 484 748 545 satis
805 485 1176 544 defendatur.
1268 481 1523 543 Videtur
1577 484 1776 544 autem
1828 501 1955 541 rem
2011 484 2343 544 accuratius
2399 483 2763 542 examinanti

428 569 650 630 vulnus
707 572 768 628 et
820 569 1004 629 altius
1059 568 1348 650 resedisse
1399 586 1509 627 nec
1562 568 1742 628 nimis
1787 570 1985 628 tamen
2029 567 2273 628 difficile
2316 568 2393 628 ad
2436 568 2765 628 sanandum

428 674 577 715 esse.
665 655 907 713 Etenim
961 673 1096 714 cum
1151 656 1492 730 reputamus
1549 656 1611 712 et
1650 652 2010 713 adiectivum
2053 648 2255 723 δεινός
2301 653 2425 713 fere
2469 654 2616 730 ipsis
2661 652 2760 712 de-

429 739 831 800 saevientibus
885 738 1013 798 dari
1071 736 1380 814 procellis,
1436 743 1505 796 ut
1559 738 1718 798 infra
1773 758 1828 798 v.
1867 738 2027 797 1394
2076 736 2123 801 ,ὃ
2134 758 2197 796 ει
2217 725 2342 809 νὸς
2396 735 2510 816 γὰρ
2564 732 2762 797 ἐλθών

427 818 664 901 ἄνεμος,
711 824 894 901 Soph.
928 824 1025 883 Ai.
1061 825 1184 883 674
1231 819 1504 882 δεινῶν
1551 819 1709 902 (sive
1756 816 2030 903 δεινόν)
2076 817 2132 880 τ’
2177 817 2346 900 α’ἷημα
2389 820 2760 900 πνευμάτων,

430 913 491 969 et
548 928 680 968 cum
735 909 839 969 illo
883 902 1100 990 ἀπλοίᾳ
1144 903 1469 986 χρώμενοι,
1523 908 1683 984 quod
1728 908 1801 967 de
1847 908 2051 968 eadem
2096 928 2159 968 re
2202 908 2347 968 alibi
2394 908 2548 968 dixit
2592 910 2761 967 Euri-

428 994 624 1071 pides,
672 996 910 1072 egregie
955 996 1308 1069 convenire,
1358 995 1409 1054 si
1453 994 1548 1052 hic
1592 986 1839 1061 ἆπλοίας
1883 993 2197 1070 genetivus
2242 1014 2278 1052 a
2320 994 2503 1053 verbo
2549 990 2762 1070 τυγχά-

432 1100 557 1140 νειν
610 1082 786 1155 aptus
830 1080 936 1155 sit,
992 1079 1148 1138 haud
1203 1077 1682 1155 improbabiliter
1738 1080 2067 1137 statuemus
2126 1078 2470 1138 mutilatum
2526 1096 2759 1139 versum

429 1165 819 1241 imperiteque
863 1164 1166 1241 expletum
1211 1182 1367 1240 esse,
1416 1165 1518 1240 qui
1550 1163 1627 1222 ab
1646 1162 1935 1240 Euripide
1966 1164 2110 1222 olim
2140 1166 2226 1224 sic
2255 1165 2511 1240 scriptus
2542 1163 2759 1223 fuerit:

832 1274 1072 1360 τυχών
1114 1277 1171 1341 δ’
1219 1272 1468 1353 ἀπλοίας
1511 1272 1865 1358 πνευμάτων
1908 1280 2175 1341 δεινῶν
2216 1280 2360 1363 βίᾳ.

431 1402 521 1463 Cf.
569 1402 735 1481 Cyel.
786 1405 936 1462 109:
979 1392 1213 1476 ἀνέμων
1254 1393 1507 1460 θύελλαι
1550 1396 1730 1480 δεῦρό
1774 1391 1838 1476 μ’
1890 1396 2172 1478 ἥρπασαν
2225 1398 2354 1482 βίᾳ.

599 1589 790 1648 Multo
834 1589 1232 1648 intricatiores
1276 1589 1458 1647 etiam
1501 1590 1644 1647 sunt
1682 1588 1787 1663 qui
1830 1588 2113 1664 leguntur
2154 1607 2362 1650 versus
2409 1589 2688 1649 34—41:

835 1708 1033 1763 ναοῖσι
1075 1697 1138 1763 δ’
1187 1702 1255 1764 ἐν
1298 1698 1481 1764 τοῖσδ’
1530 1706 1719 1776 [sclav
1764 1703 1976 1781 τίθησί
2010 1707 2111 1783 με,

838 1781 993 1849 ὅθεν
1037 1785 1299 1866 νόμοισι,
1345 1795 1536 1850 τοῖσιν
1579 1784 1785 1867 ἥδεται
1826 1789 1946 1851 θεὰ

822 1870 1097 1954 ’Ἄρτεμις
1143 1870 1377 1952 ἑορτῆς,
1423 1867 1675 1952 τοῦνομ’
1722 1864 1795 1951 ἧς
1840 1864 2028 1934 καλὸν
2067 1873 2293 1954 μόνον,

837 1947 908 2018 τὰ
953 1952 1010 2016 δ’
1058 1955 1209 2017 ἄλλα
1254 1960 1431 2037 σιγῶ,
1478 1948 1588 2037 τὴν
1630 1956 1784 2022 θεὸν
1825 1957 2191 2038 φοβουμένη.

836 2041 977 2103 θύω
1019 2041 1131 2123 γὰρ
1175 2040 1349 2117 ὄντος
1396 2052 1505 2104 τοῦ·
1548 2041 1738 2123 νόμον
1781 2042 1884 2103 καὶ
1929 2043 2074 2122 πρὶν
2117 2044 2318 2123 πόλει,

838 2124 906 2200 ὃς
947 2122 1030 2190 ἄν
1072 2126 1334 2206 κατέλθῃ
1376 2122 1553 2206 τήνδε
1596 2138 1717 2209 γῆν
1741 2120 1964 2207 ’Ἕλλην
2007 2125 2193 2209 ἆνήρ·

839 2211 1206 2316 κατάρᾳομαι
1247 2190 1389 2292 μέν,
1435 2209 1663 2293 σφάγια
1705 2204 1765 2275 δ’
1813 2212 2079 2274 ἄλλοισιν
2122 2212 2282 2292 μέλει

834 2296 1024 2380 ἅρρητ
1097 2297 1335 2359 ἔσωθεν
1380 2296 1562 2359 τῶνδ’
1611 2293 1961 2378 ἀνακτόρων
2004 2299 2175 2373 θεᾶς.

432 2438 523 2497 Ae
567 2439 826 2514 primum
870 2437 1109 2514 quidem
1154 2437 1316 2496 omni
1360 2456 1535 2496 sensu
1580 2440 1744 2497 earet
1789 2432 2029 2514 ἑορτῆς,
2075 2439 2198 2498 sive
2230 2438 2573 2515 genetivum
2607 2458 2772 2514 spec·

433 2526 544 2600 tas,
592 2542 768 2600 quem
811 2542 986 2583 nemo
1031 2521 1206 2582 hodie
1251 2526 1355 2608 aut
1398 2541 1468 2581 ex
1514 2518 1756 2598 νόμοισι
1800 2523 2008 2598 aptum
2052 2522 2159 2582 hac
2202 2523 2266 2582 in
2308 2523 2447 2583 sede
2479 2524 2623 2598 poni
2654 2542 2765 2600 po-

434 2609 621 2668 tuisse
665 2609 968 2684 putaverit
1010 2611 1114 2667 aut
1145 2607 1444 2683 quomodo
1475 2608 1751 2667 Klotzius
1783 2626 1891 2683 per
1935 2607 2298 2683 „die-illo
2345 2608 2595 2668 festo“
2640 2628 2773 2669 ver-

435 2698 561 2753 tere
605 2693 872 2769 potuerit
912 2692 1249 2769 perspiciat,
1298 2693 1421 2752 sive
1466 2694 1660 2768 ipsam
1704 2711 1849 2768 rem,
1896 2711 2029 2752 cum
2075 2710 2197 2753 non
2241 2692 2314 2752 de
2344 2693 2570 2753 Dianae
2600 2695 2773 2755 festis

437 2780 595 2837 certa
640 2777 733 2836 die
778 2776 1147 2836 celebrandis
1193 2777 1296 2835 sed
1340 2777 1412 2835 de
1444 2777 1691 2837 advenis
1723 2777 1964 2838 Graecis
1995 2778 2120 2837 sine
2150 2796 2333 2855 mora,
2379 2778 2485 2837 nbi
2512 2779 2773 2855 primum

438 2861 841 2937 comprehensi
887 2865 1056 2936 sunt,
1121 2862 1333 2936 quovis
1377 2864 1649 2938 tempore
1692 2862 2071 2922 immolandis
2116 2881 2310 2922 sermo
2355 2864 2453 2922 sit.
2541 2864 2773 2924 Deinde

437 2946 580 3023 quid
625 2949 733 3022 est,
779 2939 940 3021 quod
983 2945 1253 3022 plerique
1297 2945 1434 3005 huic
1465 2947 1636 3022 feste,
1683 2947 1842 3023 quod
1873 2948 2049 3023 plane
2079 2942 2412 3024 ignoratur,
2459 2950 2774 3024 sequentia

435 3032 852 3108 adplicuerunt
907 3022 1154 3105 τοῦνομ’
1209 3020 1283 3107 ἧς
1340 3026 1522 3088 καλὸν
1574 3027 1805 3106 μόνονῬ
1896 3032 2051 3103 Quid
2096 3033 2341 3092 tandem
2385 3035 2477 3092 est
2519 3034 2774 3109 speciosi

436 3117 695 3175 nominis
735 3116 872 3174 huic
917 3116 1067 3177 sesto
1112 3117 1310 3175 cetera
1351 3115 1653 3176 nefando?
1715 3112 2195 3194 Ταυροπόλια
2238 3136 2455 3177 nomen
2505 3119 2556 3177 si
2589 3117 2774 3178 fuisse

436 3219 570 3260 cum
623 3200 969 3260 Hermanno
1025 3220 1098 3259 ex
1142 3220 1201 3260 v.
1254 3201 1416 3259 1454
1446 3221 1578 3278 sqq.
1624 3201 2063 3277 concludimus,
2118 3221 2195 3261 ne
2239 3202 2334 3260 hic
2376 3203 2617 3278 quidem
2662 3222 2772 3262 nos

438 3285 671 3346 docebit
710 3286 907 3361 loona,
955 3285 1237 3362 quidnam
1283 3286 1516 3361 pulchri
1546 3290 1652 3345 aut
1679 3287 1742 3345 in
1774 3286 2040 3347 Tauris
2071 3285 2218 3347 insit
2245 3290 2352 3346 aut
2380 3288 2444 3345 in
2467 3286 2775 3348 Orestis

436 3366 957 3448 περιπολήσει.
1051 3372 1245 3441 Quare
1300 3371 1432 3446 alii,
1491 3375 1562 3431 ut
1604 3371 1986 3448 Hartungus‚
2043 3361 2117 3448 ἧς
2161 3372 2237 3431 ad
2280 3372 2475 3448 ipsam
2517 3372 2772 3432 Dianam

437 3456 834 3532 rettulerunt,
891 3457 1112 3532 quippe
1169 3474 1318 3531 quae
1373 3448 1524 3532 καλή
1580 3457 1707 3516 sive
1748 3457 1948 3532 potius
1993 3454 2355 3533 καλλίστη
2398 3458 2516 3517 diei
2560 3459 2771 3518 soleat.

440 3541 569 3610 Qua
611 3541 1106 3615 interpretatione
1151 3560 1441 3600 summam
1485 3541 1790 3617 piissimae
1821 3541 2113 3602 sacerdoti
2142 3542 2424 3603 adversus
2455 3542 2624 3602 deam
2655 3562 2773 3602 ser·

440 3626 725 3685 vatricem
780 3626 1010 3700 imponi
1064 3626 1434 3700 impietatem
1488 3629 1648 3686 recte
1706 3627 1942 3686 monuit
1996 3625 2557 3703 RauchensteiniuS,
2621 3647 2774 3704 quae

439 3711 715 3786 impietas
777 3728 955 3785 quam
1000 3710 1178 3787 longe
1221 3710 1380 3771 absit
1425 3711 1499 3771 ab
1545 3712 1720 3771 huius
1765 3711 2121 3788 Euripideae
2163 3712 2509 3789 Iphigeniae
2552 3713 2771 3789 animO,

441 3796 663 3872 optime
718 3814 791 3855 ex
835 3815 893 3855 v.
941 3796 1272 3856 380-391
1322 3800 1596 3873 apparet,
1660 3796 1874 3872 quibus
1917 3795 2192 3857 versibus
2237 3799 2553 3857 cruentum
2597 3798 2771 3856 illum

440 3898 668 3940 morem
691 3899 835 3940 «non
878 3881 1022 3940 deae
1068 3881 1378 3941 voluntate
1424 3882 1528 3942 sed
1572 3882 1879 3941 hominum
1924 3881 2221 3958 pravitate
2267 3882 2613 3942 institutum
2645 3901 2775 3942 esse

441 3966 847 4025 ratiocinando
893 3965 1147 4027 invenit.
1236 3965 1392 4036 Quid
1435 3969 1636 4026 tamen
1681 3966 1807 4026 vice
1851 3985 2023 4026 versa
2051 3967 2532 4027 Rauchensteinii
2576 3968 2777 4028 obstet

440 4049 829 4126 explicationi
872 4051 936 4109 in
981 4051 1109 4128 ipso
1156 4047 1413 4130 ἑορτῆς
1454 4051 1695 4112 nomine
1738 4051 2235 4128 significationem
2289 4053 2482 4111 laetae
2538 4054 2620 4112 rei
2685 4053 2776 4111 in-

441 4154 568 4194 esse
612 4137 912 4211 putantis,
959 4155 1029 4195 ex
1072 4136 1175 4212 iis,
1225 4155 1375 4213 quae
1422 4157 1598 4213 supra
1641 4137 1876 4213 monui,
1922 4139 2200 4213 apparet:
2267 4138 2486 4198 festum
2532 4138 2773 4197 omnino

440 4219 534 4279 hic
575 4221 809 4280 nullum
853 4225 964 4280 est.

611 4305 831 4366 Levius
874 4309 967 4366 est
1006 4325 1114 4367 nec
1158 4309 1361 4366 tamen
1390 4306 1617 4367 nullius
1646 4307 1952 4382 momenti,
2002 4305 2162 4382 quod
2195 4306 2567 4382 aposiopesin
2595 4306 2771 4366 habe-

444 4408 577 4450 mus
622 4393 683 4450 et
724 4392 868 4452 satis
913 4391 1238 4452 violentam
1282 4392 1634 4468 praesertim
1679 4391 1740 4450 in
1786 4391 2113 4469 tranquilla
2156 4392 2392 4470 prologi
2414 4392 2773 4453 narratione

637 4777 812 4892 x
