3132 5129
1257 435 1719 498 -389-

314 588 531 648 Mendo
576 588 809 649 laborat
853 608 965 649 vox
1007 583 1311 671 θαλάσσῃ,
1356 611 1491 652 cum
1537 594 1780 668 fluvius,
1828 613 1949 653 non
1994 614 2152 654 mare
2194 615 2230 654 a
2276 597 2492 658 Silenis
2533 602 2649 657 tra·
2682 604 2781 654 652

315 675 546 733 iciatur.
637 674 911 734 Fortasse
955 675 1030 738 N.
1074 676 1421 750 scripserat:
1477 673 1888 736 ἐναυτίλλοντο
1943 679 2249 761 γαλήνῃ.
2342 681 2472 742 Ηοο
2516 703 2647 743 ver·

316 760 456 818 bum
503 759 690 833 enim,
737 760 895 835 quod
943 761 1101 836 apud
1147 761 1294 820 alios
1341 763 1518 820 maris
1562 763 2061 838 tranquillitatem
2103 769 2302 841 notat,
2360 787 2398 826 a
2440 767 2515 826 Ν.
2562 770 2646 828 ita

313 847 406 903 est
447 849 817 920 usurpatum,
863 847 932 904 ut
975 846 1163 921 ipsam
1206 846 1385 906 maris
1417 847 1511 905 vel
1542 846 1710 906 fluvii
1741 847 2033 924 placidam
2064 851 2431 925 superficiem
2462 853 2647 930 signi-

310 929 533 988 ficaret.
623 928 713 987 cf.
758 929 915 1007 XLI,
968 930 1105 1005 115,
1153 931 1254 989 ubi
1301 932 1372 990 de
1417 931 1650 991 Venere
1694 933 1873 992 modo
1917 937 2061 993 nata
2105 935 2404 1012 loquitur:

566 1042 666 1105 καὶ
716 1042 895 1122 δέμας
939 1040 1204 1129 ᾐώρησε·
1245 1038 1634 1150 διχαζομένης
1678 1045 1746 1109 δὲ
1788 1048 2113 1128 γαλήνης

564 1129 783 1191 ποσσὶν
823 1126 1226 1208 ἆμοιβαίοισιν
1272 1127 1585 1213 ὀπίστερον
1628 1131 1829 1199 ωθεεν
1870 1131 2057 1214 ὕδωρ.

309 1251 536 1328 XLIII,
585 1251 726 1311 264.

559 1349 660 1411 καὶ
705 1349 965 1433 βλοσυρὴ
1011 1351 1361 1431 Πανόπεια,
1407 1353 1757 1415 διαΐσσουσα
1801 1356 2142 1436 γαλήνης.

253 1514 256 1519 -
307 1473 389 1532 Et
431 1494 488 1533 v.
522 1474 643 1533 282
689 1474 763 1532 de
808 1474 927 1533 alia
969 1473 1252 1534 Nereide:

562 1588 734 1673 νώτῳ
780 1586 839 1648 δ’
887 1580 1189 1668 ἰχθυόεντι
1232 1587 1693 1654 καθιππεῦουσα
1737 1594 2090 1673 γαλήνης.

307 1712 396 1771 De
440 1711 687 1771 Pactolo
729 1711 912 1771 fiu'vio
957 1712 1264 1771 invenitur
1306 1713 1409 1789 XI,
1458 1715 1541 1773 50
1587 1710 1752 1793 (coll.
1802 1717 1881 1773 24
1927 1719 1988 1775 et
2032 1710 2173 1797 56):

558 1821 811 1907 ἆφνειῆς
852 1823 1137 1888 ἆτίνακτα
1180 1826 1510 1910 κατέγραφε
1557 1839 1717 1891 νῶτα
1760 1855 1796 1913 γ
1810 1856 1847 1890 α
1861 1828 1943 1909 λή
1959 1855 1990 1890 ν
2001 1855 2040 1911 η
2055 1856 2105 1905 ς.

303 1965 562 2025 Videtur
606 1968 807 2023 autem
850 1965 959 2041 N.,
1006 1985 1138 2024 cum
1183 1967 1296 2026 hoc
1339 1969 1517 2028 modo
1560 1990 1597 2029 a
1642 1970 1873 2047 vulgari
1918 1971 2093 2030 huius
2136 1971 2409 2032 vocabuli
2455 1973 2637 2049 signi·

302 2051 580 2111 ficatione
623 2051 933 2126 paululum
978 2052 1342 2128 deflecteret,
1389 2056 1527 2112 ante
1573 2056 1775 2114 oculos
1820 2055 2095 2115 habuisse
2128 2057 2483 2132 Homerum,
2532 2058 2634 2116 ubi

298 2155 339 2209 η
370 2138 492 2195 319
537 2133 600 2193 οἱ
647 2129 698 2193 δ’
762 2128 970 2193 ἐλόωσι
1025 2133 1296 2214 γαλήνην
1348 2137 1600 2215 legitur,
1658 2158 1775 2237 quo
1832 2140 1991 2215 loco,
2061 2160 2422 2237 quamquam
2476 2148 2634 2200 recte

299 2224 501 2297 potest
542 2222 720 2280 solita
762 2221 823 2280 vi
867 2221 1089 2279 dictum
1148 2241 1273 2281 esse
1327 2222 1479 2280 illud
1531 2215 1792 2299 γαλήνη,
1849 2243 1969 2283 ιιοιι
2024 2227 2220 2285 minus
2275 2230 2475 2285 tamen
2528 2226 2635 2285 illa

298 2306 564 2364 derivata
607 2305 773 2365 notio
820 2306 1090 2381 quadrat.
1179 2306 1259 2365 Et
1302 2306 1386 2365 ibi
1432 2326 1584 2367 unus
1630 2328 1662 2366 e
1705 2308 2042 2368 scholiastis
2097 2310 2240 2369 haec
2294 2311 2628 2369 adnotavit:

302 2380 582 2466 εὐφήμως
627 2386 737 2466 τὴν
778 2385 1089 2448 θαλασσαν
1133 2386 1318 2467 λέγει,
1365 2379 1407 2463 ἦ
1451 2388 1561 2468 τὴν
1604 2393 1989 2469 γαληνιῶσαν
2034 2389 2190 2452 οὕτω
2237 2392 2399 2470 φησί.

467 2475 752 2552 XXXIII,
800 2477 880 2535 33
905 2494 993 2552 sq.
1039 2496 1110 2536 ex
1151 2476 1426 2536 Pasithea
1471 2477 1672 2537 Venus
1716 2479 1978 2554 quaerit:

1109 2627 1190 2638 ——
1235 2584 1276 2671 ἦ
1322 2592 1401 2671 ῥά
1445 2612 1509 2656 σε
1555 2593 1727 2694 τείρει

548 2673 676 2750 υίὸς
719 2676 895 2756 ἐμός,
941 2677 1162 2755 φιλέεις
1206 2676 1273 2738 δὲ
1315 2674 1677 2763 ποθοβλήτῳ
1721 2701 1883 2759 παρα
1928 2679 2111 2763 πέτρῃ

554 2756 651 2824 οἷα
697 2763 1046 2843 Σεληναίης
1090 2786 1222 2825 τινα
1269 2763 1589 2843 βουκόλον·

299 2884 689 2944 Scribendum
737 2905 805 2944 ex
850 2888 1147 2945 constanti
1191 2905 1331 2944 usu:
1378 2875 1475 2942 οἷα
1521 2886 1851 2960 Σεληναίη.
1924 2887 2079 2946 Nam
2125 2906 2331 2947 sensus
2376 2890 2469 2948 hic
2507 2893 2625 2947 est:

299 2989 484 3045 ,,ιιιιιιι
530 2973 595 3028 tu
639 2971 714 3029 ad
759 2989 968 3044 rupem
1011 2976 1076 3030 ut
1118 2971 1303 3030 Isana
1347 2972 1634 3032 oscularis
1666 2972 1924 3048 aliquem
1953 2972 2343 3048 pastor“em⁴?
2402 2975 2627 3035 Deinde

295 3058 495 3114 autem
540 3074 660 3130 qua
710 3054 938 3113 ratione
994 3055 1230 3114 defendi
1283 3057 1514 3130 possint
1557 3057 1767 3116 verba:
1823 3050 2180 3136 ποθοβλήτῳ
2224 3078 2381 3134 παρα
2426 3057 2625 3139 πέτρῃ,

296 3158 415 3199 ιιοιι
456 3139 650 3198 video·
751 3139 848 3196 An
903 3140 1055 3199 forte
1111 3160 1317 3201 sensus
1369 3158 1573 3199 eorum
1629 3141 1725 3201 hic
1779 3148 1896 3201 est.
1962 3144 2041 3202 acl
2090 3160 2296 3216 rupem
2349 3144 2625 3204 desiderio

284 3226 560 3299 petitam,
605 3225 646 3282 i.
679 3243 730 3282 e.
765 3242 938 3299 quem
988 3225 1139 3284 soles
1185 3243 1414 3284 summo
1461 3224 1755 3286 desiderio
1798 3227 2139 3301 requirere?
2208 3227 2323 3286 Sed
2368 3227 2623 3307 ποθόβλ.

293 3309 443 3370 nihil
485 3309 602 3367 nisi
646 3327 842 3368 amore
884 3315 1118 3378 tactum,
1152 3327 1495 3385 perwssum
1525 3313 1717 3369 notat.
1791 3310 1998 3386 Itaque
2029 3312 2280 3371 fortasse
2309 3315 2623 3373 emendan-

294 3395 467 3452 dum:
518 3390 961 3470 ποθόβλητος,
1008 3395 1094 3452 ita
1137 3398 1206 3453 ut
1246 3394 1358 3453 hoc
1402 3394 1475 3452 ad
1521 3396 1713 3470 ipsam
1758 3396 2093 3454 Pasitheam
2138 3396 2452 3456 referatur.

461 3478 730 3554 XXXIV,
785 3483 849 3536 11
882 3499 969 3554 sq.
1036 3479 1342 3539 Morrheus
1399 3476 1916 3556 Chalcomedeam,
1976 3500 2154 3540 unam
2211 3500 2281 3540 ex
2330 3481 2620 3542 Maenadi-

298 3563 407 3622 bus
451 3583 684 3640 amans,
732 3565 817 3623 sic
860 3565 1263 3639 conqueritur:

547 3681 758 3740 κτείνω
805 3678 1250 3779 Χαλκομὲδειαν
1295 3675 1619 3758 ἔπήρατοιη
1662 3673 1809 3740 ἄλλα
1855 3680 1915 3739 τί
1952 3680 2130 3788 ῥέξω

544 3761 625 3844 μή
668 3786 739 3844 με
782 3764 958 3825 πόθω
1002 3786 1145 3842 μετα
1187 3763 1415 3843 πότμον
1455 3761 1824 3826 ἀποκτείνειε
1867 3764 1989 3825 καὶ
2033 3762 2243 3843 αυτή.

293 3904 356 3963 Si
387 3906 648 3963 extrema
678 3906 834 3963 recte
877 3904 1182 3979 haberent,
1228 3922 1435 3963 sensus
1479 3904 1721 3964 deberet
1762 3904 1859 3963 hic
1903 3922 2055 3963 esse:
2104 3906 2361 3980 „,Metuo
2408 3926 2483 3965 ne
2525 3927 2619 3966 me

294 3988 590 4047 desiderio
632 3992 770 4064 post
812 3992 1065 4048 mortem
1112 3989 1345 4048 occidat
1388 3992 1451 4047 et
1492 3989 1696 4066 ipsa;“
1743 3990 1827 4048 ita
1870 3993 1937 4048 ut
1966 3988 2393 4049 Chalcomedea
2438 4005 2617 4067 oppo-

292 4075 537 4131 neretur
579 4074 713 4132 aliis
759 4074 1123 4150 mulieribus,
1169 4093 1206 4132 a
1249 4074 1465 4149 quibus
1509 4075 1702 4149 magis
1747 4073 2056 4148 probabile
2087 4078 2243 4134 esset
2271 4074 2427 4134 vinci
2461 4077 2616 4135 Mor-

289 4157 525 4232 rheum,
586 4177 765 4233 quam
807 4159 883 4217 ab
929 4158 1050 4217 illa.
1140 4157 1309 4227 Quod
1356 4178 1534 4234 quam
1578 4158 1846 4234 ineptum
1892 4159 1998 4233 sit,
2054 4178 2175 4218 non
2221 4178 2368 4234 opus
2413 4165 2505 4219 est
2548 4166 2618 4219 ut

289 4241 746 4303 demonstretur.
848 4243 1059 4303 Potius
1103 4244 1213 4302 hoc
1268 4243 1620 4356 requiritur.
1678 4262 1792 4318 „ne
1848 4262 1942 4301 me
2003 4243 2292 4303 desiderio
2338 4245 2431 4302 vel
2476 4251 2615 4345 post

287 4325 479 4401 ipsam
535 4330 784 4386 mortem
841 4328 946 4387 illa.
1000 4327 1378 4387 interficiatf‘
1463 4326 1611 4387 Inde
1664 4288 1741 4386 N.
1801 4327 2031 4387 dedisse
2083 4332 2361 4403 apparet:
2417 4326 2498 4406 μή
2542 4349 2613 4403 με

285 4406 469 4491 πόθῳ
523 4405 668 4489 μετὰ
712 4405 937 4489 πότμον
979 4407 1344 4472 ἀποκτείνειε
1388 4408 1489 4469 καὶ
1534 4407 1780 4470 αὐτόν.
1871 4411 2247 4472 Contrarium
2291 4415 2504 4473 vitium
2551 4416 2612 4474 in

286 4496 493 4556 eadem
553 4498 835 4574 formula,
893 4499 1050 4573 apud
1103 4499 1456 4558 recentiores
1500 4498 1716 4574 Epicos
1773 4497 1994 4574 ubique
2053 4498 2255 4574 obvia,
2309 4500 2613 4559 invenitur
