3132 5129
1276 385 1736 449 „403-

332 542 424 600 ed.
447 561 536 616 pr.
567 545 629 599 et
653 542 730 601 M.
778 540 1092 600 Contrario
1121 543 1298 601 modo
1332 542 1428 600 hic
1458 542 1622 600 locus
1654 545 1967 617 corruptus
1999 545 2093 599 est
2121 544 2300 616 atque
2331 542 2432 599 ille
2456 541 2664 607 Hesio-

335 626 497 700 deuS,
545 645 721 700 quem
767 628 830 684 in
876 628 1067 701 primo
1112 627 1395 686 fasciculo
1441 626 1645 684 sanavi
1688 647 1747 700 p.
1785 628 1859 682 12
1907 623 2115 703 [supra
2157 646 2217 700 p.
2253 620 2420 704 231].
2510 627 2666 696 Quo-
2709 640 2735 686 7

330 711 507 770 modo
552 713 712 769 enim
759 711 952 786 Dryas
994 712 1069 769 ad
1113 731 1285 782 aves»,
1340 711 1558 786 quibus
1604 730 1666 769 se
1709 711 2041 770 immiscere
2085 711 2243 785 vult,
2294 711 2666 769 volantem

332 795 817 869 philomelam
860 799 999 870 apte
1042 795 1421 855 adiunxerit?
1481 796 1849 870 Quamquam
1894 799 2037 871 apte
2081 794 2438 870 philomelae
2469 814 2532 854 se
2561 813 2663 869 po-

331 880 628 938 tissimum
659 881 1057 955 appetituram
1088 900 1215 940 esse
1249 882 1618 940 consortium
1641 880 1834 939 dicere
1864 884 2116 955 poterat.
2170 881 2246 938 Et
2275 881 2442 955 dixit,
2489 879 2665 938 modo

333 962 785 1040 συνιπταμένη
831 958 1132 1046 φιλομήλῃ
1175 966 1470 1025 emendeS.

499 1049 571 1105 V.
618 1051 742 1109 290
771 1069 861 1125 sq.

634 1126 985 1211 ‘prere'oovg
1030 1131 1095 1192 δὲ
1140 1130 1466 1211 δράκοντας
1512 1130 1653 1206 ὄφις
1697 1133 1957 1210 φρίξειεν
1999 1124 2255 1210 ἁμάξης,

636 1212 987 1296 ἆστεροπαῐς
1032 1212 1257 1296 ὀλίγαις
1301 1215 1763 1296 κεκορυθμένος,

332 1337 549 1396 Mirum
594 1341 704 1413 est,
751 1337 1049 1397 Graefium
1092 1357 1213 1404 non
1258 1338 1476 1397 vidisse
1520 1343 1657 1413 post
1698 1359 1750 1397 v.
1786 1338 1910 1397 290
1939 1338 2212 1396 lacunam
2244 1356 2369 1397 esse
2398 1338 2660 1413 plurium

332 1442 638 1496 versuum,
698 1423 917 1498 quibus
962 1427 1100 1498 post
1143 1424 1421 1482 caelestes
1466 1425 1689 1482 bestias
1734 1424 1920 1498 ipsius
1965 1422 2124 1482 Iovis
2170 1424 2396 1481 mentio
2441 1422 2659 1481 infere-

334 1508 526 1566 batur.
616 1507 774 1565 Huic
818 1509 997 1579 enim,
1044 1527 1163 1567 non
1209 1508 1471 1566 aetherio
1518 1509 1759 1566 draconi
1806 1511 1868 1566 et
1910 1509 2192 1566 convenit
2234 1507 2384 1565 illud
2427 1496 2657 1604 ἆστερο-

329 1595 469 1660 παῖς
513 1579 734 1668 ὀλίγαις
780 1588 1259 1669 κεκορυθμένος,
1306 1597 1367 1650 et
1413 1592 1912 1667 quemadmodum
1958 1592 2166 1651 bestiis
2211 1592 2331 1650 illis
2375 1611 2511 1651 suas
2542 1594 2661 1650 sin-

331 1676 503 1750 gulas
547 1677 803 1751 bestias,
849 1678 934 1735 ita
978 1677 1115 1736 huic
1159 1698 1220 1735 se
1265 1678 1460 1753 ipsum
1507 1679 1759 1753 opponit
1804 1677 2142 1752 'lyphoeus

498 1760 574 1820 V.
624 1764 739 1820 351
772 1782 857 1836 sq.

639 1879 714 1888 --
806 1878 885 1888 —-
971 1843 1340 1940 πολυσπερὲς
1383 1844 1524 1904 ἄλλο
1570 1838 1874 1921 φυτεύσω

634 1922 780 2007 αἷμα
829 1926 1003 1989 νέον
1045 1923 1327 2010 μακάρων
1371 1930 1797 2006 πολυαύχενον.

332 2049 387 2106 N
393 2050 550 2190 imi}
562 2051 754 2194 ⁰¹3¹th
784 2050 1048 2126 epitheta
1079 2052 1181 2110 uni
1215 2051 1590 2111 substantivo
1615 2051 1779 2111 vides
1801 2052 2092 2127 copulata.
2143 2050 2473 2126 Scripserat
2496 2045 2666 2111 νέων.

557 2178 571 2192 .
772 2155 903 2211 sqq.

639 2233 904 2314 Δένδρεα
950 2232 1006 2293 δ’
1048 2232 1408 2295 ἐπτύσσοντο
1459 2235 1821 2308 Τυφαονίων
1863 2225 1980 2293 ἀπὸ
2025 2257 2241 2313 χειρων

634 2318 906 2398 σειόμενα
952 2321 1253 2394 Κρονίδαο
1295 2319 1646 2413 καταντίον,
1691 2318 1878 2378 αλλα
1924 2340 1993 2378 τε
2038 2320 2208 2399 γαίης

635 2402 811 2481 ἔρνεα
858 2402 1263 2483 καλλιπὲτηλα.

330 2521 444 2582 Vix
469 2523 773 2600 probabile
803 2529 911 2598 est,
938 2526 1181 2586 floribus
1207 2526 1387 2585 etiam
1408 2528 1471 2584 et
1494 2524 1868 2602 graminibus
1892 2525 2141 2600 aliisque
2162 2525 2384 2600 plantis
2411 2525 2663 2584 telorum

331 2609 461 2668 loco
519 2629 693 2668 usum
748 2630 876 2670 esse
924 2611 1305 2687 Typhoeum:
1377 2611 1429 2669 ei
1488 2612 1635 2670 satis
1689 2612 1861 2668 erant
1915 2612 2065 2668 varii
2121 2613 2357 2687 generis
2401 2611 2663 2686 arbores,

330 2713 475 2767 quas
532 2687 749 2753 αἰόλα
793 2694 964 2772 γαίης
1009 2693 1176 2772 ἔρνεα
1222 2699 1399 2771 poeta
1444 2696 1624 2770 dixit,
1684 2698 1752 2753 ut
1795 2694 1991 2769 XLII,
2042 2696 2162 2753 279
2208 2693 2379 2752 αἰόλα
2425 2691 2664 2772 δένδρα

333 2778 454 2837 Nec
497 2780 754 2837 mult-um
800 2780 1144 2856 XXXVIII,
1193 2783 1313 2840 319
1360 2777 1580 2857 χθονὸς
1623 2772 1795 2837 αἰόλα
1840 2779 2002 2854 φῦλα
2049 2783 2109 2838 et
2151 2779 2283 2857 XL,
2319 2782 2438 2840 279
2482 2775 2665 2857 ὄρνεα

334 2853 388 2919 τ’
436 2856 804 2941 αἰολόμορφα
851 2866 1150 2925 differunt.

638 3029 755 3090 Και
800 3026 1039 3111 παλάμη
1084 3025 1384 3092 κεκόνιστο
1430 3032 1535 3093 καὶ
1579 3027 1650 3091 οὐ
1696 3031 1954 3109 μεθέηκε
1997 3034 2301 3115 noa-guod.

332 3151 427 3209 Ita
459 3150 722 3211 Graefius
752 3155 996 3228 scripsit
1024 3174 1095 3212 ex
1127 3153 1536 3214 emendatione
1569 3154 1930 3213 Hermanni:
1979 3154 2101 3229 sed,
2134 3157 2183 3213 si
2217 3154 2365 3213 bene
2396 3155 2661 3229 memini,

330 3236 480 3294 illud
526 3237 771 3297 verbum
819 3238 961 3296 alibi
1008 3238 1162 3314 apud
1208 3238 1491 3297 Nonnum
1536 3256 1656 3296 non
1702 3239 2021 3298 invenitur.
2091 3239 2201 3301 Ed.
2232 3259 2320 3314 pr.
2368 3236 2659 3314 κολώνου,

332 3339 441 3394 pro
488 3341 604 3397 quo
650 3323 1053 3400 Falkenburg.
1099 3324 1366 3379 κολωνοῦ
1409 3323 1744 3398 rescripsit,
1804 3324 1996 3382 forma
2040 3326 2101 3382 et
2144 3324 2272 3400 ipsa
2315 3323 2530 3383 Nonno
2575 3325 2659 3381 in-

1248 3421 1281 3454 v

332 3474 574 3531 usitata.
631 3475 702 3533 In
737 3474 796 3532 M
827 3476 1049 3550 legitur
1093 3475 1314 3552 uoioel,
1364 3475 1519 3533 unde
1564 3469 1832 3548 κολώνης
1874 3475 2245 3535 scribendum
2293 3495 2419 3535 esse
2462 3478 2660 3551 patet:

331 3557 407 3615 ad
454 3560 811 3617 sententiam
857 3561 934 3617 cf.
983 3555 1139 3618 infra
1185 3580 1240 3619 v.
1284 3560 1406 3618 451
1442 3579 1572 3634 sqq.
1619 3560 1764 3618 456.
1813 3560 1955 3619 468.
2004 3560 2150 3618 474.

506 3642 578 3702 V
627 3644 769 3770 ἶῗ3
802 3759 884 3770 —
976 3724 1373 3785 διαὶσσουσα
1417 3722 1484 3785 δὲ
1526 3726 1748 3804 γαίης

631 3808 887 3888 ἅλμασιν
930 3805 1354 3881 αὕτοκύλιστος
1397 3806 1674 3870 ἐπάλλετο
1721 3807 2052 3889 μαινομένη
2095 3811 2235 3890 χείρ.

334 3929 492 3987 Illud
549 3932 599 3988 si
653 3951 863 3991 verum
909 3935 1093 4006 esset,
1156 3949 1362 3990 sensus
1406 3931 1503 3990 bic
1549 3931 1793 3990 deberet
1837 3949 1995 3990 esse:
2041 3950 2293 3989 manus
2338 3951 2467 4006 per
2509 3934 2664 3990 ter-

334 4033 482 4072 ram
527 4033 763 4074 ruens.
835 4017 951 4074 Sed
998 4017 1271 4075 dederat.
1320 4015 1787 4072 καταΐσσουσα
1832 4009 1899 4072 δὲ
1942 4013 2112 4095 γαίῃ
2157 4020 2267 4074 etc.
2329 4016 2418 4074 De
2463 4016 2664 4075 dativo

334 4102 571 4158 tantum
618 4100 742 4172 hos,
792 4102 894 4176 qui
942 4102 1249 4160 commode
1293 4105 1664 4175 succutiunt,
1715 4100 1872 4161 locos
1915 4100 2219 4160 adscribo·
2269 4119 2450 4175 supra
2495 4121 2552 4161 v.
2585 4102 2662 4161 78

334 4174 572 4262 δαπέδῳ
629 4181 783 4243 πέσε.
874 4185 994 4260 ΙΙΙ,
1062 4188 1182 4245 160
1238 4184 1566 4262 σπαίροντα
1624 4182 1816 4266 κονίῃ.
1906 4185 2022 4261 IV,
2087 4185 2212 4243 414
2269 4179 2665 4262 κυλινδομένη

334 4262 400 4324 δὲ
450 4265 639 4349 κονίῃ.

502 4352 578 4411 V.
624 4354 767 4415 447.

639 4469 720 4480 —
804 4436 970 4515 διερὴ
1017 4433 1081 4496 δὲ
1125 4434 1354 4513 φύσις
1399 4436 1728 4517 τερσαίνετο
1772 4434 2048 4519 λύθρῳ.

2144 4536 2256 4587 26*
