3132 5129
1268 372 1732 443 -471-2.

330 538 478 597 mihi
521 539 585 597 in
617 537 959 597 memoriam
992 537 1297 596 revocavit
1324 538 1645 613 rationem,
1694 558 1812 615 qua
1855 537 2194 599 Fridericus
2227 536 2490 599 Graefius
2521 541 2664 599 olim
2692 550 2724 597 5

332 624 535 699 poetas
580 622 929 681 Nonnianos
972 622 1279 681 Musaeum
1324 621 1668 682 Colluthum
1714 622 2196 699 Tryphiodorum
2241 624 2432 683 multo
2476 626 2658 685 licen-

334 710 453 767 tius
498 722 675 783 quam
720 707 915 783 ipsum
960 707 1311 783 signiferum
1366 708 1441 766 ad
1486 708 1579 767 sui
1626 707 1812 767 animi
1865 706 2179 767 arbitrium
2223 709 2511 785 refingere
2571 728 2665 769 co-

335 796 512 853 natus
558 796 665 851 est.

498 876 627 936 Nec
668 880 807 953 post
850 876 987 935 illos
1031 876 1348 936 Theocrito
1390 878 1531 936 novi
1588 876 1846 936 editores
1903 876 2180 936 defuere:
2240 878 2664 937 Arminium

333 962 861 1035 Fritzschium,
918 961 1020 1037 qui
1077 962 1199 1020 iam
1250 980 1406 1021 anno
1456 961 1618 1020 1845
1677 964 2013 1021 accuratam
2067 962 2140 1020 de
2197 964 2432 1038 „poetis
2485 962 2663 1023 Grae-

332 1066 533 1107 corum
578 1045 912 1106 Bucolicis“
969 1046 1449 1105 dissertationem
1508 1046 1808 1122 ediderat,
1870 1046 2309 1123 Hartungus
2364 1051 2666 1123 postremo

332 1136 572 1191 secutus
617 1134 709 1191 est
749 1131 813 1189 in
858 1130 1321 1205 interpretandis
1364 1131 1859 1205 recensendisque
1889 1130 2252 1190 Graecorum
2281 1134 2474 1207 poetis
2505 1152 2663 1193 exer-

330 1218 731 1275 citatissimus.
806 1215 887 1275 Et
928 1216 1035 1273 ille
1082 1215 1321 1291 quidem
1364 1215 1700 1274 scholarum
1745 1216 1807 1273 in
1852 1234 2025 1275 usum
2059 1216 2358 1276 Theocriti
2403 1218 2668 1276 carmina

331 1302 657 1378 diligenter
700 1301 1122 1375 eleganterque
1166 1300 1494 1375 enarravit,
1557 1300 1618 1358 in
1662 1320 1726 1359 re
1781 1301 1989 1359 critica
2031 1300 2156 1358 fere
2212 1300 2664 1376 probatissimos

334 1404 601 1462 quosque
657 1388 931 1444 auctores
985 1404 1343 1459 quamquam
1400 1384 1669 1443 timidius
1725 1386 1988 1459 secutus,
2047 1402 2182 1443 raro
2236 1386 2463 1461 aliquid
2523 1387 2665 1446 novi

330 1470 633 1542 adferens;
692 1470 790 1528 hic
830 1488 972 1528 vero
1016 1470 1111 1528 vir
1168 1470 1409 1545 ingenio
1468 1470 1855 1544 doctrinaque
1899 1469 2132 1529 abunde
2188 1471 2516 1529 instructus
2569 1472 2662 1529 vel

334 1558 471 1632 post
515 1558 611 1614 tot
654 1558 1056 1613 antecessores
1102 1555 1245 1613 satis
1289 1554 1481 1612 multa
1524 1554 1754 1628 primus
1785 1572 1920 1612 cum
1947 1556 2122 1613 acute
2167 1555 2509 1614 observavit
2535 1559 2665 1614 tum

332 1640 721 1716 probabiliter
751 1638 1111 1698 emendavit.
1190 1639 1559 1714 Quamquam
1589 1658 1666 1697 ne
1708 1638 1770 1697 in
1801 1637 2116 1698 Theocrito
2148 1638 2389 1713 quidem
2435 1658 2664 1699 morem

332 1726 505 1785 illum
562 1723 801 1783 fatalem
820 1767 835 1798 ‚
900 1742 1018 1797 quo
1074 1724 1435 1782 immeritam
1490 1723 1928 1799 philologorum
1989 1724 2362 1798 quorundam
2430 1724 2664 1801 ignora-

334 1810 557 1869 tionem
602 1807 887 1867 meruisse
941 1808 1205 1882 videtur,
1265 1826 1505 1884 prorsus
1560 1808 1867 1883 deposuit3
1926 1827 2047 1883 quo
2090 1808 2332 1883 quidem
2385 1828 2550 1868 more
2605 1814 2668 1868 et

332 1895 515 1953 nimia
545 1894 640 1953 sui
698 1892 1055 1952 confidentia
1110 1892 1303 1951 elatus
1358 1896 1421 1951 et
1462 1892 1642 1951 limae
1699 1892 1964 1953 laborem
2020 1911 2364 1969 moramque
2418 1912 2668 1969 perosus

332 1979 488 2037 haud
534 1996 725 2053 pauca
770 1978 950 2037 etiam
983 1980 1207 2036 temere
1237 1978 1469 2035 effutire
1517 1976 1674 2035 solet
1701 1976 2152 2053 neglegentiore
2195 1977 2495 2037 interdum
2525 1997 2668 2037 usus

334 2066 513 2139 atque
556 2062 778 2122 triviali
824 2061 1060 2121 (licendi
1102 2062 1353 2121 ratione.
1430 2062 1521 2119 Ex
1580 2062 1796 2121 ceteris
1837 2080 2010 2137 vero,
2070 2062 2173 2137 qui
2227 2062 2549 2122 novissime
2593 2064 2668 2121 ad

332 2148 707 2207 Theocritum
752 2146 1172 2205 illustrandum
1216 2146 1549 2205 fructuosas
1594 2145 1975 2205 contulerunt
2026 2146 2346 2222 symbolae,
2391 2148 2666 2205 Haule-

330 2252 483 2291 rum
528 2235 707 2307 atque
739 2231 1210 2291 Gebauerum
1264 2232 1603 2290 nominasse
1647 2230 1905 2305 sufficit,
1952 2249 2206 2305 quorum
2250 2231 2354 2289 ille
2396 2252 2449 2289 a.
2501 2232 2663 2289 1855

332 2318 445 2393 „de
487 2316 787 2375 Theocriti
830 2316 960 2375 vita
1012 2318 1075 2374 et
1118 2315 1517 2374 carminibus“
1562 2314 1836 2390 scripsit,
1897 2314 1992 2373 hic
2034 2334 2090 2373 a.
2142 2316 2302 2373 1856
2361 2315 2472 2390 „de
2527 2334 2662 2390 poe-

330 2409 525 2461 tarum
594 2400 951 2461 Graecorum
1017 2399 1419 2460 bucolicorum
1485 2398 1760 2475 inprimis
1831 2398 2132 2458 Theocriti
2187 2400 2548 2459 carminibus
2600 2402 2664 2459 in

332 2487 551 2563 eclogis
594 2507 631 2545 a
674 2484 942 2561 Vergilio
986 2485 1357 2544 adumbratis
1399 2484 1757 2559 particulam
1801 2482 2097 2559 primam“
2145 2482 2353 2542 edidit.

500 2572 567 2630 In
613 2574 785 2631 tanto
840 2569 1175 2630 studiorum
1222 2569 1706 2630 Theocriteorum
1761 2570 1992 2629 fervore
2049 2572 2226 2644 atque
2285 2572 2490 2628 tenore
2549 2588 2666 2628 una

328 2663 527 2717 tamen
571 2660 759 2716 restat
803 2674 989 2730 eaque
1034 2655 1110 2714 ad
1142 2655 1502 2730 singularem
1534 2654 1936 2714 bucolicorum
1969 2657 2154 2713 artem
2185 2653 2283 2734 vel
2314 2655 2668 2730 gravissima

329 2743 629 2818 quaestiO,
686 2759 835 2816 quae
879 2742 1111 2798 tantum
1171 2740 1341 2798 abest
1396 2743 1467 2799 ut
1523 2739 1796 2798 absoluta.
1840 2738 2066 2799 censeri
2119 2742 2327 2814 queat,
2385 2742 2456 2797 ut
2508 2758 2664 2799 novo

328 2829 681 2903 integroque
713 2827 924 2884 conatu
955 2824 1333 2899 suscipienda
1360 2825 1654 2884 videatur.
1718 2824 2138 2894 Quaestionem
2167 2823 2296 2883 dico
2329 2824 2414 2881 de
2457 2826 2662 2883 stro-

330 2913 546 2988 phica
591 2910 1005 2970 carminum
1065 2909 1685 2970 Theocriteorum
1742 2908 2296 2983 compositione
2349 2909 2663 2968 instituen-

331 2997 486 3055 dam.
565 2997 695 3066 Qua
739 2997 799 3053 in
846 2994 1194 3069 quaestione
1238 3012 1373 3052 cum
1398 2994 1742 3053 carminum
1786 3012 2022 3068 eorum,
2067 2993 2220 3069 quae
2263 2995 2370 3052 aut
2411 2993 2662 3052 duorum

330 3083 489 3140 inter
545 3100 607 3139 se
662 3080 1087 3140 alternantium
1144 3097 1417 3137 sermone
1476 3081 1731 3138 cantuve
1785 3081 2064 3137 constant
2117 3082 2225 3136 aut
2282 3096 2400 3137 uno
2457 3081 2662 3136 tenore

329 3166 702 3225 decurrentia
757 3164 1025 3223 versibus
1076 3163 1533 3222 intercalaribus
1579 3163 2066 3238 distinguuntur,
2123 3165 2333 3236 aperta
2389 3165 2662 3237 certaque

328 3251 483 3310 ratio
527 3251 590 3309 in
646 3249 989 3308 universum
1044 3249 1342 3306 neminem
1396 3249 1605 3324 fugere
1664 3247 1988 3322 potuisset,
2045 3251 2249 3306 tamen
2305 3247 2664 3322 interpretes

332 3339 393 3394 et
436 3335 585 3395 vitia
628 3335 689 3392 in
735 3333 857 3392 illis
901 3334 1048 3409 ipsis
1092 3333 1456 3391 carminibus
1487 3332 1584 3390 hic
1629 3332 1753 3390 illio
1781 3331 2196 3406 responsoriae
2226 3331 2346 3406 legi
2390 3350 2662 3407 pugnan—

330 3421 414 3479 tia
458 3420 637 3478 nimis
682 3437 887 3478 secure
932 3418 1341 3478 toleraverunt
1382 3420 1469 3491 et,
1516 3416 1722 3474 eadem
1766 3416 1861 3475 lex
1891 3418 2186 3492 quatenus
2218 3417 2399 3473 etiam
2444 3416 2506 3473 in
2536 3434 2662 3474 car-

330 3505 593 3564 minibus
638 3503 1009 3579 simplicibus
1050 3521 1161 3561 nec
1218 3502 1710 3560 interlocutorum
1765 3500 2174 3560 vicissitudine
2229 3518 2337 3558 nec
2393 3499 2662 3559 versibus

331 3589 781 3649 intercalaribus
826 3587 1128 3647 distinctis
1172 3587 1396 3661 valeat,
1445 3604 1729 3662 quaerere
1758 3605 2004 3661 prorsus
2047 3584 2428 3658 distulerunt,
2475 3583 2661 3643 donec

330 3673 803 3733 Godofredus
846 3673 1308 3732 Hermannus
1354 3675 1423 3730 ut
1466 3673 1559 3730 tot
1603 3671 1855 3729 aliarum
1885 3689 2086 3728 rerum
2132 3669 2219 3728 ita
2261 3669 2443 3727 etiam
2487 3668 2663 3728 huius

329 3759 631 3818 doctrinae
675 3757 867 3834 prima
908 3776 1093 3832 eaque
1138 3757 1284 3815 satis
1342 3755 1513 3814 firma
1557 3755 1695 3815 iecit
1737 3755 2140 3814 fundamenta.
2217 3753 2278 3812 Is
2331 3755 2486 3812 enim
2539 3753 2658 3812 dis-

328 3844 655 3902 sertatione
718 3841 833 3917 „de
887 3845 1012 3900 arte
1077 3841 1272 3916 poesis
1328 3839 1688 3900 Graecorum
1753 3838 2098 3899 bucolicae“
2162 3858 2218 3897 a.
2283 3839 2444 3896 1848
2503 3837 2666 3897 edita

331 3925 611 4024 [Opuscc.
660 3927 810 3985 VIII
854 3948 912 4003 p.
960 3921 1324 4002 329—342]
1371 3928 1433 3984 et
1475 3925 1537 3984 in
1583 3925 1922 3984 universum
1967 3924 2258 3982 rationem
2301 3920 2662 3996 strophicam

330 4013 567 4089 egregie
611 4012 941 4072 illustravit
986 4015 1046 4070 et
1088 4012 1151 4069 in
1196 4010 1479 4086 singulis,
1524 4028 1677 4084 quae
1719 4009 1976 4085 plurima
2016 4007 2256 4082 attigit,
2303 4005 2664 4065 carminibus

328 4097 482 4154 haud
529 4115 722 4172 pauca
764 4097 1093 4156 rectissime
1122 4095 1546 4170 verissimeque
1578 4094 2038 4153 administravit.
2115 4091 2434 4168 Superesse
2463 4093 2665 4149 tamen

330 4181 474 4240 bene
520 4182 737 4256 multa,
801 4200 953 4257 quae
1008 4179 1337 4240 accuratius
1392 4199 1520 4237 rem
1576 4177 1922 4236 retractanti
1963 4179 2072 4236 aut
2126 4175 2302 4251 paulo
2359 4175 2532 4234 aliter
2574 4174 2663 4232 in·-
2689 4188 2720 4236 6

331 4265 637 4325 stituenda
678 4268 784 4324 aut
826 4283 1069 4341 prorsus
1124 4264 1399 4323 novanda
1440 4263 1790 4336 videantur,
1847 4262 2038 4322 multo
2083 4262 2282 4319 minus
2325 4260 2660 4318 mirandum

330 4369 507 4426 quam
554 4350 716 4426 quod
760 4370 829 4410 cx
875 4349 1302 4410 recentioribus
1348 4348 1675 4408 editoribus
1719 4365 1874 4405 unus
1903 4347 2136 4405 tantum
2169 4345 2496 4405 Ahrensius
2527 4345 2662 4402 dili-

328 4436 739 4512 gentissimam
784 4435 912 4510 sed,
960 4453 1167 4492 verum
1225 4434 1275 4492 si
1335 4433 1507 4492 fateri
1561 4432 1733 4507 licet,
1793 4432 1938 4491 satis
1985 4430 2283 4490 infelicem
2339 4429 2476 4490 huic
2528 4449 2664 4506 pro-
