<?xml version="1.0" encoding="UTF-8"?>
<!DOCTYPE html PUBLIC "-//W3C//DTD XHTML 1.0 Transitional//EN"
    "http://www.w3.org/TR/xhtml1/DTD/xhtml1-transitional.dtd">
<html xmlns="http://www.w3.org/1999/xhtml" xml:lang="en" lang="en">
 <head>
  <title>
</title>
<meta http-equiv="Content-Type" content="text/html;charset=utf-8" />
  <meta name='ocr-system' content='tesseract 3.04.00' />
  <meta name='ocr-capabilities' content='ocr_page ocr_carea ocr_par ocr_line ocrx_word'/>
</head>
<body>
  <div class='ocr_page' id='page_1' title='image "./opusculaphilolo00koecgoog_0337.png"; bbox 0 0 3132 5129; ppageno 0'>
   <div class='ocr_carea' id='block_1_1' title="bbox 1287 387 1748 453">
    <p class='ocr_par' dir='ltr' id='par_1_1' title="bbox 1287 387 1748 453">
     <span class='ocr_line' id='line_1_1' title="bbox 1287 387 1748 453; baseline -0.004 0"><span class='ocrx_word' id='word_1_1' title='bbox 1287 387 1748 453; x_wconf 84' lang='lat'>-325-</span> 
     </span>
    </p>
   </div>
   <div class='ocr_carea' id='block_1_2' title="bbox 604 534 2249 709">
    <p class='ocr_par' dir='ltr' id='par_1_2' title="bbox 604 534 2249 709">
     <span class='ocr_line' id='line_1_2' title="bbox 612 534 2249 622; baseline -0.002 -16"><span class='ocrx_word' id='word_1_2' title='bbox 612 538 744 606; x_wconf 78' lang='grc' dir='ltr'><strong><em>εὖτε</em></strong></span> <span class='ocrx_word' id='word_1_3' title='bbox 786 543 1229 622; x_wconf 81' lang='grc' dir='ltr'><strong><em>καταστείχουσι</em></strong></span> <span class='ocrx_word' id='word_1_4' title='bbox 1271 540 1401 604; x_wconf 83' lang='grc' dir='ltr'><strong><em>ποτὶ</em></strong></span> <span class='ocrx_word' id='word_1_5' title='bbox 1449 539 1770 621; x_wconf 75' lang='grc' dir='ltr'><strong><em>σφετέρους</em></strong></span> <span class='ocrx_word' id='word_1_6' title='bbox 1814 534 1954 602; x_wconf 72' lang='grc' dir='ltr'><strong><em>πάλι</em></strong></span> <span class='ocrx_word' id='word_1_7' title='bbox 1996 542 2249 620; x_wconf 80' lang='grc' dir='ltr'><strong><em>σηκούς,</em></strong></span> 
     </span>
     <span class='ocr_line' id='line_1_3' title="bbox 604 623 2215 709; baseline -0.001 -19"><span class='ocrx_word' id='word_1_8' title='bbox 604 623 960 709; x_wconf 84' lang='grc' dir='ltr'><strong><em>βριθόμεναι</em></strong></span> <span class='ocrx_word' id='word_1_9' title='bbox 1000 625 1218 707; x_wconf 79' lang='grc' dir='ltr'><strong><em>μαζούς</em></strong></span> <span class='ocrx_word' id='word_1_10' title='bbox 1264 651 1323 689; x_wconf 91' lang='grc' dir='ltr'><strong>τε</strong></span> <span class='ocrx_word' id='word_1_11' title='bbox 1366 624 1466 688; x_wconf 83' lang='grc' dir='ltr'><strong>καὶ</strong></span> <span class='ocrx_word' id='word_1_12' title='bbox 1513 626 1751 689; x_wconf 77' lang='grc' dir='ltr'><strong><em>οὔθατα</em></strong></span> <span class='ocrx_word' id='word_1_13' title='bbox 1795 627 2215 706; x_wconf 85' lang='grc' dir='ltr'><strong><em>κυμαίνουσαι.</em></strong></span> 
     </span>
    </p>
   </div>
   <div class='ocr_carea' id='block_1_3' title="bbox 352 748 2786 1081">
    <p class='ocr_par' dir='ltr' id='par_1_3' title="bbox 352 748 2786 1081">
     <span class='ocr_line' id='line_1_4' title="bbox 355 748 2786 811; baseline -0.002 0"><span class='ocrx_word' id='word_1_14' title='bbox 355 752 505 811; x_wconf 84' lang='lat' dir='ltr'><strong>Male</strong></span> <span class='ocrx_word' id='word_1_15' title='bbox 575 771 709 811; x_wconf 90' lang='lat' dir='ltr'><strong>cum</strong></span> <span class='ocrx_word' id='word_1_16' title='bbox 778 750 1260 810; x_wconf 76' lang='lat' dir='ltr'><strong>antecedentibus</strong></span> <span class='ocrx_word' id='word_1_17' title='bbox 1323 750 1655 809; x_wconf 78' lang='lat' dir='ltr'><strong>conectitur</strong></span> <span class='ocrx_word' id='word_1_18' title='bbox 1722 769 1928 810; x_wconf 86' lang='lat' dir='ltr'><strong>versus</strong></span> <span class='ocrx_word' id='word_1_19' title='bbox 1993 749 2227 809; x_wconf 89' lang='lat' dir='ltr'><strong>tertius.</strong></span> <span class='ocrx_word' id='word_1_20' title='bbox 2329 749 2464 807; x_wconf 86' lang='lat' dir='ltr'><strong>Non</strong></span> <span class='ocrx_word' id='word_1_21' title='bbox 2520 748 2681 806; x_wconf 89' lang='lat' dir='ltr'><strong>enim</strong></span> <span class='ocrx_word' id='word_1_22' title='bbox 2720 757 2786 805; x_wconf 85' lang='grc'><strong>36</strong></span> 
     </span>
     <span class='ocr_line' id='line_1_5' title="bbox 360 833 2675 913; baseline -0.002 -17"><span class='ocrx_word' id='word_1_23' title='bbox 360 840 643 913; x_wconf 73' lang='lat' dir='ltr'><strong>pastoreS,</strong></span> <span class='ocrx_word' id='word_1_24' title='bbox 690 838 832 896; x_wconf 82' lang='lat' dir='ltr'><strong>dum</strong></span> <span class='ocrx_word' id='word_1_25' title='bbox 874 854 1084 912; x_wconf 84' lang='lat' dir='ltr'><strong>greges</strong></span> <span class='ocrx_word' id='word_1_26' title='bbox 1127 834 1204 894; x_wconf 86' lang='lat' dir='ltr'><strong>ad</strong></span> <span class='ocrx_word' id='word_1_27' title='bbox 1248 835 1483 894; x_wconf 84' lang='lat' dir='ltr'><strong>stabula</strong></span> <span class='ocrx_word' id='word_1_28' title='bbox 1511 837 1909 909; x_wconf 85' lang='lat' dir='ltr'><strong>revertuntur,</strong></span> <span class='ocrx_word' id='word_1_29' title='bbox 1956 835 2194 911; x_wconf 83' lang='lat' dir='ltr'><strong>signum</strong></span> <span class='ocrx_word' id='word_1_30' title='bbox 2225 834 2298 893; x_wconf 89' lang='lat' dir='ltr'><strong>iis</strong></span> <span class='ocrx_word' id='word_1_31' title='bbox 2331 833 2505 907; x_wconf 82' lang='lat' dir='ltr'><strong>dant3</strong></span> <span class='ocrx_word' id='word_1_32' title='bbox 2554 833 2675 907; x_wconf 90' lang='lat' dir='ltr'><strong>sed,</strong></span> 
     </span>
     <span class='ocr_line' id='line_1_6' title="bbox 352 918 2683 997; baseline -0 -16"><span class='ocrx_word' id='word_1_33' title='bbox 352 940 596 997; x_wconf 86' lang='lat' dir='ltr'><strong>vespere</strong></span> <span class='ocrx_word' id='word_1_34' title='bbox 640 925 871 996; x_wconf 82' lang='lat' dir='ltr'><strong>exorto,</strong></span> <span class='ocrx_word' id='word_1_35' title='bbox 918 925 982 980; x_wconf 78' lang='lat' dir='ltr'><strong>ut</strong></span> <span class='ocrx_word' id='word_1_36' title='bbox 1026 921 1268 980; x_wconf 90' lang='lat' dir='ltr'><strong>domum</strong></span> <span class='ocrx_word' id='word_1_37' title='bbox 1312 924 1487 995; x_wconf 88' lang='lat' dir='ltr'><strong>pastu</strong></span> <span class='ocrx_word' id='word_1_38' title='bbox 1530 918 1794 996; x_wconf 87' lang='lat' dir='ltr'><strong>redeant,</strong></span> <span class='ocrx_word' id='word_1_39' title='bbox 1842 919 2013 997; x_wconf 83' lang='lat' dir='ltr'><strong>signo</strong></span> <span class='ocrx_word' id='word_1_40' title='bbox 2060 920 2219 979; x_wconf 85' lang='lat' dir='ltr'><strong>facto</strong></span> <span class='ocrx_word' id='word_1_41' title='bbox 2265 936 2366 979; x_wconf 90' lang='lat' dir='ltr'><strong>eos</strong></span> <span class='ocrx_word' id='word_1_42' title='bbox 2410 918 2683 980; x_wconf 82' lang='lat' dir='ltr'><strong>incitant.</strong></span> 
     </span>
     <span class='ocr_line' id='line_1_7' title="bbox 355 1000 1842 1081; baseline 0 -16"><span class='ocrx_word' id='word_1_43' title='bbox 355 1006 748 1066; x_wconf 86' lang='lat' dir='ltr'><strong>Scribendum</strong></span> <span class='ocrx_word' id='word_1_44' title='bbox 791 1008 965 1081; x_wconf 84' lang='lat' dir='ltr'><strong>puto:</strong></span> <span class='ocrx_word' id='word_1_45' title='bbox 1012 1004 1087 1062; x_wconf 82' lang='grc' dir='ltr'><strong>αἳ</strong></span> <span class='ocrx_word' id='word_1_46' title='bbox 1133 1000 1206 1062; x_wconf 84' lang='grc' dir='ltr'><strong>δὲ</strong></span> <span class='ocrx_word' id='word_1_47' title='bbox 1249 1001 1689 1080; x_wconf 80' lang='grc' dir='ltr'><strong><em>καταστείχουσι</em></strong></span> <span class='ocrx_word' id='word_1_48' title='bbox 1731 1009 1842 1064; x_wconf 86' lang='lat' dir='ltr'><strong>etc.</strong></span> 
     </span>
    </p>
   </div>
   <div class='ocr_carea' id='block_1_4' title="bbox 519 1090 922 1166">
    <p class='ocr_par' dir='ltr' id='par_1_4' title="bbox 519 1090 922 1166">
     <span class='ocr_line' id='line_1_8' title="bbox 519 1090 922 1166; baseline 0.008 -19"><span class='ocrx_word' id='word_1_49' title='bbox 519 1090 594 1152; x_wconf 89' lang='lat' dir='ltr'><strong>V.</strong></span> <span class='ocrx_word' id='word_1_50' title='bbox 646 1092 764 1150; x_wconf 89' lang='grc'><strong>196</strong></span> <span class='ocrx_word' id='word_1_51' title='bbox 797 1110 922 1166; x_wconf 87' lang='lat' dir='ltr'><strong>sqq.</strong></span> 
     </span>
    </p>
   </div>
   <div class='ocr_carea' id='block_1_5' title="bbox 612 1196 2490 1370">
    <p class='ocr_par' dir='ltr' id='par_1_5' title="bbox 612 1196 2473 1370">
     <span class='ocr_line' id='line_1_9' title="bbox 616 1196 2071 1305; baseline -0.003 -38"><span class='ocrx_word' id='word_1_52' title='bbox 616 1203 908 1305; x_wconf 80' lang='grc' dir='ltr'><strong><em>Τυρσηνοὶ</em></strong></span> <span class='ocrx_word' id='word_1_53' title='bbox 951 1205 1163 1267; x_wconf 85' lang='grc' dir='ltr'><strong><em>τοιοίδε</em></strong></span> <span class='ocrx_word' id='word_1_54' title='bbox 1206 1205 1306 1266; x_wconf 80' lang='grc' dir='ltr'><strong>καὶ</strong></span> <span class='ocrx_word' id='word_1_55' title='bbox 1343 1196 1640 1282; x_wconf 82' lang='grc' dir='ltr'><strong><em>Ἀρμένιοι</em></strong></span> <span class='ocrx_word' id='word_1_56' title='bbox 1683 1204 1785 1265; x_wconf 79' lang='grc' dir='ltr'><strong>καὶ</strong></span> <span class='ocrx_word' id='word_1_57' title='bbox 1824 1201 2071 1301; x_wconf 85' lang='grc' dir='ltr'><strong><em>Ἀχαιοί,</em></strong></span> 
     </span>
     <span class='ocr_line' id='line_1_10' title="bbox 612 1282 2490 1370; baseline -0.002 -19"><span class='ocrx_word' id='word_1_58' title='bbox 612 1285 1009 1352; x_wconf 82' lang='grc' dir='ltr'><strong><em>Καππαδόκαι</em></strong></span> <span class='ocrx_word' id='word_1_59' title='bbox 1055 1313 1114 1351; x_wconf 89' lang='grc' dir='ltr'><strong>τε</strong></span> <span class='ocrx_word' id='word_1_60' title='bbox 1159 1289 1358 1352; x_wconf 82' lang='grc' dir='ltr'><strong><em>κλυτοὶ</em></strong></span> <span class='ocrx_word' id='word_1_61' title='bbox 1407 1286 1645 1370; x_wconf 83' lang='grc' dir='ltr'><strong><em>Ταύρου</em></strong></span> <span class='ocrx_word' id='word_1_62' title='bbox 1689 1282 2154 1369; x_wconf 86' lang='grc' dir='ltr'><strong><em>προπαροιθε</em></strong></span> <span class='ocrx_word' id='word_1_63' title='bbox 2200 1287 2490 1366; x_wconf 82' lang='grc' dir='ltr'><strong><em>νέμονται.</em></strong></span> 
     </span>
    </p>
   </div>
   <div class='ocr_carea' id='block_1_6' title="bbox 354 1423 2683 1676">
    <p class='ocr_par' dir='ltr' id='par_1_6' title="bbox 354 1423 2680 1676">
     <span class='ocr_line' id='line_1_11' title="bbox 354 1423 2680 1506; baseline -0.001 -17"><span class='ocrx_word' id='word_1_64' title='bbox 354 1431 448 1489; x_wconf 89' lang='lat' dir='ltr'><strong>Ita</strong></span> <span class='ocrx_word' id='word_1_65' title='bbox 490 1431 541 1489; x_wconf 90' lang='lat' dir='ltr'><strong>si</strong></span> <span class='ocrx_word' id='word_1_66' title='bbox 585 1430 645 1488; x_wconf 87' lang='lat' dir='ltr'><strong>hi</strong></span> <span class='ocrx_word' id='word_1_67' title='bbox 693 1449 901 1489; x_wconf 81' lang='lat' dir='ltr'><strong>versus</strong></span> <span class='ocrx_word' id='word_1_68' title='bbox 934 1430 1261 1506; x_wconf 84' lang='lat' dir='ltr'><strong>leguntur</strong></span> <span class='ocrx_word' id='word_1_69' title='bbox 1246 1430 1663 1490; x_wconf 81' lang='lat' dir='ltr'><strong>inconcinnum</strong></span> <span class='ocrx_word' id='word_1_70' title='bbox 1697 1432 1805 1505; x_wconf 90' lang='lat' dir='ltr'><strong>est,</strong></span> <span class='ocrx_word' id='word_1_71' title='bbox 1850 1427 2012 1504; x_wconf 88' lang='lat' dir='ltr'><strong>quod</strong></span> <span class='ocrx_word' id='word_1_72' title='bbox 2044 1423 2319 1502; x_wconf 83' lang='grc' dir='ltr'><strong><em>νέμονται</em></strong></span> <span class='ocrx_word' id='word_1_73' title='bbox 2348 1428 2425 1487; x_wconf 85' lang='lat' dir='ltr'><strong>ad</strong></span> <span class='ocrx_word' id='word_1_74' title='bbox 2456 1446 2680 1503; x_wconf 78' lang='lat' dir='ltr'><strong>omneS,</strong></span> 
     </span>
     <span class='ocr_line' id='line_1_12' title="bbox 355 1505 2683 1591; baseline -0.001 -18"><span class='ocrx_word' id='word_1_75' title='bbox 355 1516 455 1590; x_wconf 88' lang='lat' dir='ltr'><strong>qui</strong></span> <span class='ocrx_word' id='word_1_76' title='bbox 501 1516 815 1574; x_wconf 89' lang='lat' dir='ltr'><strong>memorati</strong></span> <span class='ocrx_word' id='word_1_77' title='bbox 858 1519 1018 1591; x_wconf 89' lang='lat' dir='ltr'><strong>sunt,</strong></span> <span class='ocrx_word' id='word_1_78' title='bbox 1063 1534 1264 1591; x_wconf 80' lang='lat' dir='ltr'><strong>equoS,</strong></span> <span class='ocrx_word' id='word_1_79' title='bbox 1311 1515 1412 1575; x_wconf 88' lang='lat' dir='ltr'><strong>sed</strong></span> <span class='ocrx_word' id='word_1_80' title='bbox 1449 1505 1692 1589; x_wconf 81' lang='grc' dir='ltr'><strong><em>Ταύρου</em></strong></span> <span class='ocrx_word' id='word_1_81' title='bbox 1735 1506 2109 1589; x_wconf 74' lang='grc' dir='ltr'><strong><em>προπάροιθε</em></strong></span> <span class='ocrx_word' id='word_1_82' title='bbox 2152 1512 2229 1572; x_wconf 87' lang='lat' dir='ltr'><strong>ad</strong></span> <span class='ocrx_word' id='word_1_83' title='bbox 2272 1512 2429 1573; x_wconf 83' lang='lat' dir='ltr'><strong>solos</strong></span> <span class='ocrx_word' id='word_1_84' title='bbox 2462 1511 2683 1589; x_wconf 84' lang='lat' dir='ltr'><strong>Cappa·</strong></span> 
     </span>
     <span class='ocr_line' id='line_1_13' title="bbox 356 1598 1924 1676; baseline 0 -19"><span class='ocrx_word' id='word_1_85' title='bbox 356 1599 532 1660; x_wconf 88' lang='lat' dir='ltr'><strong>doces</strong></span> <span class='ocrx_word' id='word_1_86' title='bbox 581 1600 858 1676; x_wconf 87' lang='lat' dir='ltr'><strong>pertinet.</strong></span> <span class='ocrx_word' id='word_1_87' title='bbox 948 1598 1255 1676; x_wconf 80' lang='lat' dir='ltr'><strong>Oppianus</strong></span> <span class='ocrx_word' id='word_1_88' title='bbox 1300 1599 1563 1675; x_wconf 85' lang='lat' dir='ltr'><strong>dederat,</strong></span> <span class='ocrx_word' id='word_1_89' title='bbox 1608 1599 1672 1658; x_wconf 88' lang='lat' dir='ltr'><strong>ni</strong></span> <span class='ocrx_word' id='word_1_90' title='bbox 1715 1599 1924 1658; x_wconf 85' lang='lat' dir='ltr'><strong>fallor:</strong></span> 
     </span>
    </p>
   </div>
   <div class='ocr_carea' id='block_1_7' title="bbox 354 1709 2536 1915">
    <p class='ocr_par' dir='ltr' id='par_1_7' title="bbox 354 1709 2536 1915">
     <span class='ocr_line' id='line_1_14' title="bbox 603 1709 2536 1794; baseline -0.001 -17"><span class='ocrx_word' id='word_1_91' title='bbox 603 1709 1005 1778; x_wconf 80' lang='grc' dir='ltr'><strong><em>Καππαδόκαι</em></strong></span> <span class='ocrx_word' id='word_1_92' title='bbox 1047 1738 1106 1778; x_wconf 89' lang='grc' dir='ltr'><strong>τε</strong></span> <span class='ocrx_word' id='word_1_93' title='bbox 1151 1716 1370 1794; x_wconf 85' lang='grc' dir='ltr'><strong><em>κλυτοί,</em></strong></span> <span class='ocrx_word' id='word_1_94' title='bbox 1416 1713 1662 1794; x_wconf 82' lang='grc' dir='ltr'><strong><em>Ταύρου</em></strong></span> <span class='ocrx_word' id='word_1_95' title='bbox 1706 1713 1997 1794; x_wconf 88' lang='grc' dir='ltr'><strong><em>πρόπαρ</em></strong></span> <span class='ocrx_word' id='word_1_96' title='bbox 2043 1713 2199 1775; x_wconf 78' lang='grc' dir='ltr'><strong><em>οἵτε</em></strong></span> <span class='ocrx_word' id='word_1_97' title='bbox 2244 1712 2536 1792; x_wconf 83' lang='grc' dir='ltr'><strong><em>νέμονται.</em></strong></span> 
     </span>
     <span class='ocr_line' id='line_1_15' title="bbox 354 1837 840 1915; baseline -0.006 -17"><span class='ocrx_word' id='word_1_98' title='bbox 354 1837 443 1898; x_wconf 80' lang='lat' dir='ltr'><strong>Cf.</strong></span> <span class='ocrx_word' id='word_1_99' title='bbox 491 1857 548 1898; x_wconf 85' lang='lat' dir='ltr'><strong>v.</strong></span> <span class='ocrx_word' id='word_1_100' title='bbox 598 1839 719 1898; x_wconf 81' lang='lat'><strong>272</strong></span> <span class='ocrx_word' id='word_1_101' title='bbox 752 1858 840 1915; x_wconf 90' lang='lat' dir='ltr'><strong>sq.</strong></span> 
     </span>
    </p>
   </div>
   <div class='ocr_carea' id='block_1_8' title="bbox 605 1948 2076 2120">
    <p class='ocr_par' dir='ltr' id='par_1_8' title="bbox 605 1948 2076 2120">
     <span class='ocr_line' id='line_1_16' title="bbox 605 1948 2076 2034; baseline -0.001 -19"><span class='ocrx_word' id='word_1_102' title='bbox 605 1948 895 2015; x_wconf 75' lang='grc' dir='ltr'><strong><em>ὠκύταται</em></strong></span> <span class='ocrx_word' id='word_1_103' title='bbox 941 1954 1203 2032; x_wconf 79' lang='grc' dir='ltr'><strong><em>Σικελοί,</em></strong></span> <span class='ocrx_word' id='word_1_104' title='bbox 1249 1949 1593 2034; x_wconf 81' lang='grc' dir='ltr'><strong><em>Λιλυβήιον</em></strong></span> <span class='ocrx_word' id='word_1_105' title='bbox 1636 1952 1756 2015; x_wconf 78' lang='grc' dir='ltr'><strong><em>οἵτε</em></strong></span> <span class='ocrx_word' id='word_1_106' title='bbox 1802 1950 2076 2033; x_wconf 80' lang='grc' dir='ltr'><strong><em>νέμονται</em></strong></span> 
     </span>
     <span class='ocr_line' id='line_1_17' title="bbox 606 2035 1311 2120; baseline 0.003 -21"><span class='ocrx_word' id='word_1_107' title='bbox 606 2038 706 2099; x_wconf 75' lang='grc' dir='ltr'><strong>καὶ</strong></span> <span class='ocrx_word' id='word_1_108' title='bbox 754 2035 1110 2120; x_wconf 74' lang='grc' dir='ltr'><strong><em>τρικάρηνον</em></strong></span> <span class='ocrx_word' id='word_1_109' title='bbox 1152 2038 1311 2119; x_wconf 82' lang='grc' dir='ltr'><strong><em>ὄρος.</em></strong></span> 
     </span>
    </p>
   </div>
   <div class='ocr_carea' id='block_1_9' title="bbox 525 2160 935 2238">
    <p class='ocr_par' dir='ltr' id='par_1_9' title="bbox 525 2160 935 2238">
     <span class='ocr_line' id='line_1_18' title="bbox 525 2160 935 2238; baseline 0.008 -20"><span class='ocrx_word' id='word_1_110' title='bbox 525 2160 600 2221; x_wconf 88' lang='lat' dir='ltr'><strong>V.</strong></span> <span class='ocrx_word' id='word_1_111' title='bbox 649 2162 769 2221; x_wconf 83' lang='lat'><strong>213</strong></span> <span class='ocrx_word' id='word_1_112' title='bbox 801 2181 935 2238; x_wconf 87' lang='lat' dir='ltr'><strong>sqq.</strong></span> 
     </span>
    </p>
   </div>
   <div class='ocr_carea' id='block_1_10' title="bbox 603 2265 2227 2704">
    <p class='ocr_par' dir='ltr' id='par_1_10' title="bbox 603 2265 2227 2612">
     <span class='ocr_line' id='line_1_19' title="bbox 605 2265 2227 2382; baseline -0.002 -46"><span class='ocrx_word' id='word_1_113' title='bbox 605 2277 874 2338; x_wconf 63' lang='lat' dir='ltr'><strong>nouam</strong></span> <span class='ocrx_word' id='word_1_114' title='bbox 917 2301 1018 2338; x_wconf 82' lang='grc' dir='ltr'><strong>και</strong></span> <span class='ocrx_word' id='word_1_115' title='bbox 1063 2278 1246 2356; x_wconf 83' lang='grc' dir='ltr'><strong><em>δηίων</em></strong></span> <span class='ocrx_word' id='word_1_116' title='bbox 1288 2265 1532 2382; x_wconf 80' lang='grc' dir='ltr'><strong><em>ανδρῶν</em></strong></span> <span class='ocrx_word' id='word_1_117' title='bbox 1577 2272 1936 2338; x_wconf 73' lang='grc' dir='ltr'><strong><em>ἕπελάσσατο</em></strong></span> <span class='ocrx_word' id='word_1_118' title='bbox 1978 2270 2227 2353; x_wconf 77' lang='grc' dir='ltr'><strong><em>πύργοις</em></strong></span> 
     </span>
     <span class='ocr_line' id='line_1_20' title="bbox 603 2354 2182 2465; baseline -0.003 -42"><span class='ocrx_word' id='word_1_119' title='bbox 603 2356 819 2465; x_wconf 82' lang='grc' dir='ltr'><strong><em>ἤρεμος</em></strong></span> <span class='ocrx_word' id='word_1_120' title='bbox 862 2359 1264 2424; x_wconf 79' lang='grc' dir='ltr'><strong><em>ἀσπιδόεσσαν</em></strong></span> <span class='ocrx_word' id='word_1_121' title='bbox 1305 2357 1663 2442; x_wconf 78' lang='grc' dir='ltr'><strong><em>ὑπόπτερον,</em></strong></span> <span class='ocrx_word' id='word_1_122' title='bbox 1710 2354 1840 2423; x_wconf 82' lang='grc' dir='ltr'><strong><em>εὖτε</em></strong></span> <span class='ocrx_word' id='word_1_123' title='bbox 1884 2363 2182 2460; x_wconf 83' lang='grc' dir='ltr'><strong><em>βροτοῖσιν</em></strong></span> 
     </span>
     <span class='ocr_line' id='line_1_21' title="bbox 604 2436 2215 2554; baseline -0.001 -47"><span class='ocrx_word' id='word_1_124' title='bbox 604 2442 783 2522; x_wconf 77' lang='grc' dir='ltr'><strong><em>ἀσπὶς</em></strong></span> <span class='ocrx_word' id='word_1_125' title='bbox 804 2444 983 2554; x_wconf 77' lang='grc' dir='ltr'><strong><em>ὑπὲρ</em></strong></span> <span class='ocrx_word' id='word_1_126' title='bbox 1025 2449 1290 2525; x_wconf 84' lang='grc' dir='ltr'><strong><em>κεφαλῆς</em></strong></span> <span class='ocrx_word' id='word_1_127' title='bbox 1334 2444 1677 2525; x_wconf 76' lang='grc' dir='ltr'><strong><em>ἐπικάρσιον</em></strong></span> <span class='ocrx_word' id='word_1_128' title='bbox 1719 2436 1925 2506; x_wconf 73' lang='grc' dir='ltr'><strong><em>ἀσπίδ’</em></strong></span> <span class='ocrx_word' id='word_1_129' title='bbox 1974 2442 2215 2525; x_wconf 73' lang='grc' dir='ltr'><strong><em>ἐρείδει·</em></strong></span> 
     </span>
     <span class='ocr_line' id='line_1_22' title="bbox 603 2523 2050 2612; baseline -0.003 -17"><span class='ocrx_word' id='word_1_130' title='bbox 603 2527 820 2596; x_wconf 84' lang='grc' dir='ltr'><strong><em>ὁππότ’</em></strong></span> <span class='ocrx_word' id='word_1_131' title='bbox 867 2530 1158 2596; x_wconf 81' lang='grc' dir='ltr'><strong><em>ἐέλδονται</em></strong></span> <span class='ocrx_word' id='word_1_132' title='bbox 1205 2533 1390 2612; x_wconf 85' lang='grc' dir='ltr'><strong><em>δηίων</em></strong></span> <span class='ocrx_word' id='word_1_133' title='bbox 1433 2532 1620 2594; x_wconf 80' lang='grc' dir='ltr'><strong><em>πόλιν</em></strong></span> <span class='ocrx_word' id='word_1_134' title='bbox 1664 2523 2050 2610; x_wconf 78' lang='grc' dir='ltr'><strong><em>ἕξαλαπαξαι,</em></strong></span> 
     </span>
    </p>

    <p class='ocr_par' dir='ltr' id='par_1_11' title="bbox 603 2611 2162 2704">
     <span class='ocr_line' id='line_1_23' title="bbox 603 2611 2162 2704; baseline -0.002 -24"><span class='ocrx_word' id='word_1_135' title='bbox 603 2619 703 2681; x_wconf 79' lang='grc' dir='ltr'><strong>καὶ</strong></span> <span class='ocrx_word' id='word_1_136' title='bbox 745 2619 955 2681; x_wconf 83' lang='grc' dir='ltr'><strong><em>πεδίον</em></strong></span> <span class='ocrx_word' id='word_1_137' title='bbox 997 2618 1268 2698; x_wconf 77' lang='grc' dir='ltr'><strong><em>τεύχουσι</em></strong></span> <span class='ocrx_word' id='word_1_138' title='bbox 1309 2619 1620 2704; x_wconf 80' lang='grc' dir='ltr'><strong><em>μετῄορον,</em></strong></span> <span class='ocrx_word' id='word_1_139' title='bbox 1666 2611 2008 2697; x_wconf 77' lang='grc' dir='ltr'><strong><em>ἑπταβόειον</em></strong></span> <span class='ocrx_word' id='word_1_140' title='bbox 2051 2622 2162 2677; x_wconf 89' lang='lat' dir='ltr'><strong>etc.</strong></span> 
     </span>
    </p>
   </div>
   <div class='ocr_carea' id='block_1_11' title="bbox 346 2756 2773 4534">
    <p class='ocr_par' dir='ltr' id='par_1_12' title="bbox 346 2756 2773 4534">
     <span class='ocr_line' id='line_1_24' title="bbox 350 2756 2685 2835; baseline -0.001 -18"><span class='ocrx_word' id='word_1_141' title='bbox 350 2758 659 2834; x_wconf 86' lang='lat' dir='ltr'><strong>Adscripsi</strong></span> <span class='ocrx_word' id='word_1_142' title='bbox 713 2759 854 2818; x_wconf 87' lang='lat' dir='ltr'><strong>haec</strong></span> <span class='ocrx_word' id='word_1_143' title='bbox 910 2760 1137 2835; x_wconf 88' lang='lat' dir='ltr'><strong>omnia,</strong></span> <span class='ocrx_word' id='word_1_144' title='bbox 1184 2761 1280 2834; x_wconf 87' lang='lat' dir='ltr'><strong>ut,</strong></span> <span class='ocrx_word' id='word_1_145' title='bbox 1327 2778 1478 2835; x_wconf 83' lang='lat' dir='ltr'><strong>quae</strong></span> <span class='ocrx_word' id='word_1_146' title='bbox 1520 2759 1604 2817; x_wconf 90' lang='lat' dir='ltr'><strong>sit</strong></span> <span class='ocrx_word' id='word_1_147' title='bbox 1648 2756 1956 2831; x_wconf 90' lang='lat' dir='ltr'><strong>scriptoris</strong></span> <span class='ocrx_word' id='word_1_148' title='bbox 2002 2774 2199 2830; x_wconf 90' lang='lat' dir='ltr'><strong>mens,</strong></span> <span class='ocrx_word' id='word_1_149' title='bbox 2258 2756 2464 2813; x_wconf 89' lang='lat' dir='ltr'><strong>statim</strong></span> <span class='ocrx_word' id='word_1_150' title='bbox 2506 2775 2685 2833; x_wconf 83' lang='lat' dir='ltr'><strong>appa-</strong></span> 
     </span>
     <span class='ocr_line' id='line_1_25' title="bbox 350 2840 2684 2919; baseline 0 -18"><span class='ocrx_word' id='word_1_151' title='bbox 350 2846 527 2901; x_wconf 88' lang='lat' dir='ltr'><strong>reret.</strong></span> <span class='ocrx_word' id='word_1_152' title='bbox 617 2844 1053 2903; x_wconf 82' lang='lat' dir='ltr'><strong>Describuntur</strong></span> <span class='ocrx_word' id='word_1_153' title='bbox 1107 2844 1361 2919; x_wconf 88' lang='lat' dir='ltr'><strong>milites,</strong></span> <span class='ocrx_word' id='word_1_154' title='bbox 1420 2844 1525 2919; x_wconf 92' lang='lat' dir='ltr'><strong>qui</strong></span> <span class='ocrx_word' id='word_1_155' title='bbox 1570 2841 1872 2903; x_wconf 86' lang='lat' dir='ltr'><strong>testudine</strong></span> <span class='ocrx_word' id='word_1_156' title='bbox 1916 2860 1986 2899; x_wconf 81' lang='lat' dir='ltr'><strong>ex</strong></span> <span class='ocrx_word' id='word_1_157' title='bbox 2031 2840 2239 2914; x_wconf 89' lang='lat' dir='ltr'><strong>clipeis</strong></span> <span class='ocrx_word' id='word_1_158' title='bbox 2283 2840 2439 2900; x_wconf 84' lang='lat' dir='ltr'><strong>facta</strong></span> <span class='ocrx_word' id='word_1_159' title='bbox 2483 2861 2684 2901; x_wconf 85' lang='lat' dir='ltr'><strong>muros</strong></span> 
     </span>
     <span class='ocr_line' id='line_1_26' title="bbox 350 2924 2680 3005; baseline -0 -20"><span class='ocrx_word' id='word_1_160' title='bbox 350 2927 586 2987; x_wconf 88' lang='lat' dir='ltr'><strong>hostilis</strong></span> <span class='ocrx_word' id='word_1_161' title='bbox 646 2928 811 2987; x_wconf 87' lang='lat' dir='ltr'><strong>urbis</strong></span> <span class='ocrx_word' id='word_1_162' title='bbox 866 2929 1329 3005; x_wconf 82' lang='lat' dir='ltr'><strong>aggrediuntur,</strong></span> <span class='ocrx_word' id='word_1_163' title='bbox 1398 2928 1487 2987; x_wconf 86' lang='lat' dir='ltr'><strong>uti</strong></span> <span class='ocrx_word' id='word_1_164' title='bbox 1540 2947 1668 2986; x_wconf 90' lang='lat' dir='ltr'><strong>rem</strong></span> <span class='ocrx_word' id='word_1_165' title='bbox 1723 2925 2040 3001; x_wconf 85' lang='lat' dir='ltr'><strong>descripsit</strong></span> <span class='ocrx_word' id='word_1_166' title='bbox 2096 2925 2353 2995; x_wconf 83' lang='lat' dir='ltr'><strong>Quintus</strong></span> <span class='ocrx_word' id='word_1_167' title='bbox 2411 2924 2530 2984; x_wconf 89' lang='lat' dir='ltr'><strong>Sm.</strong></span> <span class='ocrx_word' id='word_1_168' title='bbox 2579 2927 2680 3001; x_wconf 90' lang='lat' dir='ltr'><strong>XI,</strong></span> 
     </span>
     <span class='ocr_line' id='line_1_27' title="bbox 353 3010 2684 3090; baseline 0 -20"><span class='ocrx_word' id='word_1_169' title='bbox 353 3014 475 3072; x_wconf 85' lang='lat'><strong>358</strong></span> <span class='ocrx_word' id='word_1_170' title='bbox 506 3031 639 3088; x_wconf 88' lang='lat' dir='ltr'><strong>sqq.</strong></span> <span class='ocrx_word' id='word_1_171' title='bbox 729 3013 952 3072; x_wconf 87' lang='lat' dir='ltr'><strong>Milites</strong></span> <span class='ocrx_word' id='word_1_172' title='bbox 1007 3016 1233 3088; x_wconf 89' lang='lat' dir='ltr'><strong>autem,</strong></span> <span class='ocrx_word' id='word_1_173' title='bbox 1296 3014 1398 3090; x_wconf 90' lang='lat' dir='ltr'><strong>qui</strong></span> <span class='ocrx_word' id='word_1_174' title='bbox 1454 3013 1621 3088; x_wconf 90' lang='lat' dir='ltr'><strong>equis</strong></span> <span class='ocrx_word' id='word_1_175' title='bbox 1674 3010 2002 3071; x_wconf 87' lang='lat' dir='ltr'><strong>insidentes</strong></span> <span class='ocrx_word' id='word_1_176' title='bbox 2057 3010 2121 3068; x_wconf 89' lang='lat' dir='ltr'><strong>in</strong></span> <span class='ocrx_word' id='word_1_177' title='bbox 2177 3027 2376 3068; x_wconf 88' lang='lat' dir='ltr'><strong>muros</strong></span> <span class='ocrx_word' id='word_1_178' title='bbox 2433 3010 2684 3070; x_wconf 85' lang='lat' dir='ltr'><strong>evadere</strong></span> 
     </span>
     <span class='ocr_line' id='line_1_28' title="bbox 349 3095 2682 3174; baseline -0.001 -17"><span class='ocrx_word' id='word_1_179' title='bbox 349 3097 614 3174; x_wconf 81' lang='lat' dir='ltr'><strong>student,</strong></span> <span class='ocrx_word' id='word_1_180' title='bbox 662 3117 761 3157; x_wconf 87' lang='lat' dir='ltr'><strong>eos</strong></span> <span class='ocrx_word' id='word_1_181' title='bbox 805 3102 1267 3158; x_wconf 85' lang='lat' dir='ltr'><strong>consentaneum</strong></span> <span class='ocrx_word' id='word_1_182' title='bbox 1313 3102 1406 3158; x_wconf 86' lang='lat' dir='ltr'><strong>est</strong></span> <span class='ocrx_word' id='word_1_183' title='bbox 1450 3116 1629 3173; x_wconf 87' lang='lat' dir='ltr'><strong>supra</strong></span> <span class='ocrx_word' id='word_1_184' title='bbox 1672 3095 1822 3154; x_wconf 90' lang='lat' dir='ltr'><strong>illud</strong></span> <span class='ocrx_word' id='word_1_185' title='bbox 1864 3096 2188 3171; x_wconf 90' lang='lat' dir='ltr'><strong>clipeorum</strong></span> <span class='ocrx_word' id='word_1_186' title='bbox 2229 3098 2452 3154; x_wconf 88' lang='lat' dir='ltr'><strong>tectum</strong></span> <span class='ocrx_word' id='word_1_187' title='bbox 2482 3114 2682 3154; x_wconf 81' lang='lat' dir='ltr'><strong>ascen-</strong></span> 
     </span>
     <span class='ocr_line' id='line_1_29' title="bbox 354 3143 2685 3256; baseline -0 -16"><span class='ocrx_word' id='word_1_188' title='bbox 354 3182 532 3242; x_wconf 88' lang='lat' dir='ltr'><strong>disse.</strong></span> <span class='ocrx_word' id='word_1_189' title='bbox 600 3143 733 3242; x_wconf 64' lang='lat' dir='ltr'><strong>’1am</strong></span> <span class='ocrx_word' id='word_1_190' title='bbox 779 3182 854 3241; x_wconf 92' lang='lat' dir='ltr'><strong>ad</strong></span> <span class='ocrx_word' id='word_1_191' title='bbox 899 3183 1331 3242; x_wconf 87' lang='lat' dir='ltr'><strong>emendandum</strong></span> <span class='ocrx_word' id='word_1_192' title='bbox 1374 3201 1614 3242; x_wconf 84' lang='lat' dir='ltr'><strong>versum</strong></span> <span class='ocrx_word' id='word_1_193' title='bbox 1660 3182 1781 3239; x_wconf 80' lang='lat'><strong>214</strong></span> <span class='ocrx_word' id='word_1_194' title='bbox 1823 3179 2188 3255; x_wconf 86' lang='lat' dir='ltr'><strong>accedamus,</strong></span> <span class='ocrx_word' id='word_1_195' title='bbox 2238 3199 2415 3255; x_wconf 87' lang='lat' dir='ltr'><strong>quem</strong></span> <span class='ocrx_word' id='word_1_196' title='bbox 2445 3199 2685 3256; x_wconf 89' lang='lat' dir='ltr'><strong>corrup-</strong></span> 
     </span>
     <span class='ocr_line' id='line_1_30' title="bbox 351 3265 2684 3364; baseline -0.001 -38"><span class='ocrx_word' id='word_1_197' title='bbox 351 3273 476 3326; x_wconf 91' lang='lat' dir='ltr'><strong>tum</strong></span> <span class='ocrx_word' id='word_1_198' title='bbox 531 3286 659 3327; x_wconf 84' lang='lat' dir='ltr'><strong>esse</strong></span> <span class='ocrx_word' id='word_1_199' title='bbox 717 3269 836 3327; x_wconf 85' lang='lat' dir='ltr'><strong>iam</strong></span> <span class='ocrx_word' id='word_1_200' title='bbox 883 3267 1033 3332; x_wconf 83' lang='grc' dir='ltr'><strong><em>οΙιιιι</em></strong></span> <span class='ocrx_word' id='word_1_201' title='bbox 1092 3268 1283 3328; x_wconf 89' lang='lat' dir='ltr'><strong>critici</strong></span> <span class='ocrx_word' id='word_1_202' title='bbox 1335 3271 1716 3364; x_wconf 85' lang='lat' dir='ltr'><strong>putaverunt.</strong></span> <span class='ocrx_word' id='word_1_203' title='bbox 1820 3265 1935 3325; x_wconf 87' lang='lat' dir='ltr'><strong>Sed</strong></span> <span class='ocrx_word' id='word_1_204' title='bbox 1991 3265 2276 3326; x_wconf 86' lang='lat' dir='ltr'><strong>alucinati</strong></span> <span class='ocrx_word' id='word_1_205' title='bbox 2333 3268 2503 3339; x_wconf 87' lang='lat' dir='ltr'><strong>sunt,</strong></span> <span class='ocrx_word' id='word_1_206' title='bbox 2576 3285 2684 3324; x_wconf 89' lang='lat' dir='ltr'><strong>nec</strong></span> 
     </span>
     <span class='ocr_line' id='line_1_31' title="bbox 353 3310 2685 3429; baseline -0.001 -19"><span class='ocrx_word' id='word_1_207' title='bbox 353 3353 674 3428; x_wconf 83' lang='lat' dir='ltr'><strong>quicquam</strong></span> <span class='ocrx_word' id='word_1_208' title='bbox 735 3352 1146 3429; x_wconf 81' lang='lat' dir='ltr'><strong>profecerunt,</strong></span> <span class='ocrx_word' id='word_1_209' title='bbox 1204 3353 1307 3429; x_wconf 89' lang='lat' dir='ltr'><strong>qui</strong></span> <span class='ocrx_word' id='word_1_210' title='bbox 1363 3371 1470 3427; x_wconf 90' lang='lat' dir='ltr'><strong>pro</strong></span> <span class='ocrx_word' id='word_1_211' title='bbox 1526 3343 1928 3409; x_wconf 88' lang='grc' dir='ltr'><strong><em>ασπιδόεσσαν</em></strong></span> <span class='ocrx_word' id='word_1_212' title='bbox 1972 3351 2077 3408; x_wconf 86' lang='lat' dir='ltr'><strong>aut</strong></span> <span class='ocrx_word' id='word_1_213' title='bbox 2120 3310 2536 3425; x_wconf 82' lang='grc' dir='ltr'><strong><em>ὀμφαλόεσσαν</em></strong></span> <span class='ocrx_word' id='word_1_214' title='bbox 2581 3354 2685 3408; x_wconf 89' lang='lat' dir='ltr'><strong>aut</strong></span> 
     </span>
     <span class='ocr_line' id='line_1_32' title="bbox 346 3429 2683 3529; baseline -0.001 -35"><span class='ocrx_word' id='word_1_215' title='bbox 346 3430 735 3514; x_wconf 90' lang='grc' dir='ltr'><strong><em>αστερόεσσαν</em></strong></span> <span class='ocrx_word' id='word_1_216' title='bbox 774 3441 880 3496; x_wconf 89' lang='lat' dir='ltr'><strong>aut</strong></span> <span class='ocrx_word' id='word_1_217' title='bbox 917 3433 1278 3529; x_wconf 80' lang='grc' dir='ltr'><strong><em>αἰγλήεσσαν</em></strong></span> <span class='ocrx_word' id='word_1_218' title='bbox 1323 3429 1706 3512; x_wconf 70' lang='lat' dir='ltr'><strong>scripserunt.</strong></span> <span class='ocrx_word' id='word_1_219' title='bbox 1780 3435 1988 3494; x_wconf 90' lang='lat' dir='ltr'><strong>Potius</strong></span> <span class='ocrx_word' id='word_1_220' title='bbox 2018 3434 2233 3493; x_wconf 85' lang='lat' dir='ltr'><strong>vitium</strong></span> <span class='ocrx_word' id='word_1_221' title='bbox 2279 3435 2683 3510; x_wconf 85' lang='lat' dir='ltr'><strong>quaerendum</strong></span> 
     </span>
     <span class='ocr_line' id='line_1_33' title="bbox 351 3510 2682 3619; baseline -0.002 -38"><span class='ocrx_word' id='word_1_222' title='bbox 351 3541 478 3582; x_wconf 89' lang='lat' dir='ltr'><strong>esse</strong></span> <span class='ocrx_word' id='word_1_223' title='bbox 521 3522 584 3580; x_wconf 89' lang='lat' dir='ltr'><strong>in</strong></span> <span class='ocrx_word' id='word_1_224' title='bbox 627 3540 770 3582; x_wconf 85' lang='lat' dir='ltr'><strong>voce</strong></span> <span class='ocrx_word' id='word_1_225' title='bbox 814 3510 1181 3619; x_wconf 76' lang='grc' dir='ltr'><strong><em>ὑπόπτερον,</em></strong></span> <span class='ocrx_word' id='word_1_226' title='bbox 1241 3526 1400 3581; x_wconf 89' lang='lat' dir='ltr'><strong>recte</strong></span> <span class='ocrx_word' id='word_1_227' title='bbox 1444 3522 1741 3582; x_wconf 84' lang='lat' dir='ltr'><strong>intellexit</strong></span> <span class='ocrx_word' id='word_1_228' title='bbox 1782 3521 2032 3579; x_wconf 75' lang='lat' dir='ltr'><strong>Belinus</strong></span> <span class='ocrx_word' id='word_1_229' title='bbox 2076 3519 2320 3590; x_wconf 67' lang='lat' dir='ltr'><strong>Banna,-</strong></span> <span class='ocrx_word' id='word_1_230' title='bbox 2378 3519 2537 3594; x_wconf 88' lang='lat' dir='ltr'><strong>quod</strong></span> <span class='ocrx_word' id='word_1_231' title='bbox 2582 3519 2682 3577; x_wconf 90' lang='lat' dir='ltr'><strong>ad-</strong></span> 
     </span>
     <span class='ocr_line' id='line_1_34' title="bbox 347 3596 2773 3683; baseline -0.003 -18"><span class='ocrx_word' id='word_1_232' title='bbox 347 3607 630 3667; x_wconf 85' lang='lat' dir='ltr'><strong>iectivum</strong></span> <span class='ocrx_word' id='word_1_233' title='bbox 674 3608 778 3683; x_wconf 91' lang='lat' dir='ltr'><strong>qui</strong></span> <span class='ocrx_word' id='word_1_234' title='bbox 823 3625 956 3669; x_wconf 87' lang='lat' dir='ltr'><strong>cum</strong></span> <span class='ocrx_word' id='word_1_235' title='bbox 1000 3596 1223 3664; x_wconf 75' lang='grc' dir='ltr'><strong><em>ἀσπίδα</em></strong></span> <span class='ocrx_word' id='word_1_236' title='bbox 1267 3607 1657 3682; x_wconf 82' lang='lat' dir='ltr'><strong>coniunxerit,</strong></span> <span class='ocrx_word' id='word_1_237' title='bbox 1702 3623 1929 3666; x_wconf 89' lang='lat' dir='ltr'><strong>memor</strong></span> <span class='ocrx_word' id='word_1_238' title='bbox 1958 3604 2307 3663; x_wconf 86' lang='lat' dir='ltr'><strong>Homericae</strong></span> <span class='ocrx_word' id='word_1_239' title='bbox 2354 3602 2663 3662; x_wconf 89' lang='lat' dir='ltr'><strong>dictionis:</strong></span> <span class='ocrx_word' id='word_1_240' title='bbox 2708 3610 2773 3658; x_wconf 86' lang='grc'><strong>37</strong></span> 
     </span>
     <span class='ocr_line' id='line_1_35' title="bbox 356 3686 2684 3769; baseline -0 -21"><span class='ocrx_word' id='word_1_241' title='bbox 356 3688 592 3766; x_wconf 81' lang='grc' dir='ltr'><strong><em>λαισήια</em></strong></span> <span class='ocrx_word' id='word_1_242' title='bbox 637 3686 979 3769; x_wconf 85' lang='grc' dir='ltr'><strong><em>πτερόεντα;</em></strong></span> <span class='ocrx_word' id='word_1_243' title='bbox 1025 3693 1076 3753; x_wconf 90' lang='lat' dir='ltr'><strong>is</strong></span> <span class='ocrx_word' id='word_1_244' title='bbox 1120 3691 1419 3768; x_wconf 91' lang='lat' dir='ltr'><strong>quomodo</strong></span> <span class='ocrx_word' id='word_1_245' title='bbox 1464 3691 1715 3751; x_wconf 82' lang='lat' dir='ltr'><strong>refutari</strong></span> <span class='ocrx_word' id='word_1_246' title='bbox 1758 3690 1968 3766; x_wconf 87' lang='lat' dir='ltr'><strong>possit,</strong></span> <span class='ocrx_word' id='word_1_247' title='bbox 2015 3688 2170 3746; x_wconf 88' lang='lat' dir='ltr'><strong>haud</strong></span> <span class='ocrx_word' id='word_1_248' title='bbox 2216 3688 2529 3748; x_wconf 87' lang='lat' dir='ltr'><strong>obscurum</strong></span> <span class='ocrx_word' id='word_1_249' title='bbox 2573 3692 2684 3747; x_wconf 90' lang='lat' dir='ltr'><strong>est.</strong></span> 
     </span>
     <span class='ocr_line' id='line_1_36' title="bbox 351 3763 2687 3854; baseline -0.002 -19"><span class='ocrx_word' id='word_1_250' title='bbox 351 3777 638 3853; x_wconf 87' lang='lat' dir='ltr'><strong>Imperite</strong></span> <span class='ocrx_word' id='word_1_251' title='bbox 683 3781 880 3837; x_wconf 88' lang='lat' dir='ltr'><strong>autem</strong></span> <span class='ocrx_word' id='word_1_252' title='bbox 930 3782 991 3836; x_wconf 89' lang='lat' dir='ltr'><strong>et</strong></span> <span class='ocrx_word' id='word_1_253' title='bbox 1035 3777 1301 3837; x_wconf 87' lang='lat' dir='ltr'><strong>Gallicus</strong></span> <span class='ocrx_word' id='word_1_254' title='bbox 1344 3770 1467 3834; x_wconf 79' lang='grc' dir='ltr'><strong>ὑπὸ</strong></span> <span class='ocrx_word' id='word_1_255' title='bbox 1512 3769 1780 3854; x_wconf 76' lang='grc' dir='ltr'><strong><em>πτέρυγ’,</em></strong></span> <span class='ocrx_word' id='word_1_256' title='bbox 1826 3779 1887 3835; x_wconf 91' lang='lat' dir='ltr'><strong>et</strong></span> <span class='ocrx_word' id='word_1_257' title='bbox 1915 3774 2301 3833; x_wconf 71' lang='lat' dir='ltr'><strong>Schneider-us</strong></span> <span class='ocrx_word' id='word_1_258' title='bbox 2343 3763 2464 3831; x_wconf 75' lang='grc' dir='ltr'><strong>ὑπὸ</strong></span> <span class='ocrx_word' id='word_1_259' title='bbox 2509 3768 2687 3847; x_wconf 83' lang='grc' dir='ltr'><strong><em>χέλυν</em></strong></span> 
     </span>
     <span class='ocr_line' id='line_1_37' title="bbox 355 3857 2682 3936; baseline -0.002 -15"><span class='ocrx_word' id='word_1_260' title='bbox 355 3861 715 3922; x_wconf 88' lang='lat' dir='ltr'><strong>emendavit.</strong></span> <span class='ocrx_word' id='word_1_261' title='bbox 805 3862 990 3932; x_wconf 87' lang='lat' dir='ltr'><strong>Nam,</strong></span> <span class='ocrx_word' id='word_1_262' title='bbox 1034 3867 1105 3921; x_wconf 92' lang='lat' dir='ltr'><strong>ut</strong></span> <span class='ocrx_word' id='word_1_263' title='bbox 1148 3862 1262 3921; x_wconf 88' lang='lat' dir='ltr'><strong>alia</strong></span> <span class='ocrx_word' id='word_1_264' title='bbox 1305 3869 1563 3936; x_wconf 84' lang='lat' dir='ltr'><strong>taceam,</strong></span> <span class='ocrx_word' id='word_1_265' title='bbox 1623 3879 1844 3936; x_wconf 88' lang='lat' dir='ltr'><strong>equus,</strong></span> <span class='ocrx_word' id='word_1_266' title='bbox 1901 3859 2005 3934; x_wconf 90' lang='lat' dir='ltr'><strong>qui</strong></span> <span class='ocrx_word' id='word_1_267' title='bbox 2049 3860 2109 3916; x_wconf 92' lang='lat' dir='ltr'><strong>in</strong></span> <span class='ocrx_word' id='word_1_268' title='bbox 2153 3877 2355 3917; x_wconf 89' lang='lat' dir='ltr'><strong>muros</strong></span> <span class='ocrx_word' id='word_1_269' title='bbox 2400 3857 2682 3932; x_wconf 85' lang='lat' dir='ltr'><strong>ascendit,</strong></span> 
     </span>
     <span class='ocr_line' id='line_1_38' title="bbox 349 3942 2683 4022; baseline -0.003 -16"><span class='ocrx_word' id='word_1_270' title='bbox 349 3965 471 4006; x_wconf 89' lang='lat' dir='ltr'><strong>non</strong></span> <span class='ocrx_word' id='word_1_271' title='bbox 512 3949 654 4016; x_wconf 78' lang='lat' dir='ltr'><strong>sub,</strong></span> <span class='ocrx_word' id='word_1_272' title='bbox 710 3947 815 4007; x_wconf 91' lang='lat' dir='ltr'><strong>sed</strong></span> <span class='ocrx_word' id='word_1_273' title='bbox 857 3965 1032 4020; x_wconf 70' lang='lat' dir='ltr'><strong>super</strong></span> <span class='ocrx_word' id='word_1_274' title='bbox 1073 3946 1440 4007; x_wconf 88' lang='lat' dir='ltr'><strong>testudinem</strong></span> <span class='ocrx_word' id='word_1_275' title='bbox 1483 3945 1774 4022; x_wconf 87' lang='lat' dir='ltr'><strong>procedit.</strong></span> <span class='ocrx_word' id='word_1_276' title='bbox 1863 3944 1992 4003; x_wconf 88' lang='lat' dir='ltr'><strong>Hoc</strong></span> <span class='ocrx_word' id='word_1_277' title='bbox 2035 3942 2255 4002; x_wconf 87' lang='lat' dir='ltr'><strong>diserte</strong></span> <span class='ocrx_word' id='word_1_278' title='bbox 2299 3943 2683 4001; x_wconf 88' lang='lat' dir='ltr'><strong>indicandum</strong></span> 
     </span>
     <span class='ocr_line' id='line_1_39' title="bbox 352 4025 2680 4106; baseline -0.002 -17"><span class='ocrx_word' id='word_1_279' title='bbox 352 4036 497 4090; x_wconf 88' lang='lat' dir='ltr'><strong>erat.</strong></span> <span class='ocrx_word' id='word_1_280' title='bbox 572 4031 728 4090; x_wconf 84' lang='lat' dir='ltr'><strong>Tum</strong></span> <span class='ocrx_word' id='word_1_281' title='bbox 758 4032 821 4090; x_wconf 92' lang='lat' dir='ltr'><strong>in</strong></span> <span class='ocrx_word' id='word_1_282' title='bbox 864 4032 1074 4091; x_wconf 91' lang='lat' dir='ltr'><strong>eodem</strong></span> <span class='ocrx_word' id='word_1_283' title='bbox 1102 4033 1209 4090; x_wconf 90' lang='lat' dir='ltr'><strong>illo</strong></span> <span class='ocrx_word' id='word_1_284' title='bbox 1239 4050 1416 4091; x_wconf 84' lang='lat' dir='ltr'><strong>versu</strong></span> <span class='ocrx_word' id='word_1_285' title='bbox 1459 4031 1708 4090; x_wconf 84' lang='lat' dir='ltr'><strong>offendit</strong></span> <span class='ocrx_word' id='word_1_286' title='bbox 1750 4049 1864 4089; x_wconf 83' lang='lat' dir='ltr'><strong>vox</strong></span> <span class='ocrx_word' id='word_1_287' title='bbox 1908 4025 2143 4106; x_wconf 84' lang='grc' dir='ltr'><strong><em>ἥρεμος,</em></strong></span> <span class='ocrx_word' id='word_1_288' title='bbox 2187 4046 2338 4103; x_wconf 86' lang='lat' dir='ltr'><strong>quae</strong></span> <span class='ocrx_word' id='word_1_289' title='bbox 2373 4027 2680 4103; x_wconf 88' lang='lat' dir='ltr'><strong>indicaret,</strong></span> 
     </span>
     <span class='ocr_line' id='line_1_40' title="bbox 351 4111 2683 4192; baseline -0.003 -15"><span class='ocrx_word' id='word_1_290' title='bbox 351 4119 517 4177; x_wconf 80' lang='lat' dir='ltr'><strong>tacite</strong></span> <span class='ocrx_word' id='word_1_291' title='bbox 561 4118 623 4175; x_wconf 90' lang='lat' dir='ltr'><strong>et</strong></span> <span class='ocrx_word' id='word_1_292' title='bbox 662 4119 789 4176; x_wconf 79' lang='lat' dir='ltr'><strong>sinc</strong></span> <span class='ocrx_word' id='word_1_293' title='bbox 829 4119 1072 4190; x_wconf 75' lang='lat' dir='ltr'><strong>strepitu</strong></span> <span class='ocrx_word' id='word_1_294' title='bbox 1118 4135 1332 4192; x_wconf 90' lang='lat' dir='ltr'><strong>equum</strong></span> <span class='ocrx_word' id='word_1_295' title='bbox 1375 4115 1676 4189; x_wconf 86' lang='lat' dir='ltr'><strong>accedere,</strong></span> <span class='ocrx_word' id='word_1_296' title='bbox 1724 4114 1798 4173; x_wconf 84' lang='lat' dir='ltr'><strong>cf.</strong></span> <span class='ocrx_word' id='word_1_297' title='bbox 1845 4134 1901 4174; x_wconf 84' lang='lat' dir='ltr'><strong>v.</strong></span> <span class='ocrx_word' id='word_1_298' title='bbox 1950 4113 2073 4171; x_wconf 87' lang='lat'><strong>518</strong></span> <span class='ocrx_word' id='word_1_299' title='bbox 2118 4116 2180 4170; x_wconf 91' lang='lat' dir='ltr'><strong>et</strong></span> <span class='ocrx_word' id='word_1_300' title='bbox 2224 4111 2333 4187; x_wconf 83' lang='lat'><strong>111,</strong></span> <span class='ocrx_word' id='word_1_301' title='bbox 2382 4113 2526 4171; x_wconf 77' lang='lat'><strong>312.</strong></span> <span class='ocrx_word' id='word_1_302' title='bbox 2613 4112 2683 4170; x_wconf 93' lang='lat' dir='ltr'><strong>Id</strong></span> 
     </span>
     <span class='ocr_line' id='line_1_41' title="bbox 353 4195 2683 4278; baseline -0.002 -19"><span class='ocrx_word' id='word_1_303' title='bbox 353 4220 713 4278; x_wconf 86' lang='lat' dir='ltr'><strong>quamquam</strong></span> <span class='ocrx_word' id='word_1_304' title='bbox 768 4219 889 4262; x_wconf 88' lang='lat' dir='ltr'><strong>non</strong></span> <span class='ocrx_word' id='word_1_305' title='bbox 940 4202 1141 4277; x_wconf 86' lang='lat' dir='ltr'><strong>inepte</strong></span> <span class='ocrx_word' id='word_1_306' title='bbox 1200 4201 1523 4275; x_wconf 88' lang='lat' dir='ltr'><strong>diceretur,</strong></span> <span class='ocrx_word' id='word_1_307' title='bbox 1589 4203 1816 4274; x_wconf 87' lang='lat' dir='ltr'><strong>tamen,</strong></span> <span class='ocrx_word' id='word_1_308' title='bbox 1882 4217 2014 4258; x_wconf 86' lang='lat' dir='ltr'><strong>cum</strong></span> <span class='ocrx_word' id='word_1_309' title='bbox 2072 4201 2202 4256; x_wconf 87' lang='lat' dir='ltr'><strong>toto</strong></span> <span class='ocrx_word' id='word_1_310' title='bbox 2259 4195 2370 4256; x_wconf 90' lang='lat' dir='ltr'><strong>hoc</strong></span> <span class='ocrx_word' id='word_1_311' title='bbox 2422 4198 2553 4255; x_wconf 91' lang='lat' dir='ltr'><strong>loco</strong></span> <span class='ocrx_word' id='word_1_312' title='bbox 2610 4197 2683 4255; x_wconf 93' lang='lat' dir='ltr'><strong>de</strong></span> 
     </span>
     <span class='ocr_line' id='line_1_42' title="bbox 352 4281 2683 4363; baseline -0.003 -18"><span class='ocrx_word' id='word_1_313' title='bbox 352 4305 642 4362; x_wconf 90' lang='lat' dir='ltr'><strong>equorum</strong></span> <span class='ocrx_word' id='word_1_314' title='bbox 686 4288 900 4363; x_wconf 83' lang='lat' dir='ltr'><strong>agatur</strong></span> <span class='ocrx_word' id='word_1_315' title='bbox 940 4287 1300 4358; x_wconf 54' lang='lat' dir='ltr'><strong>fortitudine,</strong></span> <span class='ocrx_word' id='word_1_316' title='bbox 1344 4286 1546 4361; x_wconf 88' lang='lat' dir='ltr'><strong>potius</strong></span> <span class='ocrx_word' id='word_1_317' title='bbox 1590 4285 1945 4357; x_wconf 75' lang='lat' dir='ltr'><strong>intrepidum</strong></span> <span class='ocrx_word' id='word_1_318' title='bbox 1988 4282 2121 4357; x_wconf 87' lang='lat' dir='ltr'><strong>equi</strong></span> <span class='ocrx_word' id='word_1_319' title='bbox 2166 4282 2228 4340; x_wconf 93' lang='lat' dir='ltr'><strong>in</strong></span> <span class='ocrx_word' id='word_1_320' title='bbox 2274 4284 2439 4341; x_wconf 86' lang='lat' dir='ltr'><strong>tanto</strong></span> <span class='ocrx_word' id='word_1_321' title='bbox 2482 4281 2683 4341; x_wconf 89' lang='lat' dir='ltr'><strong>discri-</strong></span> 
     </span>
     <span class='ocr_line' id='line_1_43' title="bbox 351 4366 2682 4448; baseline -0.002 -18"><span class='ocrx_word' id='word_1_322' title='bbox 351 4371 512 4431; x_wconf 90' lang='lat' dir='ltr'><strong>mine</strong></span> <span class='ocrx_word' id='word_1_323' title='bbox 555 4372 891 4448; x_wconf 85' lang='lat' dir='ltr'><strong>ingressum</strong></span> <span class='ocrx_word' id='word_1_324' title='bbox 923 4375 1197 4431; x_wconf 86' lang='lat' dir='ltr'><strong>notatum</strong></span> <span class='ocrx_word' id='word_1_325' title='bbox 1228 4389 1352 4430; x_wconf 87' lang='lat' dir='ltr'><strong>esse</strong></span> <span class='ocrx_word' id='word_1_326' title='bbox 1382 4370 1675 4430; x_wconf 81' lang='lat' dir='ltr'><strong>existimO.</strong></span> <span class='ocrx_word' id='word_1_327' title='bbox 1752 4369 1961 4445; x_wconf 84' lang='lat' dir='ltr'><strong>Itaque</strong></span> <span class='ocrx_word' id='word_1_328' title='bbox 1991 4367 2185 4426; x_wconf 89' lang='lat' dir='ltr'><strong>locum</strong></span> <span class='ocrx_word' id='word_1_329' title='bbox 2213 4366 2301 4426; x_wconf 85' lang='lat' dir='ltr'><strong>ita</strong></span> <span class='ocrx_word' id='word_1_330' title='bbox 2329 4387 2365 4426; x_wconf 83' lang='lat' dir='ltr'><strong>a</strong></span> <span class='ocrx_word' id='word_1_331' title='bbox 2395 4367 2682 4444; x_wconf 86' lang='lat' dir='ltr'><strong>scriptore</strong></span> 
     </span>
     <span class='ocr_line' id='line_1_44' title="bbox 350 4457 1018 4534; baseline 0 -18"><span class='ocrx_word' id='word_1_332' title='bbox 350 4457 684 4534; x_wconf 85' lang='lat' dir='ltr'><strong>profectum</strong></span> <span class='ocrx_word' id='word_1_333' title='bbox 729 4457 1018 4517; x_wconf 88' lang='lat' dir='ltr'><strong>arbitror:</strong></span> 
     </span>
    </p>
   </div>
  </div>
 </body>
</html>
