3132 5129
338 3016 395 3062 11

1357 374 1818 439 -230—

426 536 497 595 In
553 537 746 611 primo
800 553 978 594 versu
1029 553 1150 594 non
1195 534 1403 593 dubito
1450 532 1595 608 quin
1640 531 2014 592 scribendum
2061 533 2142 591 sit
2185 527 2429 589 ἑοῖσιν
2472 520 2576 589 ἐπ’
2626 525 2759 608 ἆμ-

427 615 776 696 φοτέροισιν.
853 620 1004 679 'Pum
1049 637 1252 678 versus
1299 619 1542 678 ultimos
1585 618 1680 677 bis
1722 618 2004 677 tractavit
2050 616 2446 692 Hermannus,
2496 619 2761 692 primum

429 705 506 764 ad
551 704 734 782 Soph.
782 703 926 765 Oed.
975 703 1105 767 Col.
1155 705 1337 778 1377,
1381 704 1485 762 ubi
1531 702 1688 779 quod
1734 703 1974 778 scripsit

685 816 766 894 ὥς
809 819 889 881 οὔ
930 819 993 880 οἱ
1028 816 1283 896 πατρῶϊ’
1333 817 1588 901 ἐνηείῃ
1631 817 1966 896 φιλότητος

683 900 1072 966 δασσαιντ’
1089 897 1532 985 ,ἀμφοτέροισι
1576 899 1636 964 δ’
1686 901 1794 964 ἔοι
1834 899 2081 982 πόλεμοί
2120 924 2180 963 τε
2222 896 2406 981 μα’χαι
2449 924 2530 979 τε,

431 1030 640 1103 postea
684 1026 810 1102 ipse
854 1026 1118 1086 deseruit
1173 1026 1234 1084 in
1282 1024 1589 1102 Opuscc.
1638 1023 1754 1082 VII
1799 1043 1859 1099 p.
1910 1025 2027 1083 196
2060 1043 2150 1100 sq.
2195 1023 2544 1083 emendans:

681 1139 766 1214 ὥς
804 1140 882 1203 ου’
924 1143 985 1203 οἱ
1020 1137 1333 1244 πατρώι’
1381 1142 1453 1223 ἰῇ
1499 1138 1772 1218 φιλότητι
1815 1138 2133 1216 δάσαιντο,

684 1223 1069 1306 ἀμφοτέροισι
1114 1223 1175 1288 δ’
1221 1221 1317 1287 ἆει
1359 1223 1664 1287 τελέθοι
1707 1224 1952 1302 πόλεμοί
1991 1247 2050 1285 τε
2093 1222 2277 1303 μάχαι
2321 1246 2403 1286 τε.

431 1349 550 1408 Ubi
595 1367 703 1408 nec
747 1348 970 1408 locutio
1017 1346 1079 1429 ἰῇ
1122 1342 1395 1422 φιλότητι
1438 1347 1633 1422 placet
1676 1348 1835 1406 recte
1880 1345 2218 1421 vituperata
2261 1367 2298 1405 a
2341 1346 2655 1405 Welckero
2703 1366 2764 1421 p.

431 1436 586 1510 551,
632 1438 694 1493 et
736 1451 847 1509 pro
892 1433 996 1492 illo
1047 1409 1283 1491 τελέθοι
1327 1432 1514 1491 multo
1572 1431 1804 1490 facilius
1848 1449 1919 1489 ex
1963 1431 2338 1491 antecedenti
2393 1450 2570 1491 versu
2626 1431 2764 1491 sub-

430 1519 601 1577 stitui
646 1520 846 1594 potest
888 1514 984 1590 εἴη
1028 1517 1140 1576 hoc
1183 1516 1392 1576 modo:

684 1632 798 1714 εἴη
844 1628 904 1693 δ’
946 1626 1395 1713 ἀμφοτέροισιν
1435 1625 1531 1693 ἆει
1575 1627 1821 1709 πόλεμοί
1858 1653 1919 1692 τε
1961 1629 2146 1710 μοὶχαι
2190 1653 2267 1691 τε.

429 1755 584 1813 Nam
646 1773 823 1830 quem
869 1754 1217 1813 Welckerus
1273 1753 1549 1829 procudit
1602 1771 1843 1813 versum
1896 1744 2322 1829 ἀμφοτέροισιν
2376 1746 2436 1812 δ’
2497 1742 2617 1811 εἶεν
2673 1740 2775 1812 ἆεί

428 1842 575 1914 etc.,
621 1838 877 1898 elumbis
924 1842 1032 1900 est.
1112 1838 1226 1897 Sed
1260 1841 1333 1896 de
1378 1856 1552 1897 versu
1599 1837 1971 1896 antecedenti
1999 1837 2305 1896 difficilius
2349 1842 2442 1898 est
2485 1839 2764 1897 iudicare.

431 1923 499 1980 Id
542 1923 784 1998 quidem
828 1923 1052 1982 nemini
1096 1922 1452 1998 placiturum
1501 1922 1793 1996 arbitror,
1855 1922 2013 1997 quod
2058 1923 2375 1997 proposuit
2421 1921 2768 1982 Welckerus

429 2005 678 2085 πατρῷα
736 2002 947 2082 νέμη,
1005 2010 1075 2066 ut
1127 2008 1188 2066 id
1249 2008 1322 2065 de
1384 2006 1699 2065 Hesiodeis
1759 2005 1972 2082 Oedipi
2027 2006 2240 2065 ovibus
2299 2006 2769 2102 intellegeretur

432 2091 616 2152 Varia
659 2093 980 2168 excogitari
1035 2095 1317 2168 possunt,
1379 2098 1448 2149 ut
1501 2087 1756 2171 πατραῖᾶ
1810 2082 1971 2147 ποτ’
2033 2087 2100 2148 ἐν
2154 2092 2277 2163 φιλ.
2335 2092 2450 2151 vel.
2509 2079 2762 2167 πατρωι’

430 2169 519 2235 ἔτ’
592 2171 622 2234 ἕ
634 2198 670 2234 ν
723 2179 881 2251 φιλ.,
937 2178 1038 2235 sed
1105 2177 1377 2252 scripsit,
1445 2176 1683 2252 opinor,
1752 2168 2008 2247 πατρώι’
2075 2171 2172 2233 αδ
2186 2196 2275 2251 ην
2337 2171 2605 2274 φιλότητι
2659 2171 2766 2232 δα-

431 2276 668 2337 σαιντο,
717 2262 878 2337 quod
924 2262 1272 2321 adverbium
1317 2264 1683 2336 quantopere
1727 2260 2159 2320 recentioribus
2202 2260 2384 2336 epicis
2427 2261 2492 2320 in
2537 2260 2770 2320 deliciis

431 2346 644 2421 fuerit,
691 2350 945 2408 constat.

599 2425 667 2491 8.
727 2430 799 2489 Ιιι
847 2431 1462 2490 Titanomachiae
1504 2429 1846 2505 fragmento
1891 2430 2046 2505 apud
2092 2428 2276 2489 Clem.
2324 2431 2493 2489 Alex.
2541 2430 2767 2493 Strom.

431 2515 461 2574 I
503 2535 561 2592 p.
615 2518 731 2576 132
780 2515 948 2593 Sylb.
1001 2509 1140 2596 [361
1193 2514 1383 2593 Pott.]
1434 2515 1507 2574 de
1553 2514 1812 2576 Chirone
1856 2516 2161 2574 narratur:

683 2631 771 2704 εἴς
817 2653 878 2692 τε
934 2626 1326 2709 δικαιοσύνην
1370 2632 1623 2709 θνητῶν
1664 2629 1834 2711 γένος
1878 2629 2062 2711 ἤγαγε
2106 2630 2301 2703 δείξας

683 2714 900 2794 ὅρκους
942 2713 1041 2776 καὶ
1085 2715 1306 2790 θυσίας
1352 2717 1472 2777 ἰλα
1491 2739 1622 2797 ρας
1666 2738 1768 2777 και
1810 2713 2056 2795 σχήματ’
2101 2709 2416 2794 Ὀλύμπου.

432 2838 491 2894 Is
538 2838 821 2912 quoniam
865 2837 1108 2912 pietatis
1166 2838 1543 2913 iustitiaeque
1600 2841 1809 2896 auctor
1860 2837 2233 2913 perhibetur,
2297 2838 2498 2913 potius
2555 2832 2769 2912 ἱερὰς

432 2917 658 2991 θυσίας
715 2921 1052 2981 hominibus
1110 2923 1429 2997 praeivisse
1487 2922 1776 2981 videatur.
1865 2921 2088 2982 Contra
2140 2922 2201 2980 in
2269 2921 2767 2999 Panyassidis

432 3007 646 3082 fragm.
696 3008 732 3063 4
778 3005 1076 3065 Duebner.
1140 3005 1244 3082 (17
1291 3002 1695 3087 Tzschirner.)
1750 3028 1808 3067 v.
1862 3008 1936 3065 14
1994 3004 2212 3080 θαλίης
2273 3002 2536 3078 ἷλαρὸν
2590 3002 2772 3082 μένος

433 3090 810 3149 scribendum
857 3094 978 3150 est.
1025 3091 1183 3166 apud
1230 3091 1552 3152 Stobaeum
1607 3086 1801 3165 ἱερὸν,
1859 3092 1919 3149 in
1978 3093 2268 3151 Athenaei
2326 3092 2497 3151 libris
2552 3085 2772 3166 ἐρατὸν

434 3176 677 3251 legitur.
764 3175 917 3234 Tum
975 3169 1228 3253 σχήματ’
1285 3170 1583 3251 Ολύμπου
1640 3195 1844 3250 nemo,
1904 3176 2141 3252 opinor,
2200 3176 2510 3236 Welckero
2565 3177 2771 3237 credet

432 3260 473 3318 1.
521 3278 572 3321 c.
616 3259 679 3317 II
721 3280 780 3335 p.
827 3260 949 3318 411
999 3261 1188 3321 dictas
1234 3280 1363 3321 esse
1420 3262 1754 3320 saltationis
1813 3261 2034 3337 figuras
2089 3260 2164 3319 ab
2222 3259 2479 3337 Olympo
2535 3264 2768 3321 musico
2818 3285 2849 3310 ⁰

431 3345 723 3405 inventas,
786 3340 1090 3419 Ὄλυμπος
1135 3346 1208 3405 de
1253 3347 1417 3406 caelo
1462 3348 1530 3404 ut
1558 3346 1824 3405 siderum
1856 3345 2316 3405 commeantium
2361 3345 2499 3405 sede
2542 3346 2771 3423 legitur

434 3430 497 3487 in
542 3429 1015 3490 Manethonianis
1060 3430 1152 3505 II,
1203 3434 1298 3490 73.
1359 3431 1463 3505 IV,
1513 3431 1656 3489 595.
1719 3430 1833 3505 VI,
1898 3431 2048 3506 146,
2104 3434 2169 3489 et
2220 3431 2547 3490 sexcenties
2603 3432 2768 3506 apud

433 3513 735 3572 Nonnum.
813 3513 936 3572 Nec
982 3515 1244 3574 dubitari
1289 3517 1516 3591 potest,
1562 3515 1706 3591 quin
1750 3515 1879 3574 eius
1910 3515 2073 3574 vocis
2117 3514 2337 3575 abusus
2383 3514 2499 3573 iam
2542 3515 2618 3573 ab
2664 3535 2762 3574 an·

434 3597 786 3673 tiquissimis
832 3599 1027 3673 poetis
1058 3600 1427 3676 astrologicis
1468 3600 1727 3675 primum
1773 3600 1855 3659 sit
1898 3599 2206 3675 inductus,
2252 3599 2536 3674 quoniam
2581 3601 2769 3659 varie·

433 3682 577 3741 tatis
620 3685 912 3758 metrique
960 3686 1156 3760 gratia
1186 3684 1490 3758 omnibus,
1537 3683 1756 3759 quibus
1801 3685 2082 3743 caelum
2127 3684 2569 3760 designaretur,
2616 3703 2768 3761 opus

433 3771 590 3826 esset
645 3767 969 3827 vocabulis.
1060 3768 1267 3844 Itaque
1326 3769 1398 3827 ad
1461 3769 1767 3843 antiquam
1825 3769 2133 3829 redeamus
2190 3770 2767 3845 interpretationem,

434 3852 528 3911 cui
586 3852 766 3910 etiam
823 3850 1094 3928 σχήματα
1152 3853 1542 3927 conveniunt,
1601 3857 1670 3912 ut
1723 3854 1982 3913 siderum
2038 3857 2239 3914 motus
2306 3858 2488 3930 atque
2543 3854 2770 3931 figuras

432 3937 774 3996 hominibus
820 3939 1185 3998 monstratas
1230 3957 1358 3997 esse
1402 3941 1704 4014 putemus.

604 4015 673 4081 9.
749 4023 968 4082 Mirum
1011 4024 1131 4097 est,
1179 4041 1445 4097 versum,
1493 4023 1596 4097 qui
1626 4023 1936 4083 mutilatus
1977 4023 2219 4082 affertur
2248 4043 2318 4082 ex
2364 4021 2772 4083 Oechaliae

434 4106 734 4165 excidio
781 4107 843 4165 in
888 4105 1153 4166 Crameri
1197 4107 1439 4166 anecdd.
1488 4105 1720 4168 Oxonn.
1770 4107 1798 4165 1
1853 4128 1908 4184 p.
1957 4110 2077 4166 327
2126 4105 2452 4186 (Welcker.
2500 4129 2559 4185 p.
2591 4106 2770 4185 557),

687 4244 733 4280 ω
778 4217 957 4299 γύναι
1041 4246 1076 4284 ιιι
1160 4245 1195 4284 ιιι
1281 4219 1464 4283 ταῦτα
1511 4219 1561 4281 τ’
1613 4220 1680 4283 έν
1721 4218 2131 4301 ὀφθαλμοῖσιν
2174 4215 2377 4305 ὅρηαι,

435 4341 702 4440 nondum
759 4342 1058 4419 expletum
1116 4362 1265 4404 esee.
1352 4345 1563 4404 Potest
1617 4344 1774 4403 enim
1831 4344 2058 4420 expleri
2120 4344 2399 4404 facillime
2453 4344 2772 4404 inserendo

435 4419 642 4500 αὐτή.
724 4426 860 4485 Vid.
909 4427 1088 4486 Hom.
1135 4427 1331 4499 §343
