3132 5129
1275 411 1346 421 —-
1439 374 1732 439 585—

342 535 624 608 poterant
669 532 969 608 designari
1015 532 1240 591 verbis:
1296 528 1577 606 όῖρχοντες
1634 536 1755 589 τῶν
1799 526 1980 608 νέων,
2026 550 2175 607 quae
2234 532 2433 607 potius
2486 532 2668 606 magi-

337 618 592 677 stratum
650 617 762 676 soli
818 618 1099 675 iuvenum
1155 617 1500 692 disciplinae
1568 617 1974 692 praepositum
2033 617 2313 675 indicant.
2396 617 2486 675 De
2540 617 2669 675 loco

339 705 545 762 autem
590 701 1003 777 Xenophontis
1047 702 1203 763 Hell.
1238 701 1447 777 111,3,
1496 703 1563 776 8,
1614 721 1787 777 quern
1833 702 1904 759 ad
1949 701 2295 760 firmandam
2341 720 2507 760 suain
2540 719 2671 761 sen-

339 789 588 847 tentiam
620 787 831 845 attulit
861 787 1131 846 Mueller.
1163 788 1202 844 l.
1237 806 1316 862 c.,
1362 787 1519 844 infra
1562 787 1793 846 dicetur
1836 806 1894 861 p.
1921 787 2040 845 589
2056 805 2143 862 sq.
2182 818 2253 829 —
2286 786 2539 846 Iuvenes
2581 787 2671 844 in·

345 873 557 931 structi
604 874 773 930 erant
815 872 990 931 unico
1019 872 1124 931 illo
1154 872 1367 947 pallio,
1414 890 1530 946 quo
1562 890 1663 931 eos
1697 872 2018 947 quotannis
2050 873 2300 931 vestitos
2330 890 2459 931 esse
2488 872 2675 931 refert

347 957 645 1016 Plutarch.
708 956 969 1033 Lycurg.
1025 976 1075 1019 c.
1127 960 1238 1032 163
1298 957 1578 1016 carebant
1632 957 1819 1032 igitur
1873 960 1933 1015 et
1988 956 2196 1015 calceis
2252 959 2312 1015 et
2367 956 2670 1032 stragulis,

344 1042 615 1118 quamvis
660 1047 840 1100 noctu
886 1045 947 1100 et
991 1042 1252 1101 interdiu
1296 1061 1404 1118 per
1447 1044 1680 1100 montes
1710 1041 2015 1116 vallesque
2047 1044 2420 1116 vagarentur.
2495 1041 2673 1100 Recte

340 1128 555 1202 igitur,
626 1126 900 1202 quamvis
960 1128 1136 1201 paulo
1193 1125 1535 1200 obscurius,
1604 1127 1818 1188 Iustin.
1876 1126 1999 1199 111,
2060 1128 2096 1184 3
2167 1126 2341 1185 dicit:
2411 1126 2674 1201 „Pueros

338 1212 662 1287 puberes
705 1231 825 1270 non
872 1213 933 1269 in
980 1212 1205 1287 forum,
1266 1212 1370 1271 sed
1416 1212 1477 1269 in
1534 1231 1743 1288 agrum
1791 1211 1998 1269 deduci
2044 1212 2371 1286 praecepit,
2432 1214 2500 1268 ut
2554 1211 2672 1285 pri-

341 1316 469 1356 mos
502 1315 688 1355 annos
718 1314 837 1354 non
868 1296 932 1355 in
961 1297 1225 1372 luxuria,
1273 1296 1376 1356 sed
1407 1296 1481 1354 in
1526 1315 1750 1372 opere
1779 1299 1853 1355 et
1883 1297 1955 1355 in
1985 1295 2377 1354 laboribus
2406 1298 2674 1372 agerent.

341 1382 509 1440 Nihil
552 1399 654 1439 eos
698 1382 887 1440 somni
933 1400 1108 1441 causa
1152 1383 1529 1441 substernere
1586 1384 1647 1440 et
1691 1381 1877 1439 vitam
1923 1382 2049 1440 sine
2091 1381 2397 1456 pulmento
2443 1381 2673 1455 degere,

344 1485 535 1541 neque
581 1467 745 1542 prius
790 1466 852 1524 in
897 1467 1105 1525 urbem
1151 1468 1370 1541 redire,
1430 1485 1610 1542 quam
1656 1467 1770 1525 viri
1828 1465 1971 1525 facti
2029 1465 2287 1525 essent.“
2365 1467 2553 1536 Quam
2599 1466 2674 1523 ob

342 1570 467 1609 rem
512 1551 789 1626 equidem
835 1553 1017 1610 etiam
1074 1551 1394 1611 Plutarcho
1452 1552 1643 1627 magis
1699 1552 1897 1626 credo,
1957 1552 2059 1625 qui
2116 1551 2257 1609 solis
2314 1550 2677 1626 pugionibus

342 1655 445 1695 eos
488 1639 753 1695 armatos
781 1640 1011 1711 narrat,
1058 1658 1237 1713 quam
1269 1636 1606 1710 Heraclidi,
1655 1637 1758 1711 qui
1800 1655 2008 1711 parum
2055 1639 2323 1695 accurate
2369 1636 2529 1708 dicit,
2578 1653 2677 1693 eos

341 1722 530 1780 exisse
573 1715 715 1795 μεθ’
766 1716 986 1781 ὅπλων.
1061 1723 1117 1780 A
1172 1723 1338 1781 nullo
1385 1725 1689 1797 praeterea
1743 1721 1965 1779 famulo
2011 1716 2355 1797 (θεράπων,
2414 1738 2529 1795 quo
2574 1739 2675 1778 no·

344 1806 502 1864 mine
551 1805 800 1865 Helotae
846 1807 1330 1881 appellabantur,
1391 1807 1491 1880 qui
1536 1807 1609 1864 ad
1669 1806 1891 1863 bellum
1939 1807 2209 1865 dominos
2254 1805 2674 1880 sequebantur,

341 1891 412 1953 cf,
446 1891 714 1949 Mueller.
747 1893 788 1949 l.
835 1910 884 1949 c.
929 1912 983 1966 p.
1018 1895 1097 1950 38
1145 1890 1253 1970 [33
1287 1892 1378 1949 ed.
1426 1888 1599 1968 alt.])
1645 1891 1834 1949 adiuti
1876 1892 2098 1967 singuli
2141 1885 2676 1970 (διασπειρόμενοι)

349 1977 576 2034 victum
621 1977 1017 2036 necessarium
1065 1978 1178 2035 sibi
1209 1994 1552 2050 comparare
1584 1975 1895 2034 debebant.
1971 1976 2124 2034 Nam
2168 1975 2327 2052 quod
2373 1975 2675 2033 Plutarch.

344 2062 385 2119 l.
434 2079 482 2118 c.
544 2056 822 2138 [Lycurg.
873 2057 981 2139 28]
1028 2065 1259 2134 narrat,
1307 2061 1584 2119 habuisse
1629 2079 1729 2119 eos
1761 2079 1958 2118 secum
2004 2062 2184 2119 etiam
2228 2057 2458 2136 τροφὴν
2498 2052 2681 2136 α’ναγ-

345 2142 559 2216 καίαν,
607 2145 670 2203 id
714 2166 834 2206 non
877 2150 1076 2221 potest
1120 2147 1209 2204 ita
1251 2145 1554 2222 intellegi,
1602 2164 1668 2203 ac
1714 2146 1764 2203 si
1807 2145 2052 2203 iuvenes
2084 2165 2152 2202 ex
2182 2144 2329 2203 urbe
2375 2145 2681 2220 egredien-

348 2236 438 2289 tes
483 2248 680 2289 secum
713 2231 1087 2305 portaverint
1130 2232 1356 2304 cibum,
1403 2230 1465 2288 in
1493 2249 1687 2288 omne
1714 2232 1976 2303 tempus,
2027 2248 2144 2305 quo
2176 2229 2471 2304 cryptiam
2518 2247 2677 2287 exer·

349 2315 590 2388 cebant,
638 2316 1044 2374 sufficientem.
1135 2315 1264 2374 Hoc
1325 2315 1479 2372 enim
1527 2320 1667 2372 cum‘
1708 2315 1851 2373 satis
1898 2314 2248 2373 diuturnum
2302 2315 2485 2389 esset,
2542 2332 2674 2384 pro·
2714 2318 2774 2366 15

351 2402 505 2459 fecto
561 2401 805 2459 iuvenes
873 2400 961 2458 illi
1033 2401 1222 2460 coacti
1297 2400 1580 2473 fuissent,
1646 2401 1751 2456 aut
1813 2398 2048 2474 ingenti
2115 2399 2447 2457 eduliorum
2504 2417 2679 2457 onere

349 2483 620 2560 impediti
665 2486 852 2559 exire,
901 2489 1008 2543 aut
1051 2485 1301 2544 subinde
1345 2485 1410 2542 in
1449 2485 1660 2542 urbem
1690 2483 1954 2559 regredi,
2002 2485 2070 2542 ut
2111 2502 2271 2543 nova
2314 2483 2685 2541 nutrimenta

349 2573 645 2645 peterent.
719 2572 930 2647 Itaque
978 2572 1259 2631 videntur
1318 2569 1623 2627 Plutarchi
1680 2570 1862 2628 verba
1915 2569 1989 2627 ad
2047 2569 2208 2627 aliud
2262 2588 2453 2646 genus
2510 2569 2680 2629 emis-

351 2656 584 2715 sionum
629 2656 950 2731 pertinere,
1010 2656 1170 2732 quod
1229 2675 1359 2713 cum
1417 2656 1654 2731 cryptis.
1718 2654 2031 2713 confusum
2099 2673 2227 2714 esse
2297 2655 2451 2713 infra
2507 2655 2680 2713 doce·

352 2741 547 2799 bimus
592 2762 648 2817 p.
696 2743 840 2800 589.
914 2742 1076 2800 Haec
1130 2742 1181 2800 si
1237 2759 1374 2799 vera
1439 2741 1609 2812 sunt,
1672 2740 1784 2814 ipsi
1839 2739 1954 2798 sibi
2017 2741 2238 2799 victum
2295 2740 2678 2815 quaerebant,

353 2825 531 2900 idque
577 2825 798 2900 duplici
843 2826 1090 2886 fortasse
1135 2825 1341 2899 modo,
1388 2824 1605 2900 partim
1636 2823 1907 2883 venando
1938 2826 2158 2899 partim
2204 2826 2355 2884 clam
2400 2843 2471 2883 ex
2502 2824 2680 2883 Helo-

350 2913 547 2968 terum
593 2911 907 2970 domiciliis
952 2911 1181 2987 aliquid
1235 2910 1573 2968 auferendo,
1659 2909 1740 2967 Et
1797 2909 1946 2967 illud
2004 2910 2245 2986 quidem
2298 2910 2487 2969 conici
2543 2909 2684 2967 licet

352 2998 476 3052 tum
524 3013 595 3052 ex
640 2996 725 3053 rei
770 3000 1011 3070 natura,
1069 3000 1199 3055 tum
1243 3014 1313 3052 ex
1357 2994 1625 3053 Platonis
1673 2995 1833 3069 locO,
1894 3014 2008 3068 quo
2055 2995 2143 3052 illi
2188 2996 2433 3052 iuvenes
2477 2993 2683 3051 iuben-

352 3083 452 3138 tur
519 3081 699 3138 etiam
763 3082 1183 3141 venationibus
1248 3080 1496 3154 operari.
1588 3079 1862 3153 Accedit,
1931 3078 2088 3153 quod
2149 3079 2388 3137 aliunde
2445 3078 2680 3152 scimuS,

353 3165 778 3240 Spartanorum
822 3167 1066 3225 iuvenes
1100 3167 1380 3224 venatum
1421 3165 1482 3221 in
1515 3164 1819 3222 montibus
1851 3165 2205 3238 exercuisse,
2254 3165 2326 3221 cf.
2376 3164 2526 3221 Xen.
2557 3182 2681 3238 rep.

350 3250 485 3307 Lac.
531 3250 645 3325 IV,
696 3252 761 3326 7,
809 3271 984 3326 quem
1040 3252 1236 3310 locum
1295 3249 1449 3307 infra
1503 3248 1812 3323 adscripsi.
1890 3247 2079 3306 Simul
2135 3251 2332 3306 autem
2393 3248 2568 3306 furtis
2625 3251 2687 3305 et

355 3334 578 3408 rapinis
631 3296 1000 3395 ⁷cotidianum
1063 3337 1285 3394 victum
1340 3352 1470 3391 esse
1517 3334 1885 3407 quaesitum,
1945 3334 2007 3389 et
2060 3352 2129 3390 ex
2177 3334 2361 3391 totius
2420 3333 2683 3391 instituti

356 3419 584 3476 ratione
642 3424 889 3495 apparet
943 3426 1002 3478 et
1060 3422 1279 3479 diserte
1339 3418 1717 3476 confirmatur
1774 3437 1809 3474 a
1863 3378 2059 3474 ’SchoL
2116 3418 2189 3475 ad
2249 3417 2401 3476 Plat.
2449 3417 2610 3491 legg.
2658 3417 2686 3473 I

354 3504 394 3563 l.
443 3521 490 3560 c.
539 3522 596 3577 p.
645 3505 763 3563 225
813 3506 904 3565 ed
955 3505 1190 3567 Ruhnk.
1209 3550 1223 3579 ,
1284 3504 1387 3579 qui
1432 3504 1518 3560 ita
1556 3502 1632 3560 ad
1678 3502 1859 3561 verba
1914 3494 2275 3577 κρύπτειά
2320 3522 2431 3570 τις
2477 3500 2682 3558 habet:

349 3580 593 3661 Ἡφίετό
635 3608 721 3658 τις
765 3582 885 3648 ἀπὸ
930 3590 1032 3666 τῆς
1075 3586 1301 3658 πόλεως
1345 3585 1475 3657 νέος
1522 3579 1626 3659 ἐφ’
1690 3569 1802 3665 aire
1845 3580 1928 3662 μὴ
1974 3579 2248 3659 ὀφθῆναι
2297 3581 2392 3644 ἐπὶ
2438 3581 2685 3642 τοσόνδε

354 3667 601 3747 χρόνον·
657 3666 1016 3768 ἠναγκάζετο
1061 3667 1173 3734 οὖν
1216 3665 1285 3731 τὰ
1342 3670 1451 3747 ὅρη
1508 3667 1958 3772 περιερχόμενος
2011 3668 2113 3728 καὶ
2165 3665 2311 3745 μήτε
2365 3660 2689 3728 καθεύδων

355 3750 578 3834 ἀδεῶς,
638 3755 741 3816 ἵνα
784 3751 865 3835 μὴ
922 3763 1165 3841 ληφθῇ,
1221 3753 1366 3833 μήτε
1415 3751 1736 3832 ὑπηρέταις
1792 3749 2086 3832 χρώμενος
2142 3753 2286 3831 μήτε
2342 3754 2501 3812 σιτία
2558 3750 2686 3812 ἐπι-

356 3836 675 3920 φερόμενος
721 3842 951 3942 διαζῆν.
1018 3821 1224 3902 ’Άλλο
1268 3838 1344 3901 δὲ
1375 3838 1753 3900 καὶτοῦτο
1796 3840 2207 3917 γυμνασίας
2254 3831 2458 3910 εἶδος
2502 3835 2690 3916 πρὸς

356 3925 689 4003 πόλεμον.
756 3920 1146 3999 Ἀπολύοντες
1201 3920 1315 4005 γὰρ
1368 3923 1619 3985 ἕκαστον
1658 3923 1921 4003 γυμνόν,
1980 3921 2368 4000 προσέταττον
2415 3919 2691 3983 ἐνιαυτὸν

356 4008 497 4071 ὅλον
554 4009 659 4083 ἔξω
716 4008 782 4070 ἐν
824 4018 946 4084 τοῖς
1001 4010 1170 4089 ὄρεσι
1226 4012 1605 4086 πλανᾶσθαι,
1671 4006 1794 4069 καὶ
1862 4007 2171 4088 τρέφειν
2238 3998 2504 4067 ἑαυτὸν
2569 4005 2689 4068 διὰ

359 4097 635 4172 κλοπῆς
680 4095 801 4156 καὶ
845 4098 986 4157 τῶν
1031 4093 1420 4173 τοιούτων,
1465 4116 1624 4156 ουτω
1670 4091 1737 4153 δὲ
1767 4091 1912 4154 ωστε
1956 4090 2171 4170 μηδενι
2217 4088 2548 4169 κατάδηλον
2591 4114 2685 4171 γε·

363 4177 596 4241 νέσθαι.
673 4179 767 4240 διὸ
812 4180 913 4240 καὶ
958 4181 1242 4261 κρύπτεια
1296 4178 1612 4284 [κρυπτεία
1668 4181 1758 4239 ed.
1806 4177 2033 4261 Turic.]
2092 4172 2449 4256 ωνόμασται.
2521 4175 2687 4237 Ἑκο-

359 4263 602 4333 λάζοντο
668 4266 782 4346 γὰρ
848 4268 910 4328 οἱ
968 4262 1342 4343 ὁπουδήποτε
1405 4261 1729 4425 ὀφθέντεςρ
1785 4266 1997 4341 Miror,
2053 4266 2209 4325 hunc
2260 4265 2455 4324 locum
2510 4285 2546 4324 a
2604 4285 2691 4325 ce-

362 4353 507 4411 teris
574 4355 944 4429 neglectum,
1011 4375 1048 4412 a
1112 4354 1402 4412 Muellero
1467 4353 1506 4410 l.
1575 4369 1623 4408 c.
1690 4370 1748 4425 p.
1806 4351 1929 4410 310
1993 4353 2118 4412 not.
2181 4353 2217 4409 6
2286 4344 2392 4431 [---
2446 4370 2507 4425 p.
2568 4352 2689 4410 305

362 4439 486 4499 not.
549 4438 584 4494 2
642 4440 733 4499 ed.
792 4439 923 4516 alt.]
984 4440 1256 4499 consulto
1322 4456 1449 4497 esse
1506 4435 2007 4512 praetermissum.
2101 4436 2215 4495 Hic
2281 4435 2438 4494 enim
2496 4439 2688 4511 putat,
