3132 5129
1398 372 1690 435 -452
1782 409 1852 418 -

714 526 1031 603 νεύμασι
1077 526 1607 625 λαθριδίοισιν
1651 522 2095 607 ὖπαγγελὲουσα
2141 524 2437 609 Λεάνδρῳ

713 634 815 671 και
858 607 1041 672 πάλιν
1082 602 1539 673 ἆντέκλινεν.

458 732 595 793 Non
638 734 829 811 igitur
871 735 997 792 sive
1042 732 1312 793 manibus
1356 732 1484 794 sive
1511 736 1680 794 veste
1722 733 2102 793 abscondidit
2145 732 2388 809 faciem,
2437 732 2540 793 sed
2583 736 2793 810 aperto

459 819 632 877 vultu
688 818 1113 878 adolescentuli
1168 817 1416 877 nutibus
1481 818 1814 894 respondit.
1925 818 2116 877 Unice
2176 838 2384 879 verum
2445 838 2576 878 esse
2630 822 2797 894 patet

458 898 877 978 ἕπέκυψεν,
920 903 1077 979 quod
1123 902 1241 961 duo
1272 902 1525 963 Roeveri
1571 903 1801 963 codices
1848 902 1909 962 in
1954 903 2252 979 margine,
2299 896 2359 961 P
2391 922 2530 963 vero
2569 904 2794 978 inipso

456 991 626 1047 textu
671 990 882 1063 habet,
929 988 1121 1048 latens
1165 986 1314 1045 illud
1360 988 1541 1046 etiam
1586 990 1650 1047 in
1691 986 1880 1046 trium
1924 988 2192 1047 codicum
2237 988 2580 1063 corruptela
2635 983 2792 1046 ἐπέ-

457 1084 769 1149 κρυψεν.
856 1072 1173 1133 Passovius
1234 1071 1475 1146 quidem
1536 1072 1900 1147 correptioni
1958 1074 2192 1132 Atticae
2248 1073 2663 1131 tantummodo
2707 1074 2792 1131 in-

458 1158 649 1217 festus
692 1154 1031 1232 ἔκρυψεν
1074 1178 1143 1217 ex
1188 1156 1517 1216 Hermanni
1563 1158 1902 1218 coniectura
1944 1157 2216 1232 scripsit!

359 1246 421 1295 10
630 1243 851 1303 Levius
908 1245 1028 1317 est,
1082 1242 1186 1303 sed
1244 1242 1565 1301 tamen'ad
1613 1244 1824 1317 poetae
1866 1243 2060 1302 nostri
2105 1262 2278 1301 usum
2324 1242 2587 1318 pertinet
2629 1242 2792 1317 quod

462 1346 518 1385 v.
558 1330 675 1385 129
722 1346 832 1403 pro
862 1327 1107 1403 vulgato
1152 1320 1278 1384 ἐπεὶ
1324 1321 1502 1385 κλύεν
1544 1320 1608 1386 P
1652 1346 1784 1386 cum
1807 1326 2040 1399 Veneto
2071 1330 2134 1386 et
2161 1326 2488 1386 Bodleiano
2521 1320 2580 1386 Β
2613 1326 2795 1385 habet

456 1404 553 1479 ὦς
599 1408 899 1485 ἔκλυεν,
942 1413 1157 1471 vitiose
1203 1410 1462 1507 quidem,
1508 1412 1612 1471 sed
1658 1412 1761 1487 ita,
1808 1414 1876 1469 ut
1917 1412 2054 1471 inde
2097 1412 2293 1487 quivis
2332 1412 2550 1471 collato
2581 1431 2639 1470 v.
2671 1413 2795 1471 336

455 1490 552 1553 στ’
588 1492 795 1570 ἔδρακε
827 1497 1089 1555 facturus
1122 1491 1269 1555 sit‘''
1230 1514 1263 1553 ο
1284 1482 1335 1552 τ’
1372 1492 1565 1571 ἔκλυε,
1597 1457 1800 1571 quod
1785 1516 1981 1572 ipsum
2005 1496 2209 1556 Nonni
2236 1498 2366 1556 loco
2397 1495 2637 1571 XXXV,
2671 1498 2796 1556 230

709 1612 1031 1691 δαιμονίην
1074 1609 1138 1673 δὲ
1180 1617 1458 1692 γυναῖκες
1500 1602 1598 1672 στ’
1644 1610 1856 1672 ἔκλυον
1899 1634 2075 1673 ευιον
2115 1608 2242 1692 ἠχώ

457 1732 746 1792 firmatur.
836 1733 1037 1792 Etiam
1080 1733 1350 1811 magistri
1394 1736 1631 1792 tantum
1675 1754 1787 1795 usu
1831 1734 2308 1810 commendatur,
2369 1734 2528 1809 quod
2572 1754 2632 1795 v.
2676 1736 2790 1791 111

456 1836 562 1892 pro
607 1818 842 1893 vulgari
886 1808 1176 1892 ἀνέφαινε
1219 1812 1279 1877 P
1325 1818 1603 1893 praebuit
1645 1812 1973 1877 ἀνέτειλε
2016 1820 2137 1877 iam
2182 1819 2421 1878 aliunde
2465 1823 2692 1878 notum.

625 1900 852 1962 Contra
896 1902 1230 1962 emendatio
1275 1905 1398 1979 est,
1438 1921 1566 1962 -non
1612 1904 1805 1963 solum
1850 1904 2138 1979 mutatio,
2184 1923 2360 1979 quam
2392 1897 2452 1962 P
2483 1922 2617 1962 cum
2649 1903 2792 1961 duo·

454 1988 565 2046 bus
611 1987 744 2046 aliis
789 1988 1043 2048 Roeveri
1088 1987 1385 2047 codicibus
1431 2008 1488 2048 v.
1527 1988 1646 2047 145
1693 1988 1905 2064 infert,
1951 1988 2053 2065 qui
2097 1989 2282 2065 vulgo
2326 1990 2412 2048 sic
2454 1988 2706 2064 legitur.

1118 2100 1200 2183 ἢν
1243 2100 1296 2162 δ’
1348 2101 1643 2209 ἐθελήσῃς

706 2180 905 2268 θεσμᾶ
945 2193 1096 2267 θεῆς
1140 2187 1381 2267 ἐρόεντα
1423 2188 1526 2250 καὶ
1566 2211 1742 2268 οργια
1787 2187 2003 2250 πιστὰ
2048 2189 2303 2269 δαῆναι,

710 2272 830 2335 ἔστι
870 2269 1057 2353 γάμος
1101 2273 1205 2335 και
1246 2272 1475 2354 λέκτρα.

454 2394 572 2453 Ubi
632 2396 968 2472 quicunque
1000 2396 1112 2459 ,rei
1166 2396 1458 2455 rationem
1514 2397 2066 2472 sententiarumque
2124 2396 2334 2456 seriem
2389 2396 2790 2472 perpenderit,

442 2478 548 2537 *hic
580 2480 818 2554 quidem
848 2482 1114 2557 profecto
1145 2481 1219 2540 de
1262 2480 1550 2557 „fido“‚
1598 2480 1700 2557 qui
1741 2481 1961 2557 „longo
1993 2484 2258 2557 tempore
2290 2480 2482 2557 duret,
2527 2482 2788 2558 amore“,

451 2562 931 2626 decantatissimo
975 2567 1080 2626 illo
1123 2566 1315 2627 nostri
1370 2566 1592 2625 saeculi
1634 2564 1997 2648 θελκτηρίῳ,
2058 2587 2234 2643 quem
2291 2567 2522 2628 scilicet
2577 2569 2788 2644 „vagis

452 2648 805 2710 libidinibus
850 2651 1235 2727 oppositum“
1280 2651 1548 2712 invenire
1594 2651 1708 2712 sibi
1754 2651 1870 2711 visi
1913 2656 2055 2712 sunt
2108 2652 2398 2728 editoreS,
2459 2671 2790 2712 sermonem

451 2733 617 2792 nullo
665 2736 843 2794 modo
886 2755 1014 2795 esse
1058 2755 1231 2811 posse
1276 2737 1449 2795 facile
1492 2737 1874 2796 intellexerit.
1942 2737 2152 2813 Neque
2197 2738 2254 2795 id
2302 2737 2658 2797 novissimos
2701 2739 2788 2796 in-

452 2820 742 2891 terpretes
786 2821 966 2879 latuit
1009 2821 1361 2881 Passovium
1406 2829 1468 2880 et
1511 2821 1852 2897 Tomeium,
1897 2840 2152 2897 quorum
2195 2822 2298 2882 ille
2341 2817 2518 2900 ὄργια
2561 2815 2792 2880 πιστά

452 2903 892 2976 „tranliche
934 2904 1143 2964 Weihe
1199 2904 1307 2964 der
1362 2904 1634 2981 Gettin‘g
1692 2905 1789 2965 hic
1843 2906 1991 2982 „der
2045 2904 2257 2966 Gettin
2313 2907 2552 2966 wahre
2608 2907 2788 2967 Ver·

450 2986 787 3064 ehrung“
832 2989 1112 3066 reddidit,
1160 2991 1316 3048 haud
1360 2990 1514 3049 male
1558 3009 1922 3067 quamquam
1967 2989 2201 3052 diverse
2246 2993 2514 3067 uterque,
2563 2993 2610 3050 si
2657 3010 2790 3052 sen-

458 3089 586 3129 sum
632 3075 986 3150 spectamus,
1032 3075 1135 3134 sed
1183 3075 1343 3151 quod
1388 3075 1451 3133 in
1481 3074 1678 3134 verbis
1725 3075 1917 3135 inesse
1961 3081 2242 3152 nequeat.
2309 3075 2529 3148 Quidni
2561 3079 2782 3152 autem,

452 3156 762 3231 quodiam
807 3176 879 3216 ex
923 3158 1154 3219 duobus
1200 3158 1498 3219 codicibus
1543 3159 1937 3220 adnotaverat
1963 3160 2292 3236 RoeveruS‚
2340 3154 2517 3236 ὄργια
2561 3157 2787 3219 κεὸνα

453 3237 671 3316 δαῆναι
716 3243 1111 3318 receperunt?
1184 3243 1397 3303 Castae
1440 3243 1662 3320 virgini
1708 3263 1970 3304 amorem
2012 3249 2316 3321 tamquam
2347 3249 2582 3321 turpem
2615 3245 2786 3320 pudi—

448 3325 626 3385 citiae
671 3345 1000 3386 eversorem
1051 3329 1523 3403 perhorrescenti
1555 3329 1800 3389 Veneris
1845 3348 2008 3389 sacra
2051 3333 2122 3388 ut
2165 3329 2590 3391 veneranda
2632 3348 2784 3390 com-

450 3410 711 3471 mendat.

618 3495 743 3555 Nec
799 3515 869 3554 ea
923 3497 1130 3574 lectio,
1188 3516 1365 3574 quam
1423 3516 1556 3556 cum
1614 3497 1748 3556 aliis
1804 3497 1972 3560 libris
2017 3519 2076 3559 v.
2112 3501 2231 3559 193
2276 3493 2336 3558 P
2379 3499 2588 3575 habet,
2642 3500 2786 3574 quin

449 3598 591 3639 vera
635 3581 745 3656 sit,
793 3580 1054 3642 dubitari
1099 3585 1330 3660 potest.

1106 3695 1222 3759 αἰεὶ
1266 3694 1329 3760 δ’
1374 3694 1495 3760 ἆνᾶ
1539 3697 1733 3759 νύκτα
1775 3697 1878 3759 καὶ
1919 3694 2012 3778 ἠῶ

702 3777 761 3856 ἐξ
801 3773 944 3855 αλὸς
990 3771 1433 3864 ἦνεμόφωνος
1480 3781 1784 3863 ἐπιβρέμει
1827 3781 2046 3844 οὔασιν
2085 3775 2198 3864 ἠχή
2221 3827 2239 3860 ,

448 3937 627 3996 quam
672 3939 814 3980 sane
856 3921 975 3980 iam
1018 3921 1359 3999 Lennepius
1402 3924 1727 3998 receperat,
1773 3921 1876 3981 sed
1921 3921 2239 3983 Passovius
2287 3922 2633 3983 Heinrichio
2677 3923 2781 3983 ob-

447 4007 681 4064 secutus
738 4006 953 4065 iterum
1016 4006 1281 4067 deseruit
1335 4027 1479 4083 prae
1532 4007 1726 4066 altera
1783 3995 2223 4084 ἦνεμόεντος,
2279 4027 2430 4083 quae
2486 4006 2782 4085 duplicem

446 4089 829 4149 offensionem
886 4091 1068 4150 habet
1120 4094 1183 4151 et
1235 4092 1299 4152 in
1350 4092 1681 4152 masculina
1735 4091 2014 4152 adiectivi
2073 4093 2264 4152 forma
2319 4096 2525 4152 contra
2567 4093 2778 4151 horum

446 4172 684 4248 quidem
730 4178 1041 4250 poetarum
1084 4195 1258 4238 usum
1305 4196 1438 4238 cum
1482 4176 1771 4236 feminino
1817 4175 2192 4236 substantivo
2236 4178 2437 4236 iuncta
2477 4181 2538 4237 et
2567 4178 2630 4236 in
2661 4177 2778 4252 epi-

445 4257 612 4316 theto
657 4276 778 4318 non
822 4260 907 4336 ei,
953 4261 1047 4320 cui
1092 4264 1492 4324 necessarium
1536 4264 1660 4336 est,
1710 4262 1838 4322 voci
1877 4260 2173 4338 adposite.

613 4342 728 4401 Hic
784 4345 1025 4420 quidem
1080 4347 1349 4406 codicum
1404 4347 1728 4408 auctoritas
1795 4349 1956 4407 certe
2013 4346 2299 4441 ambigua
2351 4351 2506 4422 erat;
2575 4349 2782 4406 contra

445 4427 605 4501 quod
652 4446 707 4489 v.
744 4431 864 4487 194
908 4435 1051 4504 post
1094 4431 1341 4506 Papium
1400 4437 1462 4492 et
1505 4431 1782 4490 Vectium
1830 4424 1948 4488 ὑπὸ
1997 4421 2178 4509 φάρει
2216 4427 2483 4489 κλέπτε
2527 4425 2780 4510 παρειήν
