3132 5129
383 1598 415 1644 3

1503 1227 1756 1315 XVII.

797 1421 890 1514 De
930 1419 1199 1490 lacunis
1238 1419 1315 1490 iu
1353 1418 1602 1499 Quinto
1641 1419 2015 1508 Smyrnaeo
2055 1419 2364 1508 quaestio
2381 1413 2456 1514 ¹).

629 1590 797 1661 Quod
832 1609 943 1666 ego
974 1591 1037 1649 in
1082 1590 1486 1651 emendatt.
1532 1593 1610 1649 et
1653 1589 2062 1650 observatt.
2108 1591 2179 1650 in
2228 1589 2608 1666 Quintum,
2655 1609 2808 1666 quae

456 1674 648 1733 actis
706 1676 969 1734 societ.
1027 1675 1278 1734 Graec.
1334 1675 1473 1734 vol.
1530 1675 1622 1750 ΙΙ,
1682 1693 1742 1750 p.
1783 1676 2138 1735 163—288
2191 1675 2448 1734 insertae
2503 1674 2804 1752 leguntur,

455 1761 780 1834 antequam
836 1759 908 1818 de
964 1760 1111 1820 locis
1170 1777 1525 1836 exponerem
1569 1759 1799 1819 lacunis
1845 1760 2022 1820 unius
2068 1763 2174 1818 aut
2213 1758 2473 1836 plurium
2521 1779 2806 1820 versuum

458 1843 777 1918 mutilatis,
824 1847 964 1903 ante
1007 1844 1117 1904 hos
1163 1847 1450 1920 quattuor
1492 1845 1619 1903 fere
1664 1863 1850 1904 annos
1894 1844 2202 1920 praefatus
2247 1863 2379 1904 sum
2425 1863 2486 1920 p.
2529 1847 2649 1904 165
2695 1846 2806 1904 mi-

456 1929 619 1988 nime
672 1947 767 1988 me
822 1928 940 1988 iam
996 1948 1124 1988 eam
1178 1929 1596 2005 quaestionem
1651 1928 1726 1988 ad
1781 1929 1960 1989 finem
2018 1948 2146 1990 esse
2212 1928 2670 2005 perducturum,
2741 1930 2806 1989 id

460 2032 639 2088 quam
672 2031 808 2072 vere
853 2013 1041 2073 fuerit
1085 2014 1313 2072 dictum
1357 2032 1515 2074 nunc
1546 2013 1739 2074 video.
1813 2013 2024 2090 Itaque
2066 2014 2177 2072 hoc
2219 2013 2520 2073 scribendi
2553 2033 2800 2073 munere

456 2098 543 2155 ita
584 2096 906 2174 defungar,
951 2101 1023 2156 ut
1051 2099 1266 2174 quibus
1310 2101 1620 2174 praeterea
1659 2098 1807 2158 locis
1853 2118 2039 2158 unum
2085 2099 2364 2174 pluresve
2395 2117 2603 2158 versus
2647 2103 2801 2158 tem-

455 2183 619 2258 poris
648 2183 941 2243 edacitate
970 2187 1357 2259 consumptos
1387 2183 1643 2242 arbitrer
1673 2203 1853 2259 quam
1884 2183 2232 2244 brevissime
2270 2183 2576 2260 explicem.
2628 2185 2804 2254 Quod

456 2268 896 2328 commentandi
927 2272 1347 2340 argumentum
1376 2271 1447 2327 ut
1490 2267 1772 2345 eligerem
1818 2267 1968 2328 duae
1995 2269 2378 2345 potissimum
2409 2287 2619 2328 causae
2649 2270 2798 2328 mihi

457 2353 728 2428 fuerunt,
785 2354 1043 2430 primum
1098 2357 1167 2412 ut
1221 2354 1295 2413 de
1353 2353 1654 2412 medicina
1706 2357 1828 2412 tam
1873 2353 2129 2428 lubrica,
2173 2372 2339 2428 ,quae
2400 2352 2549 2412 bene
2591 2354 2803 2412 multis

458 2437 600 2496 locis
644 2438 981 2498 adhibenda
1022 2439 1169 2498 mihi
1212 2439 1341 2498 visa
1385 2435 1503 2513 est,
1550 2438 1814 2498 virorum
1857 2437 2076 2498 iudicia
2118 2439 2418 2514 experirer
2459 2439 2522 2497 in
2566 2438 2660 2497 his
2702 2438 2804 2497 lit·

460 2523 602 2583 teris
646 2528 1019 2584 versatorum
1064 2556 1148 2567 —
1194 2524 1493 2599 epicorum
1538 2523 1699 2583 enim
1741 2523 1979 2601 ignaros
2030 2523 2182 2583 nihil
2235 2541 2377 2583 curo
2417 2554 2530 2600 --,
2588 2521 2804 2584 deinde

458 2612 529 2666 ut
572 2609 899 2668 amicorum
943 2609 1315 2685 quorundam
1358 2608 1607 2669 vocibus
1652 2626 2014 2669 occurrerem
2061 2612 2166 2667 aut
2205 2608 2654 2669 mussitantium
2699 2613 2805 2669 aut

458 2694 635 2752 etiam
699 2693 1116 2769 quiritantium
1179 2714 1249 2752 ex
1305 2694 1506 2770 aliquo
1563 2698 1830 2769 tempore
1885 2694 1961 2753 ad
2008 2694 2214 2764 Quinti
2271 2692 2485 2752 edendi
2533 2694 2799 2753 studium

457 2796 552 2836 me
607 2778 828 2837 sensim
887 2777 1243 2854 elanguisse.
1335 2778 1705 2853 Quamquam
1769 2777 1828 2835 hi
1875 2779 2002 2837 veri
2047 2782 2204 2838 certe
2247 2779 2504 2854 speciem
2549 2779 2804 2838 sensisse

463 2863 742 2921 censendi
789 2867 955 2922 sunt:
1002 2882 1074 2921 ex
1118 2881 1235 2938 quo
1278 2865 1437 2921 enim
1482 2863 1782 2921 litteratae
1826 2863 1992 2922 urbis
2049 2863 2171 2923 luci
2223 2861 2492 2922 redditus
2537 2863 2802 2941 singulo-

461 2967 597 3004 rum
642 2950 953 3007 auctorum
1001 2948 1418 3007 tractationem
1464 2966 1599 3006 cum
1643 2950 1926 3007 universa
1955 2948 2295 3007 litterarum
2327 2946 2485 3023 apud
2517 2948 2800 3023 antiquos

459 3033 663 3107 reique
706 3032 977 3107 publicae
1022 3032 1271 3092 historia
1315 3031 1677 3109 coniungere
1721 3035 1784 3091 et
1825 3032 1900 3091 ad
1943 3032 2352 3109 philosophica
2395 3034 2571 3091 etiam
2603 3031 2800 3091 studia

457 3118 721 3175 animum
777 3117 1160 3193 laboremque
1217 3118 1513 3192 applicare
1559 3135 1904 3193 coeperam,
1963 3118 2026 3176 in
2069 3118 2229 3177 iusto
2284 3116 2544 3192 editore,
2603 3117 2796 3193 qualis

459 3202 702 3276 quidem
743 3202 854 3261 hac
910 3205 1103 3262 aetate
1161 3202 1557 3277 desideratur,
1615 3206 1738 3262 tam
1797 3204 1986 3261 multa
2028 3202 2308 3277 variaque
2363 3202 2588 3277 requiri
2635 3201 2798 3260 vide-

458 3288 703 3363 bantur,
750 3290 819 3344 ut
863 3307 987 3345 rem
1019 3287 1405 3347 festinantius
1434 3288 1765 3364 transigere
1795 3305 1867 3347 eo
1895 3287 2087 3363 magis
2117 3306 2383 3363 vererer,
2432 3305 2617 3362 quum
2647 3287 2798 3345 meis

456 3371 645 3431 solius
692 3372 921 3433 viribus
978 3391 1213 3432 omnem
1273 3391 1402 3431 eam
1457 3372 1827 3449 provinciam
1879 3372 2410 3431 administrandam
2466 3389 2594 3431 esse
2639 3370 2796 3448 cogi·

456 3462 676 3531 tarem,
734 3461 1049 3533 postquam
1094 3457 1189 3515 vir
1243 3475 1377 3515 cum
1435 3457 1875 3516 accuratissima
1927 3457 2200 3517 doctrina
2241 3460 2304 3516 et
2346 3456 2498 3515 mira
2539 3456 2798 3532 quadam

457 3542 775 3618 diligentia
805 3541 1332 3601 excellentissimus
1366 3545 1493 3601 tum
1537 3542 1720 3601 animi
1766 3542 2020 3601 candore
2051 3560 2396 3617 summaque
2426 3540 2796 3600 humanitate

454 3628 709 3686 maxime
739 3626 1009 3685 amabilis
1047 3626 1264 3702 pieque
1309 3627 1590 3687 colendus
1633 3627 2081 3686 Franciscus
2127 3625 2603 3703 Spitznerus,
2650 3643 2796 3701 quo·

455 3730 587 3771 cum
633 3730 743 3788 ego
790 3709 999 3781 Quinti
1042 3710 1255 3770 edendi
1301 3712 1610 3787 negotium
1663 3712 1922 3787 partitus
1976 3731 2168 3786 eram,
2225 3712 2544 3770 immatura
2598 3714 2794 3770 morte

456 3796 673 3856 litteris
718 3796 954 3857 scholae
997 3796 1120 3856 suis
1165 3796 1309 3855 mihi
1354 3799 1593 3872 ereptus
1639 3800 1751 3855 est.

630 3879 747 3940 Sed
800 3884 1117 3956 antequam
1186 3881 1259 3939 ad
1330 3881 1598 3957 singulos
1660 3881 1820 3940 locos
1879 3881 2230 3959 progrediar
2289 3879 2493 3957 paucis
2551 3880 2794 3940 omnino

455 3965 769 4025 dicendum
825 3970 918 4026 est
973 3966 1045 4024 de
1100 3965 1193 4025 his
1248 3967 1463 4041 causis,
1520 3966 1739 4042 quibus
1796 3970 2126 4026 commotus
2177 3967 2242 4025 in
2287 3963 2508 4035 Quinto
2553 3965 2794 4024 lacunas

456 4050 647 4111 inesse
693 4051 914 4111 multas
958 4050 1333 4111 contendam.
1422 4051 1505 4109 Et
1546 4051 1806 4126 primum
1853 4051 2094 4127 quidem
2138 4051 2397 4127 scriptor
2450 4050 2578 4125 ipse
2621 4050 2794 4108 uber·

456 4136 637 4193 rimae
683 4135 928 4196 Homeri
973 4136 1379 4212 simplicitatis
1416 4137 1686 4195 imitator
1730 4139 1790 4195 et
1816 4137 2016 4196 verbis
2060 4139 2124 4195 et
2167 4134 2482 4195 sententiis
2525 4152 2621 4194 res
2667 4136 2791 4193 tam

589 4314 630 4382 ¹)
671 4315 783 4385 [Ad
810 4332 1097 4372 examen
1121 4316 1474 4386 publicum
1498 4316 1592 4370 dd.
1619 4316 1842 4373 III—V.
1865 4332 2038 4374 mens.
2063 4316 2242 4386 April.
2268 4332 2318 4370 a.
2343 4311 2791 4372 Mocccth.

452 4385 819 4449 actumque
855 4384 1431 4439 declamatorium
1468 4388 1574 4439 etc.
1612 4384 1670 4438 in
1714 4383 2019 4453 Gymnasio
2053 4382 2358 4439 Dresdensi
2393 4381 2790 4437 concelebran-

451 4450 584 4504 dum
621 4450 1021 4506 humanissime
1058 4454 1119 4505 et
1151 4452 1643 4509 observantissime
1679 4453 1926 4507 invitant
1957 4453 2144 4506 rector
2181 4454 2240 4505 et
2273 4450 2568 4521 magistri]
