3132 5129
1317 359 1731 421 -47—

361 513 727 588 Quamquam
773 514 978 589 quaeri
1034 517 1263 590 potest,
1319 533 1463 573 num
1520 515 1747 610 primus
1791 516 1995 572 auctor
2049 515 2199 573 hanc
2243 514 2544 573 fictionem
2590 514 2694 572 ad-

361 597 605 673 diderit3
653 600 760 673 qui
804 617 940 658 cum
984 600 1171 658 ternis
1218 599 1485 659 versibus
1540 599 1782 675 gavisus
1828 618 1955 658 esse
1998 598 2302 671 videatur,
2358 598 2513 658 haud
2573 600 2694 658 scio

363 703 433 740 an
476 683 591 742 hoc
637 685 818 743 tertio
863 687 1178 744 contentus
1223 684 1436 744 fuerit:

608 784 737 843 τῶν
777 776 859 842 αὖ
906 779 1228 864 Πάνδαρος
1270 776 1450 864 ἦρχε,
1499 781 1818 855 Λυκάονος
1861 779 2077 864 ἀγλαὸς
2122 782 2274 857 υἱός.

360 888 541 957 Quem
586 889 693 962 qui
741 887 1150 962 amplificavit,
1207 887 1462 947 Pandari
1521 888 1746 945 milites
1789 905 1909 946 non
1955 888 2226 964 Lycios
2271 888 2693 963 esse,·quippe

356 974 453 1047 qui
500 974 661 1031 infra
704 977 1204 1047 memorarentur,
1252 973 1355 1031 sed
1400 972 1765 1031 Troianos
1810 992 2048 1032 monere
2088 973 2357 1032 volebat:
2407 964 2542 1046 „aiv
2586 969 2697 1049 τὴν

352 1052 461 1131 μὲν
504 1055 713 1133 χώραν
755 1060 929 1115 καλεῖ
966 1056 1246 1132 Λυκίαν,
1293 1055 1429 1127 τοὺς
1473 1052 1540 1114 δὲ
1585 1053 1896 1134 οἰκήτορας
1947 1058 2201 1134 Τρῶας“
2245 1058 2563 1117 scholiasta
2608 1057 2694 1115 ait

356 1142 675 1217 lyticorum
720 1142 1053 1200 doctrinam
1096 1144 1385 1214 referens,
1432 1160 1566 1200 cum
1612 1142 1918 1202 Pandarus
1963 1146 2026 1201 et
2073 1144 2127 1197 A
2163 1144 2281 1201 105
2325 1162 2388 1201 se
2430 1136 2693 1220 ἀπορνύ-

351 1245 535 1297 μενον
581 1225 910 1301 Λυκίηθεν
951 1227 1110 1286 dicat
1151 1232 1214 1287 et
1265 1228 1411 1286 ibid.
1456 1230 1576 1286 173
1623 1227 1893 1303 glorians
1936 1227 2352 1286 introducatur
2395 1229 2690 1286 neminem

352 1306 419 1367 ἐν
462 1310 676 1391 Λυκίῃ
719 1313 1044 1388 sagittandi
1091 1316 1220 1370 arte
1264 1331 1327 1371 se
1361 1312 1728 1387 superiorem
1773 1331 1920 1372 esse.
1953 1345 2035 1356 —
2069 1311 2223 1369 Tum
2266 1312 2692 1371 Adrasteae

353 1396 484 1454 urbi
534 1417 669 1455 cum
714 1417 823 1455 sua
864 1397 1085 1456 vicinia
1138 1397 1547 1456 Adrastum
1593 1397 1890 1471 quendam
1933 1396 2168 1455 affinxit
2215 1429 2288 1438 —
2336 1401 2399 1455 et
2439 1397 2694 1471 quidni?

353 1498 487 1537 cum
538 1482 588 1538 Z
622 1483 875 1540 37-65
906 1481 1121 1556 aliquis
1151 1483 1276 1541 eius
1320 1482 1578 1540 nominis
1609 1481 2004 1540 interficiatur
2033 1514 2144 1554 —,
2191 1484 2284 1539 cui
2331 1482 2691 1557 Amphius

347 1565 594 1624 additur
621 1568 751 1626 sine
781 1565 963 1625 dubio
992 1568 1165 1638 idem,
1197 1568 1299 1641 qui
1334 1567 1389 1623 Ε
1413 1566 1534 1625 612
1568 1566 1873 1636 occiditur,
1905 1563 2174 1644 Σελάγου
2217 1559 2376 1641 υἱός,
2415 1562 2482 1636 ὅς
2507 1560 2565 1644 ῤ’
2600 1561 2689 1623 ἐνὶ

348 1650 613 1730 Παισῷ
651 1650 662 1726 Ι
705 1654 865 1725 ναῖε,
926 1671 1281 1727 quamquam
1345 1651 1545 1710 Schol.
1605 1651 1660 1709 A
1717 1652 1792 1709 ad
1851 1652 1976 1713 830
2027 1648 2282 1728 ’Ἁμφιος
2337 1645 2692 1728 λινοθώρηξ,

347 1736 464 1808 ait,
512 1731 606 1792 ὅτι
660 1732 759 1793 καὶ
816 1732 1008 1812 ἕτερος
1038 1733 1294 1812 ’Ἁμφιος
1352 1730 1433 1792 οὐ
1482 1734 1868 1812 Περκωσίου,
1925 1730 2101 1793 ἀλλὰ
2159 1731 2500 1814 Σελάγου
2558 1733 2689 1806 υἱός

345 1814 460 1897 (sic
528 1820 933 1894 scribendum,
979 1821 1161 1896 vulgo
1217 1825 1453 1879 tantum
1507 1818 1802 1897 ”Αμφιος,
1872 1814 2338 1898 Περκώσιος,
2391 1814 2690 1879 Ἐλάτου

344 1902 473 1973 υἱός
500 1904 780 1981 legitur),
805 1910 1175 1965 transversus
1202 1910 1370 1965 actus
1396 1926 1453 1965 v.
1472 1906 1828 1977 831-834,
1853 1924 2005 1980 quos
2028 1907 2352 1965 novissima
2374 1926 2587 1967 manus
2619 1927 2686 1964 ex

348 1993 409 2045 A
455 1990 796 2050 331—334
854 1990 1248 2049 insulsissime
1305 1990 1418 2049 huc
1478 1990 1823 2062 transtulit,
1891 1990 2006 2048 nisi
2073 1991 2147 2048 ab
2214 1991 2385 2049 initio
2453 1994 2687 2050 tantum

346 2075 419 2132 ad
467 2074 893 2133 illustrandum
945 2070 1275 2151 Περκώτην
1305 2077 1428 2135 835
1474 2074 1767 2149 adscripti
1813 2078 1997 2137 erant.
2074 2074 2553 2151 Singulaverba
2595 2096 2685 2136 so·

347 2158 454 2217 lito
504 2159 759 2217 artificio
804 2159 1081 2218 Boeotiae
1125 2159 1444 2235 surripuit,
1491 2163 1561 2217 ut
1605 2157 1797 2234 δῆμον
1839 2178 1908 2217 ex
1953 2180 2008 2221 v.
2054 2161 2206 2231 547,
2253 2155 2390 2238 ὄρος
2433 2158 2585 2218 αἰπύ
2616 2181 2685 2219 ex

346 2245 498 2316 603,
543 2241 883 2322 λινοθώρηξ
928 2264 996 2303 ex
1044 2244 1188 2303 529.
1263 2244 1577 2304 Postremo
1632 2245 1885 2301 Asium
1930 2245 2213 2320 produxit
2254 2264 2325 2302 ex
2371 2246 2684 2321 Epinausi-

344 2328 549 2387 macho
602 2332 840 2399 notum,
897 2331 989 2386 cui
1049 2328 1335 2388 Percoten
1390 2348 1461 2389 ex
1526 2332 1590 2385 A
1637 2328 1777 2387 229.
1853 2328 1905 2385 Ο
1951 2329 2103 2401 548,
2168 2328 2470 2388 Praetium
2552 2350 2685 2389 cum

345 2412 522 2472 Sesto
578 2418 640 2471 et
704 2413 921 2488 Abydo
988 2414 1315 2472 notissimis
1377 2414 1626 2472 urbibus
1692 2414 1857 2471 nulla
1911 2413 2114 2472 Iliadis
2171 2416 2522 2473 auctoritate
2585 2415 2683 2473 ad·-

342 2499 639 2574 signnfit,
685 2498 802 2557 nisi
847 2498 1003 2555 forte
1056 2500 1349 2566 succurrit
1396 2499 1447 2557 P
1485 2499 1638 2571 584,
1701 2498 1804 2556 ubi
1849 2497 2121 2575 Phenops
2179 2498 2500 2558 Asiades
2557 2518 2677 2557 me-

343 2589 617 2642 moratur
676 2578 1043 2660 Ἀβυδόθι
1111 2577 1351 2659 δώματα
1422 2581 1628 2641 ναίων.
1724 2583 1840 2642 Sed
1897 2584 2176 2642 Arisbam
2234 2602 2304 2641 ex
2362 2584 2438 2641 M
2482 2587 2561 2644 96
2591 2604 2680 2659 sq.

345 2668 750 2744 deprompsit,
797 2687 944 2743 quos
989 2670 1151 2743 ipsos
1196 2688 1406 2727 versus
1464 2668 1616 2727 alius
1661 2671 1869 2743 postea
1919 2668 2074 2726 male
2129 2672 2266 2743 post
2308 2689 2364 2731 v.
2412 2670 2535 2729 837
2595 2670 2681 2727 in-

343 2753 500 2811 tulit.
580 2753 707 2811 Nec
749 2753 845 2812 bic
887 2752 1177 2828 quidem
1162 2772 1224 2811 m
1249 2772 1521 2814 sermone
1545 2754 1869 2846 quidquam
1900 2753 2223 2828 peculiare:
2272 2747 2683 2830 ἀμφενέμοντο

344 2836 625 2896 Boeotiae
656 2841 775 2914 est,
822 2840 889 2895 ut
919 2835 1140 2895 ’Ἠλιδα
1174 2836 1433 2897 δῖανν.
1467 2839 1617 2911 615,
1650 2841 1712 2896 et
1735 2825 2165 2915 Τρτακίδης
2210 2833 2373 2896 ἔθελ’
2408 2835 2680 2913 Ἰάσιος,

342 2918 682 2998 ὄρχαμος
725 2915 1027 2998 ἇνδρῶν
1080 2923 1225 2982 item
1271 2924 1348 2979 M
1394 2926 1515 2983 110
1559 2923 1798 2998 legitur.

508 3006 672 3065 Hinc
717 3025 837 3066 non
883 3008 1134 3080 mirum,
1178 3008 1336 3082 quod
1369 3009 1526 3076 idem
1558 3009 1686 3065 sine
1718 3007 1899 3066 dubio
1945 3009 2047 3082 qui
2085 3012 2146 3064 A
2177 3009 2513 3067 331—334
2544 3011 2682 3083 post

343 3092 491 3162 830,
548 3093 629 3148 Μ
668 3093 747 3150 96
780 3110 868 3167 sq.
914 3096 1051 3167 post
1094 3093 1215 3151 837
1264 3093 1536 3165 infersit,
1584 3093 1767 3151 etiam
1815 3092 1896 3148 M
1935 3094 2013 3151 99
2046 3113 2135 3182 sq.

756 3224 829 3235 —
876 3214 999 3268 αμα
1044 3199 1124 3250 τῶ
1167 3213 1231 3270 γε
1274 3191 1402 3251 δύω
1442 3187 1796 3297 Ἀντήνορος
1843 3185 1968 3269 υἷε,

592 3272 931 3355 Ἀρχέλοχός
979 3271 1036 3334 τ’
1080 3254 1341 3354 Ἀκάμας
1387 3298 1445 3337 τε
1489 3272 1680 3355 μάχης
1728 3270 1796 3337 εὖ
1842 3276 2027 3336 εἰδότε
2071 3294 2303 3354 πασης,

338 3400 477 3470 post
520 3397 645 3456 821
696 3397 959 3466 infersit,
1028 3396 1203 3454 initio
1269 3416 1338 3454 ex
1386 3398 1507 3455 745
1554 3397 1865 3472 suppleto,
1935 3399 2010 3456 ad
2068 3417 2243 3473 quem
2303 3418 2536 3458 versum
2598 3398 2677 3456 cf.

335 3485 538 3540 notam
589 3500 768 3556 supra
809 3501 867 3556 p.
918 3482 1019 3539 37.

502 3565 871 3625 Hesiodeum
901 3565 1159 3624 colorem
1189 3566 1315 3625 sive
1347 3566 1745 3626 characterem
1767 3612 1780 3638 ‚
1825 3586 2000 3642 quem
2031 3569 2358 3644 genuinum
2404 3569 2466 3625 in
2498 3566 2675 3627 Grae·

332 3669 574 3723 corum,
618 3650 1020 3710 adulterinum
1076 3652 1139 3708 in
1186 3650 1576 3710 Troianorum
1619 3653 1889 3728 catalogo
1949 3652 2440 3727 deprehendimus
2462 3698 2475 3724 ,
2535 3654 2673 3711 Ale-

330 3735 608 3794 xandrini
656 3735 787 3794 aliis
833 3737 1015 3793 etiam
1072 3736 1216 3794 locis
1261 3738 1655 3809 notaverunt,
1717 3737 1989 3813 pluribus
2034 3738 2284 3795 fortasse
2336 3757 2515 3812 quam
2573 3738 2674 3797 ubi

331 3820 504 3878 hodie
549 3820 628 3878 de
673 3839 743 3879 ea
784 3820 1093 3879 notatione
1148 3819 1374 3894 aliquid
1432 3821 1494 3879 in
1554 3821 1794 3880 scholiis
1850 3821 2139 3899 legimus:
2199 3822 2275 3880 cf.
2338 3821 2544 3880 Lehrs.
2602 3822 2675 3880 de

333 3905 520 3964 Arist.
569 3904 726 3963 stud.
776 3904 1016 3964 Homm.
1076 3925 1135 3980 p.
1181 3906 1327 3964 358.
1417 3903 1852 3964 celeberrimus
1911 3926 1980 3966 ex
2042 3907 2133 3964 his
2188 3910 2280 3964 est
2324 3907 2384 3960 Σ
2423 3907 2672 3966 39-49

338 4021 410 4030 -
480 3989 809 4048 Nereidum
875 3989 1266 4060 enumeratiO,
1348 3989 1421 4047 de
1484 4010 1603 4065 qua
1648 3989 1843 4054 Schol,
1902 3992 1985 4049 A:
2063 3984 2096 4046 ὃ
2162 3997 2284 4049 τῶν
2351 3990 2676 4068 Νηρεΐδων

333 4070 501 4150 χορὸς
576 4070 983 4152 προηθέτηται
1024 4070 1125 4132 καὶ
1180 4071 1339 4150 παρὰ
1397 4070 1712 4155 Ζηνοδότω
1769 4069 1850 4144 ὥς
1897 4068 2235 4132 Ἡσιόδειον
2288 4071 2439 4152 ἔχων
2491 4097 2672 4154 χαρα-
2707 4096 2774 4144 34

333 4166 590 4260 κτῆρα·
593 4155 860 4260 ’Ὄμηρος
903 4180 1016 4236 γαρ
1060 4155 1210 4216 κατὰ
1257 4157 1322 4216 τὸ
1367 4156 1573 4218 κοινὸν
1620 4156 1881 4229 Μούσας
1936 4156 2087 4238 λέγει
2146 4157 2246 4218 καὶ
2297 4159 2673 4237 Εἰλειθυίας,

337 4247 447 4301 αλλ
519 4238 635 4302 οὐκ
677 4238 957 4321 ὀνόματα.
1029 4240 1264 4322 γελοῖόν
1306 4264 1365 4301 τε
1397 4240 1457 4316 ἐξ
1502 4238 1790 4320 ὀνόματος
1819 4240 2196 4321 προθέμενον
2223 4242 2414 4304 εἰπεῖν
2457 4243 2673 4321 πάσας,

334 4324 546 4406 ωσπερ
587 4322 989 4432 τιιῖσιεοιιαμόντα
1056 4328 1247 4387 εἰπεῖν
1308 4324 1526 4404 ,,αλλαι
1592 4323 1653 4387 δ’
1715 4329 1786 4388 αἱ
1836 4327 1986 4388 κατὰ
2054 4326 2278 4406 βένθος
2341 4324 2481 4403 ἁλὸς
2537 4332 2669 4407 Νη-

334 4411 528 4488 ρηίδες
572 4404 796 4490 ἦσαν.“
871 4408 903 4471 ὁ
947 4409 1014 4472 δὲ
1062 4412 1490 4490 Καλλίστρατος
1536 4407 1676 4472 οὐδὲ
1731 4410 1796 4472 ἐν
1842 4422 1913 4494 τῇ
1964 4409 2274 4496 Ἀργολικῇ
2331 4413 2523 4492 φησὶν
2564 4412 2669 4476 αὖ·
2741 4437 2760 4456 ·
