3132 5129
1280 373 1738 435 —581-

349 544 472 585 non
518 526 790 585 debebat.
866 526 1094 602 Operae
1149 528 1337 604 igitur
1391 531 1648 604 pretium
1706 529 1945 588 videtui
1988 549 2142 606 esse,
2201 533 2272 591 ut
2326 530 2433 591 hac
2478 530 2678 591 oblata

348 598 797 687 opportunitate
844 612 1062 671 iterum
1105 614 1168 671 in
1211 614 1362 672 hanc
1405 633 1534 672 rem
1579 615 1965 712 inquiramus.

516 695 765 755 Initium
808 700 1009 756 autem
1053 699 1337 757 faciamus
1381 698 1457 757 ab
1502 699 1576 758 iis
1618 698 1791 774 locis,
1837 701 1940 775 qui
1985 720 2117 760 cum
2158 701 2307 760 alios
2351 704 2480 760 tum
2511 701 2677 761 Man-

347 799 551 841 sonem
597 784 972 841 transversos
1020 783 1211 859 egisse
1256 783 1551 842 videntur.
1626 783 1846 843 Narrat
1895 783 2200 845 Plutarch.
2242 787 2483 862 Lycurg
2512 805 2562 844 o.
2596 788 2674 846 28

344 866 515 925 haec:
556 858 660 924 Ἐν
701 860 810 942 μὲν
856 886 971 924 ουν
1016 864 1242 937 τούτοις
1297 861 1482 925 οὐδέν
1525 864 1685 926 ε’στιν
1738 862 1973 938 ἀδικίας
2028 867 2191 946 ἴχνος
2246 864 2386 929 οὐδὲ
2440 872 2675 929 πλεονε-

347 948 504 1025 ξίας,
550 945 630 1027 ἣν
673 946 1097 1028 έγκαλοῦσιν”
1064 972 1208 1010 ενιοι
1252 956 1375 1023 τοῖς
1407 946 1773 1030 Λυκούργου
1804 947 2036 1055 νόμοις,
2082 948 2163 1023 ὥς
2206 953 2430 1025 ἴκανως
2477 951 2676 1030 ἔχουσι

343 1031 490 1113 πρὸς
533 1028 843 1112 ἀνδρείαν,
891 1032 1103 1106 ἐνδεῶς
1148 1031 1211 1094 δὲ
1255 1035 1399 1114 πρὸς
1431 1034 1846 1111 δικαιοσύνην.
1911 1030 1988 1095 Ἡ
2032 1032 2095 1095 δὲ
2137 1038 2470 1115 καλουμένη
2514 1060 2672 1118 κρυ-

344 1118 557 1179 πτεία
602 1113 746 1192 παρ’
795 1115 1028 1196 αὐτοῖς,
1085 1119 1149 1180 εἴ
1186 1141 1249 1199 γε
1294 1120 1368 1198 δὴ
1431 1122 1601 1181 τοῦτο
1644 1129 1767 1182 τῶν
1810 1117 2174 1199 Λυκούργου
2230 1122 2675 1200 πολιτευμάτων

342 1203 410 1265 ἕν
456 1202 647 1281 ἔστιν,
694 1197 774 1275 ὦς
817 1200 1215 1291 Ἀριστοτέλης
1248 1202 1546 1283 ἱστόρηκε,
1595 1206 1820 1282 ταύτην
1862 1230 1942 1266 αν
1985 1206 2079 1282 εἴη
2120 1205 2219 1266 καὶ
2263 1209 2340 1268 τῶ
2387 1206 2676 1268 Πλάτωνι

343 1287 476 1371 περὶ
512 1291 622 1402 ,τῆς
664 1288 959 1361 πολιτείας
1002 1289 1104 1349 καὶ
1147 1298 1250 1349 τοῦ
1306 1286 1527 1386 ἀνδρὸς
1575 1289 1993 1371 ένειργασμένη
2035 1290 2232 1364 δόξαν.
2296 1270 2411 1352 *Hv
2454 1291 2519 1352 δὲ
2562 1315 2674 1353 τοι·

343 1373 525 1452 αύτη·
584 1383 706 1434 τῶν
750 1371 906 1433 νέων
960 1375 1023 1435 οἷ
1072 1373 1353 1452 ἄρχοντες
1399 1366 1498 1434 δια
1555 1374 1770 1455 χρόνου
1825 1373 1963 1447 τούς
2016 1375 2268 1454 μα’λιστα
2322 1380 2468 1438 νοῦν
2524 1375 2675 1455 ἔχειν
2752 1390 2756 1394 Α

345 1460 672 1531 δοκοῦντας
720 1460 798 1529 εἷς
832 1456 943 1537 τὴν
972 1455 1173 1537 χώραν
1214 1458 1397 1520 ἄλλον
1441 1452 1642 1520 ἅλλοσ’
1691 1459 2043 1538 ἐξέπεμπον,
2090 1459 2330 1539 ἔχοντας
2361 1460 2675 1541 ἐγχειρίδια

343 1544 445 1605 καὶ
490 1544 720 1623 τροφὴν
761 1540 1136 1623 ἀναγκαίαν,
1180 1540 1326 1606 ἄλλο
1372 1543 1438 1605 δὲ
1481 1540 1677 1610 οὐδέν.
1752 1547 1834 1606 Οἵ
1874 1544 1937 1606 δὲ
1977 1542 2122 1623 μεθ’
2170 1544 2395 1624 ἡμέραν
2437 1545 2549 1624 μὲν
2592 1548 2674 1620 είς

340 1624 714 1706 ἆσυνδήλους
737 1629 1214 1707 διασπειρόμενοι
1240 1629 1460 1700 τόπους
1483 1619 1865 1708 απέκρυπτον
1888 1626 2135 1704 ἓαυτοὺς
2160 1631 2261 1693 καὶ
2282 1627 2676 1709 ἀνεπαύοντο,

341 1716 579 1792 νύκτωρ
639 1712 701 1775 δὲ
744 1716 1044 1786 κατιόντες
1101 1714 1183 1787 εἰς
1242 1739 1345 1787 τας
1407 1711 1585 1786 ὁδοὺς
1642 1726 1762 1776 τῶν
1817 1714 2075 1777 εῖλωτων
2132 1739 2234 1776 τον
2288 1712 2679 1816 ἁλισκόμενον

340 1798 736 1878 απέσφαττον.
815 1796 1113 1872 Πολλάκις
1162 1796 1228 1859 δὲ
1271 1800 1368 1861 καὶ
1416 1799 1556 1872 τοὺς
1601 1796 1821 1897 ἀγροὺς
1853 1799 2336 1881 ἐπιπορευόμενοι
2383 1823 2519 1873 τους
2565 1802 2674 1879 ῥω-

339 1879 746 1965 μαλεωτοῖτους
804 1883 906 1946 καὶ
963 1885 1309 1958 κρατίστους
1365 1881 1566 1945 αὐτῶν
1619 1880 1898 1965 ἀνῄρουν.
1954 1884 2185 1960 ’Ὠσπερ
2241 1886 2340 1947 καὶ
2385 1887 2678 1947 Θουκυδί-

340 1971 445 2049 δης
489 1968 556 2031 ἐν
600 1977 722 2043 τοῖς
771 1973 1363 2048 Πελοποννησιακοῖς
1407 1972 1654 2050 ἱστορεῖ,
1714 1968 1850 2041 τούς
1894 1967 1988 2029 ἔπ’
2007 1966 2281 2067 ἀνδρεία
2324 1969 2678 2052 προκριθέν-

342 2081 444 2130 τας
489 2050 610 2117 υπὸ
655 2064 779 2116 τῶν
822 2059 1230 2133 Σπαρτιατῶν
1272 2054 1774 2131 στεφανωσασθαι
1824 2052 1960 2151 μὲν
1980 2078 2058 2126 ως
2103 2032 2459 2134 ἐλευθέρους
2513 2079 2675 2138 γεγο-

341 2137 518 2213 νότας
562 2140 662 2201 καὶ
705 2144 1053 2219 περιελθεῖν
1097 2138 1165 2200 τὰ
1212 2141 1333 2200 τῶν
1376 2147 1545 2201 θεῶν
1591 2140 1751 2216 ίεροὶ,
1796 2130 2007 2218 μικρὸν
2035 2137 2171 2200 δὲ“
2130 2160 2377 2221 υστερον
2405 2163 2570 2202 απαι
2575 2164 2676 2213 τας

339 2224 593 2304 αφανεῖς
641 2222 926 2306 γενέσθαι
968 2224 1243 2296 πλείονας
1296 2221 1339 2302 ἢ
1383 2224 1704 2304 δισχιλίους
1748 2224 1959 2301 ὄντας,
2007 2220 2088 2297 ὥς
2132 2224 2276 2303 μήτε
2320 2227 2673 2330 παραχρῆμα

337 2311 481 2390 μήτε
526 2309 782 2388 υστερον
825 2307 986 2387 ἔχειν
1031 2309 1163 2369 τινὰ
1218 2307 1439 2387 λέγειν,
1497 2333 1575 2392 τῳ
1637 2308 1862 2410 τρόπῳ
1890 2305 2330 2388 διεφθάρησαν.
2418 2308 2732 2407 Ἀριστο-9

339 2395 505 2474 τέλης
550 2393 616 2455 δε
658 2393 911 2473 μάλιστα
962 2413 1110 2470 φησι
1155 2394 1254 2453 καὶ
1299 2393 1436 2465 τοὺς
1495 2372 1783 2470 ἐφόρους,
1839 2390 1992 2453 όταν
2045 2395 2128 2464 είς
2171 2392 2282 2469 τὴν
2325 2388 2513 2491 ἀρχὴν
2564 2418 2671 2454 κα-

338 2491 591 2542 ταστῶσι
635 2481 904 2558 πρῶτον,
959 2484 1082 2550 τοῖς
1126 2478 1325 2540 εἵλωσι
1368 2476 1781 2558 καταγγέλλειν
1823 2476 2112 2556 πόλεμον,
2171 2476 2338 2551 ὅπως
2384 2469 2589 2558 εὐαγὲς
2632 2504 2671 2561 ῃ

336 2560 404 2627 τὸ
444 2563 699 2627 ἀνελεῖν.
746 2600 826 2610 --
876 2567 1108 2626 Similia
1153 2567 1340 2626 tradit
1385 2567 1683 2625 Heraclid.
1728 2566 2016 2626 Ponticus
2045 2567 2107 2625 II
2150 2588 2207 2644 p.
2244 2569 2281 2625 5
2328 2568 2421 2625 ed.
2456 2567 2671 2626 Koeler

337 2651 444 2733 [=
491 2654 791 2729 Fragmm.
850 2652 1034 2711 Histt.
1081 2652 1216 2711 Grr.
1261 2651 1321 2709 Π
1363 2673 1423 2728 p.
1472 2654 1596 2711 210
1640 2650 1907 2726 ΜιιοΙΜ·
1954 2647 2210 2728 Λέγεται
2253 2651 2668 2729 (Λυκοῦργος)

336 2733 401 2797 δὲ
445 2735 546 2797 καὶ
590 2731 697 2814 τὴν
740 2730 1085 2815 κρυπτὴν
1140 2732 1513 2815 (corruptum
1557 2736 1823 2810 videtur3
1884 2736 2290 2795 scribendum.
2348 2732 2669 2817 κρυπτίαν)

335 2821 796 2921 εἰσηγήσασθαι,
841 2816 988 2879 καθ’
1047 2817 1128 2919 ἣν
1172 2841 1255 2879 ετι
1303 2819 1403 2880 καὶ
1448 2828 1565 2879 νῦν
1620 2815 1873 2893 ἐξιόντες
1916 2815 2135 2897 ἡμέρας
2182 2819 2666 2892 κρύπτονται·

337 2931 439 2979 τας
484 2904 550 2968 δὲ
595 2898 813 2978 νύκτας
871 2901 1016 2981 μεθ’
1076 2898 1275 2965 όπλων
1331 2901 1824 2982 κατέρχονται
1883 2901 1995 2983 (ita
2048 2924 2158 2983 ego
2211 2926 2281 2966 ex
2336 2908 2671 2967 coniectura

338 2995 579 3069 scripsi,
626 2997 697 3052 ut
726 2993 881 3068 apud
927 2991 1315 3051 Plutarchum
1362 2991 1435 3050 de
1465 2992 1670 3050 eadem
1702 3011 1764 3049 re
1795 2991 2040 3050 dicitur:
2088 2985 2402 3060 κατιόντες.
2472 2990 2665 3065 Certe,

337 3080 496 3154 quod
543 3079 722 3154 vulgo
769 3078 1018 3154 legitur,
1066 3072 1461 3154 κρύπτονται,
1520 3077 1661 3135 ferri
1705 3095 1826 3135 non
1870 3071 2150 3154 potest.),
2210 3072 2313 3134 καὶ
2353 3069 2670 3152 αναιροῦσι

336 3170 457 3221 τῶν
499 3159 756 3222 εἰλώτων
802 3158 978 3232 οσους
1023 3183 1104 3219 αν
1148 3152 1565 3237 ἐπιτήδειονῗ
1525 3184 1584 3242 ῃ.

505 3249 613 3306 His
670 3248 818 3306 locis
874 3246 1129 3305 confisus
1175 3247 1382 3305 Mauso
1436 3246 1580 3304 haec
1637 3247 1760 3304 fere
1816 3246 1854 3306 l.
1903 3265 1952 3303 c.
2013 3245 2228 3304 efficit:
2304 3246 2669 3321 „Indigenas

335 3334 657 3393 Laconicae
703 3336 925 3406 terrae,
971 3331 1352 3390 Doriensium
1384 3329 1933 3402 armis‚subiectos,
1981 3329 2138 3388 haud
2170 3349 2303 3389 raro
2348 3331 2667 3389 rebellasse

335 3420 803 3492 servitutemque
843 3419 1118 3476 excutere
1163 3416 1479 3474 studuisse.
1553 3415 1701 3474 Inde
1732 3433 1906 3489 saepe
1937 3434 2057 3472 non
2088 3416 2280 3473 solum
2311 3415 2470 3474 bella
2496 3420 2669 3491 gesta

335 3522 460 3561 esse
506 3502 787 3561 adversus
831 3520 1034 3561 servos
1093 3501 1381 3577 fugitivos
1424 3519 1492 3560 ac
1537 3500 1878 3572 seditiosos,
1941 3518 2147 3558 verum
2191 3500 2372 3558 etiam
2417 3501 2479 3558 in
2524 3519 2666 3575 pace

338 3588 558 3646 multos
600 3605 672 3645 ex
718 3587 818 3661 iis,
866 3586 915 3645 si
960 3587 1063 3661 qui
1107 3586 1320 3644 robore
1365 3588 1427 3643 et
1458 3585 1657 3643 animo
1690 3584 2099 3658 excelluerint,
2147 3603 2273 3642 esse
2319 3584 2663 3643 trucidatos,

336 3673 491 3731 Hinc
538 3691 661 3730 esse
706 3672 940 3747 legibus
983 3671 1305 3744 sancitum,
1353 3673 1421 3728 ut
1463 3669 1689 3745 Ephori
1731 3688 1945 3727 munus
1978 3669 2264 3745 auspicati
2309 3668 2531 3726 bellum
2578 3670 2663 3726 in-

335 3759 603 3816 dicerent
658 3757 920 3832 Halous,
977 3760 1257 3831 certoque
1316 3757 1582 3830 tempore
1637 3755 1880 3812 iuvenes
1937 3752 2011 3811 ad
2069 3772 2169 3811 eos
2224 3753 2663 3811 interficiendos

335 3843 694 3902 emitterent.
768 3841 912 3900 Illos
959 3844 1156 3900 autem
1203 3858 1271 3899 eo
1317 3840 1510 3899 edicto
1568 3838 1826 3897 monitos
1883 3839 1999 3895 iam
2058 3838 2172 3895 sibi
2231 3839 2455 3896 cavisse
2499 3856 2534 3894 a
2577 3838 2662 3896 iu-

333 3947 550 3988 venum
610 3923 861 3987 insidiis.
869 3926 904 3955 “
989 3926 1181 3983 Multa
1236 3927 1405 3997 sunt,
1475 3943 1626 3999 quae
1683 3923 1838 3982 obici
1897 3923 2127 3997 possint
2186 3922 2322 3980 huic
2377 3923 2661 3997 opinioni,

334 4033 487 4088 quae
533 4013 847 4070 maximam
892 4014 1123 4085 partem
1183 4028 1256 4067 ne
1301 4029 1337 4068 a
1379 3970 1700 4067 Plutarcho
1745 4008 1984 4083 quidem
2029 4006 2317 4064 firmatur.
2394 4006 2659 4064 Primum

333 4099 523 4171 enim,
574 4096 872 4172 quomodo
917 4094 1237 4155 verisimile
1282 4097 1398 4169 est,
1447 4092 1723 4166 Helotas,
1771 4110 1921 4167 quos
1966 4092 2183 4150 scimus
2227 4093 2419 4150 multo
2459 4092 2663 4166 plures

336 4182 644 4258 Spartanis
701 4181 885 4239 fuisse
946 4179 1094 4254 (vid.
1156 4178 1424 4238 Mueller.
1475 4178 1616 4236 Dor.
1664 4178 1723 4236 11
1769 4198 1825 4253 p.
1873 4178 1953 4236 46
1986 4196 2074 4251 sq.
2135 4169 2215 4257 [p.
2262 4178 2340 4233 41
2387 4176 2477 4234 ed.
2525 4172 2659 4255 alt.]

333 4271 396 4326 et
438 4267 645 4325 Mauso
702 4267 741 4327 l.
804 4285 849 4324 c.
905 4286 963 4341 p.
1016 4265 1131 4322 138
1166 4261 1308 4339 sq.),
1367 4263 1666 4338 patientes
1723 4281 1783 4320 se
1838 4265 1961 4320 tam
2016 4261 2263 4319 immani
2320 4260 2662 4320 crudelitati

336 4351 682 4424 subiecisse,
729 4370 906 4426 quam
961 4349 1247 4426 repellere
1302 4367 1371 4407 eo
1417 4348 1652 4407 facilius
1697 4349 1968 4423 possent,
2029 4365 2162 4405 cum
2220 4346 2357 4404 illae
2412 4345 2661 4405 iniuriae

336 4457 372 4494 a
414 4436 716 4495 nonnullis
772 4439 1007 4495 tantum
1059 4433 1372 4493 iuvenibus
1430 4434 1502 4492 iis
1553 4431 1956 4492 inferrentur?
2032 4429 2113 4489 Hi
2168 4433 2362 4490 autem
2416 4430 2661 4491 iuvenes
