3132 5129
1288 408 1745 471 -115—

346 566 564 643 στίχοι,
610 567 688 625 ad
732 586 909 641 quam
954 565 1114 625 solus
1156 566 1421 625 attendit
1465 565 1767 640 Heynius:
1816 564 2108 639 „certe“,
2164 567 2389 641 inquit,
2439 565 2562 639 „iis
2593 584 2682 624 ca-

347 673 476 711 rere
532 656 776 727 poterat
831 653 1111 710 narratiO.
1187 652 1268 709 Et
1325 650 1399 709 de
1455 650 1659 725 Tydeo
1717 651 2085 709 memorandi
2142 651 2307 709 locus
2351 668 2510 708 nunc
2564 669 2686 709 non

345 739 541 799 erat.“
616 738 698 795 Et
741 756 947 796 omnes
993 742 1114 795 tres
1163 740 1230 794 ut
1284 756 1390 812 per
1433 755 1495 794 se
1551 736 1786 811 ineptos
1830 755 1957 795 esse
2013 735 2302 809 vidimuS,
2363 736 2451 793 ita
2499 737 2685 793 etiam

345 822 754 881 membrorum
823 823 1369 896 sententiarumque
1437 820 1873 879 cohaerentiam
1938 820 2283 895 perturbare
2361 822 2527 894 patet
2593 820 2689 878 vel

346 907 547 966 obiter
590 907 966 982 percurrenti
1011 906 1208 965 locum
1253 906 1821 982 interpolationibus
1866 905 2217 964 liberatum:

649 1024 710 1082 οἳ
753 1021 819 1082 δὲ
864 1024 965 1083 καὶ
1011 1019 1316 1100 ἀλλήλοισι
1360 1018 1574 1100 πόρον.
1593 1017 1819 1100 ξεινήια
1864 1020 2047 1082 καλά·

455 1119 557 1166 220
645 1107 864 1180 Οἰνεὺς
905 1104 1018 1187 μὲν
1060 1111 1326 1186 ζωστῆρα
1372 1108 1550 1166 δίδου
1596 1108 1831 1184 φοίνικι
1874 1105 2157 1184 φαεινόν,

659 1193 1127 1272 Βελλεροφόντης
1173 1191 1238 1253 δὲ
1283 1191 1535 1271 χρύσεον
1577 1190 1760 1263 δέπας
1804 1186 2271 1270 ἀμφικύπελλον.

457 1287 560 1335 224
647 1287 737 1360 τῷ
783 1287 901 1337 νῦν
946 1277 1036 1337 σοὶ
1078 1274 1190 1356 μὲν
1236 1276 1345 1357 ἐγώ
1393 1282 1584 1353 ξεῖνος
1630 1278 1801 1353 φίλος
1836 1276 2039 1355 ’Ἀργει
2076 1274 2273 1356 μέσσῳ

653 1363 802 1441 εἰμί,
849 1361 923 1421 σὺ
968 1360 1028 1421 δ’
1079 1361 1146 1422 ἐν
1191 1363 1429 1444 Λυκίῃ,
1473 1358 1571 1423 ὅτε
1618 1385 1723 1421 κεν
1768 1372 1892 1421 τῶν
1935 1365 2129 1437 δῆμον
2176 1383 2416 1436 ικωμαι.

350 1484 442 1541 De
488 1502 663 1542 versu
710 1485 830 1541 252

654 1600 969 1677 Λαοδίκην
1014 1581 1310 1680 ἐσάγουσα
1356 1605 1682 1678 θυγατρῶν
1725 1593 1879 1671 εἶδος
1924 1595 2173 1678 ἀρίστην

352 1721 609 1794 sufficit,
657 1725 726 1779 ut
765 1720 1082 1796 Porphyrii
1127 1725 1463 1781 commenta
1505 1740 1909 1796 apponamus,
1956 1721 2173 1795 quibus
2204 1721 2345 1779 ferri
2391 1739 2527 1778 eum
2571 1739 2692 1779 non

352 1825 556 1947 ξὲξῖοε
570 1807 799 1947 ‹gptgme
813 1806 1161 1947 ἒοοθωιιτε
1197 1797 1747 1949 τίἒσέσᾶγουὲα
1735 1799 1934 1863 οὐκέτι
1966 1801 2113 1947 alato}
2146 1801 2208 1862 τὸ
2238 1800 2564 1946 συνηὶθεέὃ
2537 1821 2696 1946 {61th

352 1970 503 2034 ἀλλὰ
547 1907 1209 2050 σιτρζςρίἴιναΛαῗδίζῗιῖ
1253 1897 1978 2078 ειὲτζδὲζυέδρῖένηεαέίτέτξει
2022 1910 2140 2052 ἷξες
2177 1911 2326 2072 {gd}
2360 1910 2696 2049 Λὲοδίῖζιῑνζ

350 2047 484 2118 dv.
516 2055 645 2116 ἐπεὶ
667 2057 852 2138 ταύτῃ
874 2053 1293 2132 ὁμοιωθεῖσα’
1261 2082 1298 2135 η
1327 2057 1640 2137 Ἀφροδίτη
1672 2056 1782 2136 τὴν
1804 2038 2049 2135 Ἑλένην
2072 2055 2165 2117 ἐπὶ
2189 2048 2250 2116 τὸ
2276 2063 2462 2134 τεῖχος
2490 2055 2696 2134 ἐξήγα-

353 2165 463 2218 γεν
504 2139 623 2242 (Γ
636 2146 752 2201 122
784 2142 919 2219 sq.).
995 2142 1312 2218 νομίζουσα
1357 2141 1469 2223 γὰρ
1514 2142 1705 2214 οντως
1751 2143 1834 2214 εἰς
1881 2140 1944 2202 τὸ
1995 2147 2177 2219 τεῖχος
2222 2138 2343 2201 ὑπὸ
2388 2151 2492 2219 τῆς
2535 2147 2692 2200 Λαο-

355 2227 531 2304 δίκης
585 2219 887 2304 ἀπῆχθαι,
933 2224 1114 2308 εἰσῄει
1170 2226 1281 2306 τὴν
1334 2229 1535 2288 αἰτίαν
1602 2235 1710 2305 τῆς
1776 2225 1986 2301 ἐξόδου
2042 2227 2698 2306 πολυπραγμονησουσα

360 2315 495 2391 (sicl
544 2314 770 2389 legitur
802 2346 882 2353 —
926 2310 1199 2388 νήσασα,
1246 2315 1401 2389 quod
1449 2315 1510 2373 in
1557 2315 1822 2373 futurum
1854 2313 2205 2372 mutandum
2237 2332 2367 2372 esse
2410 2314 2505 2372 vel
2550 2314 2695 2370 alte-

356 2401 484 2458 rius
527 2398 740 2457 acholii
785 2393 1121 2474 πευσομὲνη
1167 2399 1383 2474 docet).
1459 2399 1641 2457 Vides
1700 2399 1807 2457 hos
1849 2399 2133 2473 antiquos
2177 2398 2331 2456 haud
2379 2396 2698 2456 infeliciter

355 2503 492 2543 cum
533 2483 932 2542 recentiorum
988 2484 1243 2559 argutiis
1298 2487 1527 2542 certare
1572 2502 1761 2559 posse.
1837 2484 2046 2541 Unum,
2080 2486 2239 2541 recte
2286 2484 2472 2540 sensit
2514 2483 2695 2540 inter-

359 2588 524 2644 pres,
573 2568 1033 2642 Teichoscopiae
1079 2570 1275 2627 locum
1322 2573 1530 2628 nostro
1562 2571 1852 2645 originem
1902 2569 2164 2643 dedisse3
2211 2568 2314 2627 sed
2360 2569 2446 2625 ita
2474 2569 2694 2642 potius,

357 2658 429 2711 nt
472 2672 541 2712 eo
587 2654 927 2727 compulsus
971 2654 1051 2711 sit
1079 2654 1509 2729 interpolator,
1555 2657 1625 2712 ut
1655 2657 1921 2712 nostrum
1954 2672 2186 2712 versum
2234 2653 2510 2727 imperite
2543 2671 2694 2710 com-

358 2742 610 2813 poneret
655 2740 717 2796 in
765 2738 1095 2796 subsidium
1142 2742 1350 2797 vocato
1396 2739 1459 2795 N
1507 2741 1629 2797 365

660 2852 792 2937 ᾔτεε
837 2850 904 2913 δὲ
949 2849 1244 2934 Πριάμοιο
1285 2858 1687 2935 θυγατρῶν
1730 2848 1939 2927 εἶδος
1985 2849 2296 2934 ἀρίστην

663 2915 1107 3017 Κασσανδρην,

362 3059 464 3118 nbi
511 3065 750 3119 strenue
794 3060 1246 3135 quaesiverunt,
1296 3060 1594 3136 quomodo
1626 3061 1922 3120 Homerus
1951 3079 2149 3119 secum
2180 3061 2483 3119 conciliari
2514 3061 2704 3135 possit

365 3146 461 3203 hic
506 3144 900 3203 Cassandram
946 3144 1066 3202 illic
1109 3144 1410 3204 Laodicen
1457 3145 1796 3203 filiarum
1844 3147 2082 3204 forma
2126 3146 2477 3220 optimam
2535 3164 2702 3220 prae·
2744 3147 2775 3193 8

365 3230 598 3287 dicans!
649 3230 766 3288 Sed
798 3230 938 3287 haec
979 3229 1361 3289 diiudicanda
1401 3230 1741 3288 hominibus
1770 3231 2237 3307 elegantioribus
2280 3232 2702 3305 relinquemuS,

366 3333 475 3373 nos
531 3313 774 3373 barbari
831 3314 1122 3372 Laodicae
1180 3333 1474 3373 summam
1529 3315 1990 3391 pulchritudinis
2044 3315 2281 3373 laudem
2335 3317 2555 3390 quippe
2608 3316 2702 3372 in-

366 3398 750 3542 sulsoDversu
774 3402 1132 3543 {gramm
1177 3400 1405 3475 eripere
1448 3419 1571 3459 non
1618 3401 2040 3459 dubitabimus,

593 3503 626 3543 e
674 3503 727 3542 v.

664 3596 746 3672 ὥς
796 3597 968 3676 ἔφατ’
1016 3593 1333 3680 εὐχομένη,
1379 3595 1625 3661 ἀνένευε
1669 3598 1736 3659 δὲ
1781 3601 2023 3673 Παλλὰς
2063 3598 2329 3681 Ἀθήνη,

368 3741 542 3796 quem
588 3739 780 3796 nuper
834 3722 1016 3779 etiam
1060 3721 1364 3781 Bekkerus
1419 3723 1709 3796 removit,
1768 3722 1914 3779 satis
1969 3723 2061 3780 est
2116 3722 2382 3797 legentes
2437 3722 2513 3779 ad
2570 3721 2700 3778 Ari·

371 3806 587 3864 starchi
643 3806 930 3864 iudicium
987 3805 1322 3882 ablegasse,
1394 3806 1549 3881 quod
1618 3807 1713 3865 hic
1769 3806 2008 3881 quidem
2078 3808 2223 3864 satis
2278 3808 2577 3881 integrum
2634 3824 2703 3862 ex

373 3891 712 3949 Aristonico
769 3893 1074 3948 servatum
1140 3891 1393 3952 videtur.
1481 3890 1731 3949 Versum
1800 3909 1939 3949 vero
2005 3891 2187 3949 variis
2252 3890 2705 3947 difficultatibus

371 3975 740 4034 laborantem
786 3993 905 4033 non
963 3977 1090 4033 tam
1146 3975 1420 4033 additum
1477 3977 1723 4050 opinor,
1789 3995 1922 4034 cum
1978 3994 2118 4035 sane
2174 3993 2416 4050 prorsus
2474 3975 2707 4032 inutilis

371 4060 466 4134 sit,
512 4079 689 4135 quam
735 4060 1129 4118 substitutum
1175 4078 1282 4134 pro
1325 4061 1590 4137 genuino

668 4172 749 4248 ὣς
793 4176 861 4235 αἳ
901 4173 1011 4253 μέν
1055 4172 1116 4255 ῤ’
1165 4173 1407 4255 εὔχοντο
1456 4174 1603 4248 Διὸς
1646 4174 1835 4260 κούρῃ
1876 4175 2183 4257 μεγάλοιο,

372 4301 688 4373 propterea
754 4297 913 4371 quod
973 4296 1069 4356 hic
1119 4297 1538 4371 interpolatori
1594 4316 1708 4356 nec
1776 4300 1922 4358 satis
1976 4298 2308 4357 consentire
2365 4318 2497 4357 cum
2552 4300 2709 4357 votis

372 4382 553 4441 solius
612 4382 937 4441 sacerdotis
991 4383 1260 4441 oratione
1325 4384 1692 4457 nuncupatis
1745 4386 1807 4442 et
1865 4401 2060 4441 carere
2126 4384 2442 4442 videbatur
2505 4403 2573 4441 ea
2627 4403 2707 4458 re,

373 4486 550 4542 quam
611 4467 708 4526 vel
753 4467 1007 4526 maxime
1067 4468 1512 4527 commemorari
1568 4469 1887 4543 vellemus,
1945 4468 2189 4527 infausti
2246 4472 2494 4527 eventus
2550 4487 2709 4526 men-

2323 4564 2399 4616 8*
