3132 5129
1321 383 1779 447 -123—

377 544 674 616 pugnant,
733 544 804 600 ut
878 541 1142 616 profecto
1200 542 1263 600 in
1319 541 1410 600 his
1469 543 1758 600 unitatem
1813 542 1975 601 illam
2033 546 2349 619 tantopere
2416 545 2713 602 laudatam

375 626 712 684 miserrime
769 626 1038 685 laborare
1084 645 1258 684 nemo
1303 645 1423 685 non
1468 627 1684 685 videat.
1773 626 1858 685 Ut
1899 627 1993 686 hic
2039 628 2226 704 igitur
2270 630 2343 686 ab
2390 630 2712 704 interpola·

380 713 506 768 tore
565 711 906 787 neglectum
962 710 1262 787 videmus,
1323 711 1481 786 quod
1527 712 1664 770 addi
1711 715 1771 771 et
1813 713 2145 771 necessario
2192 714 2400 772 debuit
2441 717 2503 772 et
2537 706 2710 773 vfacil-

377 795 516 852 lime
574 797 805 869 potuit,
865 796 949 854 ita
1000 797 1063 853 in
1111 793 1163 852 Θ
1204 796 1461 873 plurima
1518 797 1593 855 ab
1652 816 1719 855 eo
1771 816 1891 856 non
1937 798 2127 856 solum
2172 798 2342 856 illata
2385 800 2489 858 sed
2536 800 2715 857 etiam

378 880 786 954 copiosissime
844 884 1128 940 exornata
1180 881 1703 957 deprehendimus,
1766 901 1942 957 quae,
1999 884 2051 941 si
2095 883 2350 958 simplici
2396 886 2713 942 centonum

378 964 615 1039 opificio
678 985 853 1024 suum
907 965 1147 1040 exsequi
1204 965 1386 1026 vellet
1445 966 1787 1041 consilium,
1847 968 2123 1042 pleraque
2179 969 2382 1026 omnia
2440 969 2715 1027 omittere

380 1052 632 1124 poterat.
726 1050 925 1109 Unum
979 1050 1218 1125 quidem
1275 1051 1369 1109 hic
1423 1055 1584 1110 certe
1641 1053 1971 1111 necessario
2027 1053 2329 1128 supplevit
2393 1054 2494 1111 sed
2561 1072 2712 1127 ser0,

379 1153 650 1192 severum
697 1135 875 1210 Iovis,
921 1154 996 1193 ne
1026 1136 1158 1210 quis
1188 1135 1432 1195 deorum
1465 1141 1571 1195 aut
1603 1136 1845 1196 Achivis
1876 1140 1981 1195 aut
2009 1137 2277 1196 Troianis
2309 1156 2483 1211 opem
2515 1137 2714 1214 ferret,

381 1219 798 1295 interdictum,
852 1220 1011 1295 quod
1066 1221 1267 1295 potius
1312 1222 1534 1295 primae
1580 1221 1735 1279 cladi
1779 1240 2066 1297 muroque
2112 1222 2392 1297 erigendo
2436 1225 2711 1297 praemit-

380 1304 629 1362 tendum
673 1305 807 1364 fuit.
898 1305 1031 1379 Sed,
1078 1308 1149 1362 ut
1193 1305 1266 1363 de
1310 1305 1520 1364 ceteris
1565 1309 1819 1381 taceam,
1867 1325 1975 1365 nec
2018 1324 2165 1381 opus
2210 1310 2365 1382 erat,
2413 1311 2482 1366 ut
2524 1307 2714 1366 adfer-

381 1392 546 1448 retur
574 1388 967 1466 pluribusque
990 1393 1369 1448 enarraretur
1397 1390 1645 1449 Iunonis
1669 1390 2088 1466 Minervaeque
2114 1388 2352 1450 Graecis
2383 1393 2714 1467 opitulandi

381 1474 624 1533 conatus
692 1476 908 1534 minaci
974 1473 1134 1533 Iovis
1199 1475 1410 1561 nuntio
1477 1475 1685 1535 irritus
1751 1475 2041 1551 redditae,
2109 1480 2170 1535 et
2232 1476 2445 1535 Teucri
2511 1477 2711 1535 aristia

387 1556 439 1615 Θ
470 1559 808 1632 266-334
838 1578 959 1618 non
989 1559 1187 1618 minus
1218 1564 1358 1634 apte
1404 1560 1591 1619 cuivis
1635 1560 1738 1618 alii
1781 1561 1910 1619 loco
1955 1561 2134 1619 inseri
2180 1564 2436 1636 poterat.
2503 1559 2714 1636 Itaque

378 1642 477 1701 vix
531 1646 682 1718 puto
738 1644 1146 1720 Kayserum
1213 1645 1432 1703 multos
1487 1643 1828 1703 habiturum
1895 1664 2022 1704 esse
2087 1647 2513 1721 assentienteS,
2582 1665 2716 1704 cum

378 1745 593 1785 unum
618 1728 732 1787 sibi
758 1749 816 1804 p.
856 1731 953 1788 10.
980 1730 1058 1787 34
1084 1728 1378 1806 confingit
1400 1730 1435 1787 h
1453 1748 1561 1788 om
1578 1730 1648 1788 in
1666 1749 1765 1788 em
1792 1731 2271 1805 operosissimum
2302 1730 2508 1790 Iliadis
2536 1732 2715 1790 inter-

379 1811 729 1887 polatorem,
779 1815 1003 1890 quippe
1046 1814 1140 1872 cui
1186 1814 1414 1886 auctori
1460 1832 1582 1873 non
1613 1815 1811 1874 minus
1847 1815 2013 1872 2444
2047 1834 2248 1874 versus
2280 1811 2374 1894 (H
2405 1817 2713 1890 17—482,

384 1894 436 1953 Θ
480 1898 794 1974 28-568,
843 1902 905 1955 Λ
947 1899 1299 1973 597—848,
1348 1900 1430 1955 M
1469 1901 1691 1974 1—35,
1752 1896 1808 1960 Ξ
1851 1901 2127 1975 1-152,
2184 1904 2490 1974 praeterea
2531 1921 2589 1976 p.
2636 1903 2710 1957 31

379 1981 766 2041 Boeotiam
821 1987 1001 2059 atque
1045 1983 1454 2042 Doloneam
1511 1986 1572 2042 et
1627 1983 1973 2043 dubitanter
2014 2004 2075 2059 p.
2124 1987 2204 2043 34
2251 1985 2316 2041 Ν
2360 1986 2713 2058 345-360,

382 2066 523 2124 ibid.
568 2069 924 2142 685-700,
972 2067 1025 2125 Ο
1067 2064 1348 2148 64-71)
1405 2068 1711 2128 adscribit.
1812 2069 1959 2127 Tam
2018 2069 2244 2144 liquide
2296 2070 2564 2145 profecto
2622 2089 2715 2129 res

384 2152 738 2227 complicata
780 2153 1046 2228 expediri
1089 2171 1211 2211 non
1256 2156 1475 2228 potest.

547 2237 761 2312 Itaque
816 2238 971 2297 haud
1029 2236 1303 2297 inutilem
1361 2258 1455 2297 me
1511 2243 1922 2314 suscepturum
1980 2259 2106 2298 esse
2151 2258 2391 2313 operam
2438 2239 2712 2313 arbitror,

380 2321 448 2393 si,
494 2323 817 2397 postquam
860 2342 1076 2398 nuper,
1132 2342 1283 2398 quae
1340 2323 1422 2382 sit
1466 2323 1911 2382 Monomachiae
1958 2324 2022 2380 H
2070 2325 2356 2383 17—312
2403 2326 2715 2382 contentae

379 2407 533 2464 ratio
600 2409 781 2482 atque
845 2408 1139 2482 condici0,
1203 2412 1475 2467 accurate
1542 2409 1971 2484 demonstravi,
2040 2412 2352 2485 cognatam
2420 2427 2577 2467 nunc
2642 2409 2714 2467 de

381 2490 447 2546 Η
489 2492 613 2550 313
648 2524 724 2532 -
764 2491 816 2550 Θ
859 2494 982 2551 488
1028 2491 1193 2573 (nam
1249 2493 1386 2551 inde
1432 2512 1466 2550 a
1515 2491 1568 2550 Θ
1610 2494 1733 2552 489
1791 2493 2236 2571 Legationis
2294 2493 2533 2551 initium
2590 2512 2716 2552 esse

379 2577 474 2635 hic
530 2577 794 2637 breviter
844 2578 1136 2638 indicasse
1181 2580 1325 2638 satis
1372 2576 1488 2654 est)
1537 2579 1947 2654 quaestionem
1992 2580 2063 2637 de
2107 2580 2344 2655 integro
2389 2582 2715 2653 pertracta·

377 2681 517 2721 vero
562 2662 679 2737 ita,
734 2665 805 2721 ut
847 2663 1140 2723 diversam
1187 2663 1488 2722 variorum
1538 2663 2008 2739 fragmentorum
2054 2664 2113 2722 in
2160 2683 2286 2723 eam
2331 2663 2536 2722 Iliadis
2582 2683 2715 2738 par·

381 2750 504 2805 tem
560 2748 963 2806 coniectarum
1019 2747 1282 2807 indolem
1338 2767 1517 2824 quam
1568 2748 2040 2808 luculentissime
2107 2748 2435 2808 ostendam.
2526 2748 2713 2824 Licet,

379 2836 699 2907 antequam
753 2832 826 2891 ad
871 2833 1065 2908 ipsum
1110 2851 1258 2908 opus
1303 2833 1601 2908 accedam,
1649 2834 1989 2893 universam
2034 2833 2161 2892 eius
2205 2833 2393 2909 partis
2437 2837 2712 2892 naturam

377 2917 543 2976 brevi
597 2918 1037 2992 comparatione
1095 2917 1414 2977 illustrare.
1505 2918 1655 2975 Eam
1723 2921 1955 2992 partem
2020 2919 2178 2978 enim
2244 2919 2714 2994 quotiescunque

377 3001 626 3077 perlegi,
673 3019 909 3077 semper
950 3003 1015 3060 in
1057 3003 1402 3060 memoriam
1448 3002 1595 3061 mihi
1638 3004 1946 3062 revocavit
1991 3002 2281 3063 eiusmodi
2327 3021 2520 3061 casam
2553 3003 2711 3061 Itali-

377 3104 525 3160 cam,
573 3086 810 3162 qualem
842 3086 1210 3147 Goethius
1254 3091 1459 3146 noster
1489 3088 1551 3146 in
1582 3087 1787 3146 divino
1817 3087 1940 3163 illo,
1988 3088 2145 3162 quod
2176 3088 2716 3162 Peregrinator

377 3170 756 3246 inscribitur,
805 3172 1065 3230 carmine
1110 3172 1495 3231 vividissimis
1539 3172 1837 3231 coloribus
1883 3172 2181 3247 depinxit,
2230 3173 2456 3232 scilicet
2499 3192 2568 3230 ex
2612 3191 2711 3230 an-

377 3256 529 3330 tiqui
576 3257 789 3331 templi
820 3256 1112 3316 columnis
1141 3256 1577 3332 ruderibusque
1606 3257 1926 3316 caementis
1959 3257 2210 3333 rudique
2240 3258 2484 3316 materie
2514 3277 2713 3316 recen-

378 3341 539 3398 tibus
600 3340 891 3399 lateribus
945 3341 1172 3416 vilique
1225 3342 1382 3401 calce
1443 3358 1555 3416 pro
1600 3360 1743 3400 usus
1787 3342 2143 3402 necessitate
2187 3343 2716 3417 delectationisque

379 3425 631 3484 libidine
675 3426 827 3484 mire
871 3427 1359 3503 conglutinatam.
1433 3427 1559 3486 Nec
1604 3427 1801 3485 minus
1847 3428 2003 3485 enim
2052 3427 2317 3486 diversae
2361 3431 2424 3485 et
2467 3427 2717 3503 originis

379 3514 441 3568 et
481 3510 707 3569 indolis
748 3512 1016 3569 membra
1059 3515 1236 3586 atque
1283 3512 1620 3588 fragmenta
1648 3512 1710 3569 in
1742 3530 1956 3570 vanam
1986 3512 2135 3571 varii
2165 3513 2429 3587 corporis
2460 3512 2723 3600 speciem

379 3614 447 3654 eo
491 3595 627 3654 loco
674 3595 990 3655 coniuncta
1031 3596 1395 3671 invenimus,
1452 3615 1605 3672 quae
1657 3597 1770 3654 iam
1818 3596 2057 3673 singula
2100 3597 2467 3671 distinguere
2513 3601 2575 3654 et
2618 3595 2714 3655 de·

377 3679 638 3739 scribere
683 3681 1020 3757 aggredior.

547 3765 632 3822 Et
673 3767 914 3841 prima
958 3765 1198 3841 quidem
1243 3784 1445 3841 pars,
1492 3785 1643 3841 quae
1700 3766 1884 3825 libri
1944 3766 2251 3841 septimi
2312 3766 2534 3824 finem
2580 3765 2717 3823 inde

380 3871 414 3908 a
445 3870 501 3908 v.
536 3850 661 3909 313
693 3849 890 3925 habet,
940 3850 1084 3926 quin
1114 3850 1274 3909 futili
1309 3853 1542 3909 tantum
1589 3851 1833 3909 materie
1878 3850 2231 3927 misellaque
2275 3852 2434 3911 calce
2465 3853 2711 3925 constet,
2745 3860 2776 3907 6

379 3952 556 3993 nemo
602 3934 856 4010 amplius
900 3934 1230 4010 dubitabit,
1291 3936 1391 4011 qui
1447 3936 1778 3995 accuratius
1832 3936 2141 3995 nobiscum
2198 3955 2325 3994 eam
2372 3936 2712 4010 inspexerit.

377 4019 467 4078 De
510 4023 957 4095 argumento
1003 4019 1243 4096 quidem
1291 4021 1435 4080 satis
1481 4020 1676 4079 estad
1706 4020 1902 4096 ipsum
1932 4020 2474 4078 Lachmannum
2519 4021 2716 4096 legen-

384 4109 471 4163 tes
516 4103 847 4179 ablegasse,
892 4105 997 4180 qui
1040 4105 1082 4162 l.
1115 4122 1166 4164 c.
1205 4104 1459 4181 singulis
1505 4106 1865 4165 enumeratis
1910 4108 2020 4166 hoc
2060 4105 2435 4164 verissimum
2470 4105 2714 4165 adiecit:

379 4190 671 4264 „niryend
734 4190 950 4248 kommt
1003 4190 1096 4248 die
1151 4207 1316 4250 scene
1367 4208 1476 4249 zur
1526 4191 1799 4259 klarheit,
1844 4194 1936 4252 die
1990 4191 2345 4265 darstellunq
2400 4207 2510 4250 zur
2550 4192 2712 4250 rahe.

379 4292 525 4333 mn
565 4275 735 4333 kann
777 4275 902 4334 dies
943 4275 1125 4342 stoeck,
1191 4276 1300 4334 wic
1341 4292 1399 4334 es
1443 4276 1587 4334 aller
1630 4276 1839 4334 einhcit
1880 4276 2223 4349 ermnyclt,
2277 4276 2436 4335 nicht
2479 4278 2578 4335 ein
2621 4277 2712 4334 be-

377 4360 650 4420 maeres
692 4360 806 4419 lind
847 4360 1149 4419 nemen.“
1239 4358 1455 4418 Statim
1500 4359 1576 4417 ad
1632 4360 1862 4420 verba
1916 4362 2049 4436 ipsa
2093 4378 2539 4439 sermonemque
2584 4379 2715 4423 meo

382 4461 542 4504 more
586 4444 1018 4505 recensendum
1064 4443 1487 4522 transgredior.
