3132 5129
1359 445 1434 452 —-
1533 407 1652 468 102
1740 444 1809 453 —

421 567 542 625 illis
585 567 874 642 agitatam
921 583 1045 624 esse
1090 564 1382 638 docemur,
1429 563 1587 638 quod
1634 563 1871 620 Peleum
1921 565 2128 637 utpote
2172 563 2494 622 adversarii
2524 568 2757 638 patrem

425 652 619 726 potius
678 651 752 708 de
811 653 1140 708 ceterorum
1188 649 1410 707 ducum·
1447 649 1691 723 ignavia
1734 649 2082 723 gavisurum
2128 667 2252 706 esse
2298 651 2760 708 consentaneum

423 737 519 794 sit.
613 733 775 803 Quae
833 733 1155 792 difficultas
1211 733 1506 809 quomodo
1562 727 1624 793 a‘
1655 734 1853 808 lyticis
1919 751 2037 790 non
2104 733 2293 792 solum
2354 733 2586 792 sublata
2650 733 2760 791 sed

424 822 603 879 etiam
659 818 970 894 condignis
1027 818 1295 892 profecto
1353 820 1694 876 nostrorum
1754 818 2145 875 unitariorum
2189 818 2460 876 acumine
2502 819 2762 894 argutiis

424 906 486 963 in
532 904 1059 964 consideratissimi
1103 902 1342 961 artificii
1390 904 1646 977 speciem
1693 902 2123 962 transformata
2167 904 2271 976 sit,
2319 902 2415 960 hic
2457 902 2760 961 afferendo

423 989 692 1049 deridere
751 988 901 1046 nihil
943 989 1183 1050 attinet.
1268 986 1404 1062 Ipsa
1448 1005 1542 1047 res
1590 986 2028 1062 simplicissima
2072 991 2192 1045 est:
2260 1005 2434 1046 nemo
2491 988 2761 1062 profecto

423 1074 714 1133 imitatori
759 1073 1094 1149 plorantem
1140 1072 1426 1148 gaudenti
1472 1071 1710 1140 Priamo
1755 1064 2198 1147 antagonistam
2243 1090 2538 1147 opponere
2583 1092 2762 1147 quae·

425 1160 579 1217 renti
627 1176 960 1216 succurrere
1005 1160 1258 1232 poterat,
1305 1157 1420 1215 nisi
1467 1176 1618 1214 unus
1664 1151 1856 1233 γέρων
1899 1148 2195 1231 ἱππηλάτα
2229 1153 2465 1232 Πηλεύς
2516 1155 2582 1232 (Ι
2609 1158 2756 1214 438.

429 1240 695 1320 Σ331);
765 1241 964 1300 ultra
1029 1261 1239 1316 posse
1298 1260 1437 1300 vero
1492 1242 1866 1299 neminem
1932 1240 2270 1318 obligari
2338 1243 2470 1315 quis
2528 1241 2762 1300 nescit?

425 1329 700 1387 Ceterum
764 1330 964 1384 utrum
1022 1326 1250 1401 aliquid
1295 1325 1611 1384 affinitatis
1658 1325 1813 1384 inter
1856 1328 2126 1384 nostrum
2170 1325 2529 1400 rhapsodum
2574 1327 2763 1385 inter-

426 1413 595 1471 cedat
636 1415 815 1487 atque
859 1431 1024 1485 eum,
1074 1413 1176 1486 qui
1223 1410 1558 1469 Patrocli
1604 1411 1945 1469 missioni
1994 1443 2065 1451 —
2115 1410 2609 1486 quemadmodum
2654 1430 2760 1486 ap·

427 1498 645 1574 pellare
694 1497 834 1555 licet
879 1498 939 1551 A
983 1497 1337 1554 597—848.
1389 1495 1439 1551 Ο
1471 1497 1806 1555 390—405
1853 1514 2090 1554 carmen
2156 1495 2628 1554 recentissimum
2695 1501 2760 1553 et

427 1585 620 1658 ipsum
675 1613 757 1622 -—
817 1580 1271 1639 insulsissimum
1340 1580 1631 1639 emblema
1687 1584 1747 1637 A
1795 1580 2129 1638 767—785
2198 1581 2443 1639 intrusit
2505 1582 2618 1638 iam
2683 1580 2762 1639 ab

429 1666 823 1741 Aristophane
880 1668 941 1724 et
984 1664 1330 1724 Aristarcho
1389 1665 1762 1739 damnatum,
1821 1684 1977 1723 nunc
2022 1665 2260 1741 quidem
2304 1683 2584 1740 quaerere
2629 1684 2763 1723 meo

428 1753 554 1810 iure
610 1750 837 1808 distuli.
927 1747 1102 1808 Certe
1163 1750 1267 1808 illo
1325 1749 1676 1808 emblemate
1733 1748 1892 1807 Pelei
1952 1751 2174 1808 mentio
2228 1768 2344 1808 non
2413 1751 2602 1826 magis
2658 1749 2763 1808 ad-

427 1837 687 1909 iuvatur,
734 1854 911 1910 quam
959 1853 1025 1891 eo
1072 1835 1177 1910 qui
1225 1834 1320 1892 hic
1364 1836 1637 1908 sequitur
1680 1853 1871 1908 versu,
1918 1853 2036 1909 quo

681 1947 896 2021 ἐσθλὸς
945 1944 1359 2028 Μυρμιδόνων
1401 1948 1776 2044 βουληφόρος
1820 1938 1918 2027 ἠδ’
1966 1943 2256 2029 ἀγορητής

421 2090 618 2164 audit,
677 2089 999 2147 infeliciter
1048 2089 1255 2147 A248
1312 2082 1480 2163 λιγὺς
1539 2085 1844 2144 Πυλίων
1896 2080 2267 2163 ἀγορητής
2325 2090 2384 2146 et
2433 2088 2639 2145 [⁷150
2670 2107 2761 2162 sq.

425 2169 707 2252 αγορηταὶ
745 2176 752 2247 Ι
795 2167 1065 2229 ἐσθλοί
1102 2173 1453 2231 coniunctis.
1533 2173 1729 2231 Etiam
1778 2171 1848 2231 de
1895 2175 2102 2230 v.127
2151 2174 2269 2230 iam
2316 2175 2543 2230 veteres
2589 2172 2765 2230 dubi-

427 2265 580 2319 tasse
639 2260 736 2317 vel
802 2260 1150 2332 portentosa
1212 2256 1501 2316 Zenodoti
1564 2256 1736 2315 docet
1800 2257 1978 2314 lectio
2043 2252 2110 2326 ὅς
2169 2275 2307 2313 ποτε
2363 2245 2763 2356 μειρόμενος

424 2337 669 2419 μεγάλ’
720 2338 1038 2400 ἔσθενεν
1085 2343 1198 2416 (ita
1221 2341 1461 2416 quidem
1486 2360 1596 2415 plo
1626 2340 1918 2399 libiorum
1944 2342 2235 2416 scriptura
2270 2336 2429 2418 μέγα
2477 2334 2534 2393 δ’
2584 2336 2762 2399 ἕστε-

429 2449 527 2488 νεν
594 2447 704 2503 ego
770 2445 1002 2502 quoque
1070 2426 1447 2484 scribendum
1517 2427 1745 2500 censui,
1808 2445 2168 2501 quamquam
2235 2426 2389 2483 haud
2451 2427 2763 2484 immemor

427 2533 648 2589 eorum,
695 2531 846 2588 quae
889 2511 1253 2570 Lehrsius
1300 2510 1452 2570 dixit
1495 2512 1557 2570 in
1605 2509 2047 2570 Friedlaenderi
2092 2511 2431 2571 Aristonico
2475 2532 2534 2587 p.
2586 2507 2759 2591 129).

428 2600 505 2659 Et
548 2617 799 2674 sequens
847 2616 1048 2656 versus
1094 2616 1162 2655 ex
1209 2595 1261 2652 Ο
1298 2597 1418 2655 140
1449 2616 1556 2672 sq.,
1607 2596 1708 2654 ubi
1751 2597 2059 2670 aptissime
2104 2596 2326 2672 legitur

681 2746 1441 2760 —————
1527 2706 1817 2791 ἀργαλέον
1860 2707 1926 2771 δὲ

680 2794 987 2856 πάντων.
1016 2793 1364 2875 ἀνθρώπων
1408 2795 1638 2874 ῥῦσθαι
1681 2794 1955 2875 γενεήν
1998 2818 2067 2856 τε
2112 2794 2343 2855 τόκον
2389 2818 2491 2873 τε,

425 2940 589 2995 totus
632 2935 751 2994 fere
796 2934 1143 3007 desumptus
1188 2937 1295 3008 est,
1343 2934 1569 3010 dubito,
1614 2954 1690 2993 an
1734 2952 1856 2992 nou
1901 2936 2044 2993 satis
2077 2934 2353 2993 feliciter:
2399 2954 2536 2993 nam
2582 2927 2755 3003 τόκος

429 3020 576 3079 nihil
639 3019 805 3080 aliud
860 3019 975 3077 nisi
1031 3021 1138 3077 aut
1195 3024 1432 3093 partum
1484 3022 1591 3078 aut
1646 3019 1873 3095 prolem
1928 3019 2264 3095 significare
2324 3039 2492 3095 posse
2556 3023 2760 3093 patet3

428 3108 707 3164 neutrum
770 3122 908 3162 vero
963 3106 1165 3162 nostro
1223 3105 1348 3163 loco
1403 3104 1916 3163 accommodatum
1973 3108 2081 3165 est.
2169 3103 2412 3162 Peleum
2471 3105 2629 3162 enim
2691 3104 2769 3162 de

338 3204 396 3250 18
431 3189 796 3265 parentibuS‚
830 3207 947 3246 non
981 3188 1052 3246 de
1084 3189 1288 3247 liberis
1321 3189 1535 3247 ducum
1559 3188 1919 3248 Graecorum
1945 3189 2274 3248 sciscitasse
2298 3193 2763 3248 consentaneum

432 3277 540 3332 est.
631 3273 800 3331 Itane
848 3272 1030 3331 vero?
1121 3272 1366 3349 Ducum,
1414 3276 1674 3349 inquam,
1726 3272 2185 3331 tantummodo?
2275 3272 2578 3331 Curiosior
2623 3292 2768 3347 pro-

433 3359 586 3417 fecto
617 3358 756 3416 huic
784 3361 985 3416 nostro
1018 3356 1198 3416 fuisse
1229 3359 1465 3417 videtur
1493 3356 1590 3415 πά
1611 3378 1798 3415 ντων
1823 3350 2173 3435 Ἀργείων
2206 3352 2386 3434 ἐρέων
2414 3354 2628 3435 γενεήν
2662 3390 2764 3414 -.

437 3444 552 3502 Eos
597 3461 874 3516 omneS,
920 3442 1215 3500 nescimus
1245 3445 1445 3501 utrum
1479 3445 1721 3501 omnino
1756 3462 1833 3501 an
1880 3461 1979 3501 cos
2022 3446 2278 3516 tantum,
2325 3461 2574 3517 quorum
2622 3462 2767 3517 pro-

435 3529 657 3603 sapiam
702 3527 1048 3602 exploravit,
1096 3527 1144 3583 si
1185 3526 1454 3587 Hectoris
1486 3533 1650 3585 metu
1680 3528 1980 3603 perculsos
2012 3528 2260 3602 videret,
2305 3526 2463 3603 quod
2510 3532 2768 3585 mortem

431 3634 468 3672 a
512 3614 628 3671 diis
673 3612 784 3670 sibi
831 3614 1102 3685 expetere
1147 3610 1396 3685 dicitur,
1444 3612 1694 3670 Laertae
1740 3612 1929 3670 multo
1975 3630 2117 3670 sane
2177 3612 2525 3670 infelicioris
2569 3630 2768 3669 exem-

433 3697 594 3773 plum
641 3697 900 3754 effecisse
945 3694 1202 3770 videtur,
1251 3696 1322 3753 de
1365 3715 1483 3770 quo
1529 3697 1827 3755 Eumaeus
1873 3696 2016 3754 haec
2059 3696 2244 3754 refert
2286 3716 2318 3753 ο
2350 3699 2506 3755 353:

688 3810 962 3889 Λαέρτης
1005 3807 1116 3888 μὲν
1162 3809 1244 3870 ἔτι
1289 3808 1450 3886 ζώει,
1503 3812 1604 3872 Διὶ
1647 3808 1708 3871 δ’
1757 3836 1823 3873 ευ
1864 3833 1988 3871 εται
2032 3810 2147 3872 αἰεὶ

685 3895 936 3973 θυμὸν
979 3890 1116 3954 ἀπὸ
1160 3894 1437 3973 μελέων
1480 3897 1753 3971 φθίσθαι
1796 3835 1885 3969 οῗς
1932 3894 1997 3956 ἕν
2038 3896 2405 3976 μεγάροισιν,

432 4034 1240 4194 2u3057pa3i1314623dsumpsit
1291 4051 1411 4092 non
1467 4036 1612 4094 satis
1663 4039 1802 4110 apte
1858 4035 2175 4093 coniuncta
2231 4053 2363 4094 cum
2415 4035 2613 4092 P322
2662 4033 2768 4108 (cf.

691 4233 797 4294 τὸν
840 4232 942 4306 δὸς
987 4212 1408 4314 ἀποφθῖμενον
1452 4235 1680 4296 δῦναι
1723 4226 2237 4311 δόμον”Ἁιδος
2282 4234 2480 4294 εἴσω.

606 4370 766 4439 Quae
812 4373 1022 4431 deinde
1066 4374 1502 4435 trisaeclisenex
1536 4375 1866 4433 132—157
1902 4374 1973 4431 de
2003 4374 2225 4449 insigni
2269 4374 2596 4433 iuventutis
2629 4391 2773 4432 suae

436 4457 696 4516 facinore
754 4466 988 4531 narrat,
1047 4458 1203 4517 haud
1259 4458 1581 4517 infeliciter
1634 4476 1765 4516 cum
1825 4459 2035 4518 ceteris
2090 4458 2356 4517 eiusdem
2421 4459 2774 4535 argumenti
