3132 5129
1297 396 1756 457 —143—

345 553 540 630 magis
595 553 764 629 epica
815 555 1121 612 structura
1174 554 1236 610 et
1293 552 1596 629 grauitate
1640 552 1924 628 procedit.
2011 552 2232 609 Verum
2275 550 2420 610 haec
2463 571 2556 611 res
2601 556 2694 611 est

349 658 593 713 sensae,
641 639 743 714 qui
790 638 1001 713 cuique
1047 657 1187 696 suus
1233 642 1327 696 est
1370 635 1855 713 relinquendus.“

520 724 616 782 Ita
660 723 899 799 quidem
945 722 1235 798 Heynius.
1319 722 1443 781 Nec
1486 722 1549 780 in
1596 721 1979 798 sequentibus
2023 721 2281 796 amplius
2326 722 2558 780 animus
2603 726 2695 782 est

349 809 622 885 singulos
654 827 860 868 versus
902 806 1130 881 eadem,
1180 827 1297 882 qua
1340 806 1529 865 adhuc
1559 806 1992 881 consuevimus,
2039 809 2397 880 pertractare
2442 808 2691 866 ratione.

350 894 475 952 Iam
522 893 702 968 enim,
750 893 799 951 si
844 893 978 969 quis
1019 892 1146 967 ipse
1177 895 1282 951 aut
1311 893 1670 950 sententiam
1702 892 1855 950 ferre
1888 891 2125 949 dubitet
2154 894 2258 948 aut
2286 894 2692 967 quaestionem

352 980 670 1038 instituere
725 980 998 1051 nauseet,
1056 977 1211 1052 apud
1262 977 1420 1036 hunc
1473 976 1713 1052 quidem
1771 977 1915 1036 satis
1969 975 2108 1034 fidei
2165 994 2257 1035 me
2314 978 2692 1035 inventurum

351 1063 603 1137 confido,
636 1064 684 1121 si
717 1062 978 1121 eiusdem
1009 1062 1346 1121 tessellatae
1378 1061 1636 1120 fabricae
1668 1065 1728 1120 et
1752 1082 1806 1120 v.
1835 1061 2169 1120 217—265
2193 1064 2254 1118 et
2278 1081 2329 1119 v.
2357 1063 2694 1121 438—484

350 1168 479 1208 esse
537 1148 889 1223 simpliciter
946 1146 1346 1222 affirmavero,
1408 1147 1757 1222 praesertim
1815 1164 1946 1204 cum
2003 1146 2138 1204 illos
2198 1146 2438 1219 quidem
2485 1166 2693 1206 versus

353 1253 487 1292 cum
534 1233 659 1292 suis
704 1232 1044 1308 archetypis
1090 1232 1235 1291 satis
1279 1237 1549 1291 accurate
1595 1231 1994 1307 composuerit
2022 1231 2323 1305 Kayserus
2367 1231 2407 1288 l.
2441 1249 2490 1289 c.
2521 1252 2579 1306 p.
2613 1232 2693 1290 25

352 1338 462 1394 sq„
499 1337 568 1377 ex
606 1317 698 1376 his
723 1336 861 1376 vero
886 1317 1033 1375 satis
1053 1318 1135 1376 sit
1154 1317 1495 1376 meminisse
1518 1317 1855 1374 457—462
1880 1335 1952 1374 ex
1982 1317 2037 1371 A
2060 1316 2329 1390 20-25,
2354 1316 2692 1375 463—468

352 1405 501 1462 adeo
532 1421 602 1460 ex
633 1399 685 1458 Θ
717 1402 870 1461 32-
887 1404 986 1476 37,
1031 1401 1104 1459 de
1147 1402 1366 1476 quibus
1397 1420 1577 1476 supra
1604 1421 1662 1476 p.
1699 1402 1923 1476 132sq.
1958 1401 2183 1459 dictum
2214 1403 2325 1475 est,
2371 1419 2499 1459 esse
2527 1419 2694 1476 repe-

352 1489 517 1560 titos,
561 1487 678 1546 nisi
726 1486 885 1562 quod
915 1486 1011 1544 hic
1032 1486 1273 1561 quidem
1305 1483 1526 1556 σθένος
1571 1479 1681 1544 οὐκ
1724 1477 2163 1543 ἀλαπαδνόν
2196 1485 2467 1554 variandi
2500 1487 2696 1561 gratia

352 1573 642 1630 habemus
686 1591 757 1630 ex
809 1571 858 1626 E
904 1573 1023 1630 783
1071 1566 1175 1648 (cf.
1224 1586 1259 1627 σ
1307 1571 1448 1647 373)
1507 1572 1690 1630 etiam
1751 1589 1785 1628 a
1839 1569 2135 1645 rhapsodo
2192 1571 2298 1628 illo
2353 1571 2415 1627 in
2464 1570 2533 1625 H
2573 1571 2691 1627 257

351 1657 730 1716 translatum.
805 1655 1007 1714 Unum
1038 1659 1272 1714 tantum
1305 1656 1622 1716 observare
1658 1656 1872 1731 placet,
1918 1655 2027 1714 hoc
2070 1655 2367 1730 posterius
2399 1655 2694 1730 fragmen-

354 1747 485 1800 tum
529 1761 602 1799 ex
646 1742 721 1800 iis
766 1759 912 1817 esse,
958 1760 1109 1817 quae
1151 1742 1477 1801 novissima
1521 1745 1716 1799 aetate
1761 1742 1822 1798 et
1866 1740 2118 1799 fortasse
2163 1741 2236 1798 ab
2283 1741 2427 1815 ipsis
2458 1739 2694 1797 demum

353 1826 729 1886 Pisistrateis
757 1826 1114 1901 interposita
1157 1824 1299 1885 sunt
1341 1829 1403 1886 et
1446 1845 1513 1884 eo
1559 1825 1801 1901 quidem
1848 1825 2112 1899 consili0,
2159 1829 2229 1882 ut
2271 1826 2456 1883 totius
2487 1823 2696 1883 Iliadis

354 1930 672 1987 compages
704 1911 926 1986 „longo
969 1914 1108 1986 post
1152 1911 1460 1987 tempore“
1490 1911 1732 1969 tandem
1779 1910 2045 1969 confecta
2088 1909 2181 1969 hic
2211 1910 2335 1968 illic
2365 1909 2691 1985 legentium

356 1997 675 2055 memoriae
722 1996 1137 2054 inculcaretur.
1229 1995 1571 2056 Clarissimo
1626 1995 1688 2053 id
1734 1998 1983 2070 apparet
2025 2014 2091 2052 ex
2140 1995 2495 2069 473—481,
2546 2013 2695 2071 quos

358 2100 567 2140 versus
612 2081 796 2156 paulo
842 2081 1174 2139 accuratius
1219 2080 1681 2140 consideremus.
1770 2078 1863 2138 Ita
1907 2080 2093 2155 igitur
2137 2078 2441 2154 Iuppiter:

661 2192 733 2255 οὐ
772 2194 884 2275 γὰρ
927 2195 1072 2273 πρὶν
1113 2194 1370 2274 πολέμου
1414 2186 1825 2255 ἀποπαύσεται
1871 2193 2156 2273 ὄμβριμος
2184 2193 2442 2272 ’Ἑκτωρ,

661 2280 804 2358 πρὶν
846 2280 1055 2376 ὄρθαι
1055 2281 1235 2375 παρὰ
1284 2288 1478 2356 ναῦφι
1519 2279 1797 2340 amomum
1844 2282 2165 2357 Πηλεΐωνα

658 2365 835 2443 ἤματι
880 2374 992 2447 τῷ,
1036 2357 1124 2425 ὅτ’
1172 2389 1253 2426 αν
1295 2367 1356 2425 οἳ
1397 2362 1508 2443 μὲν
1551 2363 1647 2425 ἐπὶ
1690 2363 1993 2445 πρύμνῃσι
2036 2364 2362 2442 μάχωνται,

662 2450 876 2510 στείνει
920 2448 985 2509 ἐν
1026 2444 1341 2532 αἰνοτατῳ,
1387 2447 1520 2531 περὶ
1571 2448 1939 2528 Πατρόκλοιο
1980 2448 2291 2521 πεσόντος·

663 2528 744 2607 ὡς
788 2533 899 2617 γὰρ
945 2533 1254 2612 θέσφατόν
1298 2533 1442 2597 ἐστι.

358 2676 444 2734 Ut
483 2692 668 2749 supra
712 2694 768 2732 v.
817 2675 1020 2733 466-
948 2674 1182 2747 -468,
1239 2676 1343 2749 qui
1387 2676 1450 2732 et
1495 2674 1555 2731 in
1603 2674 1845 2747 optimis
1890 2672 2187 2731 codicibus
2234 2672 2594 2731 omittuntur
2636 2673 2698 2729 et

357 2780 392 2817 a
420 2759 662 2819 scholiis
694 2760 1067 2835 ignorantur,
1116 2758 1233 2816 iam
1280 2762 1510 2817 mature
1557 2758 1778 2816 sublati
1817 2776 1945 2816 esse
1978 2757 2273 2831 videntur,
2323 2758 2404 2815 ita
2445 2757 2539 2815 hic
2571 2758 2694 2815 475

358 2849 419 2903 et
461 2845 585 2902 476
641 2843 716 2901 ab
772 2842 1117 2901 Aristarcho
1176 2843 1492 2919 improbati
1553 2847 1721 2901 sunt.
1780 2836 2143 2900 ἆθετοῦνται
2186 2840 2371 2917 στίχοι
2413 2837 2553 2915 δυο,
2609 2833 2696 2899 ὅτι

355 2925 456 2986 διὰ
504 2935 611 2985 τοῦ
653 2923 873 3004 ἤματι
919 2932 1018 3008 τῷ
1060 2926 1328 2998 πλείονος
1372 2925 1587 3004 χρόνου
1631 2920 1958 3003 ὑπέρθεσιν
2001 2925 2306 3025 σημαίνει,
2354 2933 2426 3027 τῆ
2468 2922 2533 2983 δὲ
2563 2923 2695 3002 ἓξης

358 3008 453 3071 ἐπὶ
490 3008 597 3071 τὸν
625 3010 856 3091 τάφρον
898 3009 1151 3091 παράγει
1189 3009 1290 3070 τὸν
1313 3007 1596 3089 Ἀχιλλέα.
1641 3009 1741 3070 καὶ
1783 3005 2195 3088 ακριβολογεῖν
2223 3005 2333 3069 οὐκ
2362 2986 2698 3088 αναγκαῖον

357 3094 510 3155 κατὰ
557 3096 692 3154 τίνα
736 3092 952 3173 καιρὸν
994 3093 1474 3173 ἕξαναστήσεται,
1519 3090 1689 3173 ἀρκεῖ
1729 3092 1791 3153 δὲ
1837 3092 2025 3172 „nolit
2068 3092 2256 3169 ὄρθαι
2298 3091 2458 3172 παρὰ
2509 3103 2697 3169 ναῦφι

355 3178 628 3240 ποδώκεα
677 3180 1059 3258 quermva‘&
1117 3176 1182 3239 τό
1226 3202 1283 3238 τε
1330 3178 1761 3258 ἐπιφερόμενον
1805 3174 2033 3252 ψεῦδός
2079 3201 2132 3237 τι
2178 3176 2321 3255 ἔχει·
2371 3176 2443 3237 οὐ
2487 3176 2600 3258 γὰρ
2631 3177 2699 3237 ἕν

359 3273 438 3347 τῷ
482 3265 697 3325 στείνει
738 3286 1041 3343 μαχονται.
1127 3266 1221 3325 Ita
1263 3268 1502 3342 quidem
1532 3267 1927 3339 Aristonicus»,
1976 3269 2036 3323 et
2080 3266 2264 3324 secuti
2312 3270 2454 3323 sunt
2497 3284 2695 3323 recen-

357 3354 540 3411 tiores
607 3356 668 3411 et
730 3352 876 3410 adeo
944 3351 1372 3410 Nitzschius
1427 3353 1487 3410 in
1543 3351 1728 3425 libre,
1795 3369 1972 3426 quem
2038 3349 2108 3408 de
2165 3349 2478 3409 Homerica
2531 3350 2696 3425 poesi

359 3438 619 3512 scripsit,
667 3456 726 3511 p.
763 3436 911 3495 249:
959 3440 1135 3512 recte,
1182 3438 1232 3495 si
1277 3438 1337 3494 in
1383 3439 1596 3511 poetae
1626 3436 1888 3494 carmine
1919 3452 2294 3492 versaremur
2323 3434 2398 3493 ab
2430 3435 2696 3510 indignis

356 3522 788 3580 additamentis
831 3521 1161 3580 liberando·
1251 3520 1474 3578 Verum
1519 3520 1722 3596 agitur
1779 3519 1849 3577 de
1908 3521 2412 3593 consarcinatore,
2473 3519 2575 3594 qui
2634 3519 2696 3576 in

358 3605 798 3682 comportandis
845 3605 1317 3680 consuendisque
1378 3605 1757 3679 centonibus,
1814 3604 2031 3679 quibus
2086 3604 2323 3662 lacunas
2369 3604 2525 3661 iuter
2569 3603 2697 3678 ipsa

359 3693 620 3749 carmina
663 3690 898 3749 hiantes
943 3690 1234 3765 expleret,
1298 3690 1357 3748 id
1413 3690 1586 3748 unice
1632 3690 1877 3764 agebat,
1935 3690 2005 3746 ut
2050 3689 2379 3747 Homericis
2425 3688 2696 3746 formulis

359 3779 646 3850 uteretur,
692 3794 842 3850 quae
886 3778 1086 3833 utrum
1133 3778 1296 3833 recte
1341 3794 1415 3832 an
1462 3792 1645 3849 prave
1691 3773 2135 3848 adhiberentur,
2183 3792 2392 3848 parum
2437 3773 2565 3830 eius
2611 3773 2696 3830 in·

358 3864 609 3933 tererat,
668 3860 989 3918 dummodo
1035 3879 1186 3936 quae
1231 3860 1413 3920 vellet
1455 3858 1630 3934 plene
1675 3859 1987 3917 enuntiare
2034 3857 2148 3917 sibi
2194 3857 2514 3916 videretur.
2606 3856 2699 3914 Ita

360 3949 420 4003 et
460 3945 601 4003 huic
643 3945 774 4003 loco
823 3962 894 4003 ex
937 3945 1228 4004 eiusmodi
1274 3944 1510 4021 quidem
1558 3943 1817 4001 hominis
1863 3946 2062 4001 mente
2092 3941 2320 4017 aliquid
2351 3941 2694 3999 defuturum

364 4028 563 4105 fuisse,
609 4029 724 4087 nisi
771 4036 834 4087 et
875 4049 1079 4106 pugna
1117 4030 1344 4088 navalis
1391 4033 1453 4087 et
1496 4027 1757 4086 Patrocli
1803 4027 2010 4086 caedes
2057 4027 2273 4085 diserte
2317 4026 2694 4101 indicaretur,

363 4115 451 4172 vel
483 4115 652 4173 locus
683 4115 1011 4173 consimilis
1057 4114 1231 4173 docet
1261 4113 1312 4170 Ο
1346 4115 1615 4188 64-68,
1664 4113 1766 4171 ubi
1812 4112 1967 4170 idem
2016 4111 2269 4169 fortasse
2298 4111 2484 4185 priori
2514 4112 2693 4170 inter-

362 4199 670 4273 polationi,
715 4218 866 4274 quae
910 4198 1070 4257 Iovis
1114 4198 1190 4256 ad
1220 4198 1510 4256 Iunonem
1555 4199 1882 4256 orationem
1931 4215 2105 4255 versu
2138 4197 2216 4252 55
2249 4197 2529 4270 primitus
2560 4216 2691 4254 con-

361 4285 582 4343 clusam
632 4284 901 4343 versibus
947 4284 1195 4341 56—63
1243 4288 1302 4340 et
1348 4284 1596 4341 69—77
1642 4284 1837 4357 auxit,
1893 4286 2033 4357 post
2090 4281 2273 4338 verba
2330 4301 2436 4356 per
2492 4300 2553 4339 se
2611 4300 2697 4340 re·

371 4370 630 4429 ctissime
675 4368 834 4426 dicta
863 4365 1015 4447 (vid.
1050 4369 1275 4426 A311.
1325 4368 1466 4442 824,
1514 4369 1585 4424 ut
1614 4371 1838 4426 taceam
1885 4367 1957 4424 de
2003 4367 2040 4423 Ι
2066 4367 2207 4424 235.
2258 4365 2333 4421 Μ
2368 4368 2504 4424 107.
2560 4366 2696 4423 126.

2731 1920 2798 1968 28
