3132 5129
1366 402 1823 465 -212—

591 558 882 655 θεσπεσίῃ
926 557 1096 641 ἰαχῇ·
1145 554 1244 637 ἐμὲ
1288 554 1354 618 δὲ
1397 557 1629 656 χλωρὸν
1673 556 1802 630 δέος
1848 554 2014 653 ᾕρει,
2497 569 2770 617 435633

593 638 674 721 μή
719 665 818 720 μοι
871 642 1154 721 Γοργείην
1197 637 1470 718 κεφαλὴν
1514 644 1738 703 δεινοῖο
1783 639 2056 716 πελώρου
2670 652 2775 701 634

597 726 655 801 ἐξ
693 725 905 789 Ἀίδεω
946 727 1238 806 πέμψειεν
1281 723 1480 805 ἀγαυὴ
1530 724 1960 827 Περσεφόνεια.

681 809 883 873 αὐτίκ’
935 807 1114 874 ἔπειτ’
1165 810 1261 874 ἐπὶ
1306 815 1422 891 νῆα
1465 836 1615 874 κιων
1660 811 1929 874 ἐκέλευον
1974 810 2239 892 ἑταίρους

590 890 814 970 αὐτούς
861 894 913 956 τ’
961 894 1280 977 ἀμβαίνειν
1321 893 1439 958 alvei
1486 922 1544 959 τε
1591 896 1930 976 πρυμνήσια
1974 903 2178 957 λῦσαι·

594 984 656 1042 οἳ
699 978 758 1043 δ’
809 975 952 1058 αἶψ’
1001 983 1309 1062 εἴσβαιιον
1357 982 1456 1042 καὶ
1506 981 1601 1043 ἐπὶ
1648 987 1846 1061 κληῖσι
1891 985 2164 1055 καθῖζον.

509 1091 545 1129 a
673 1068 803 1146 τὴν
847 1065 925 1128 δὲ
972 1064 1117 1127 κατ’
1163 1063 1529 1130 Ὠκεανὸν
1572 1066 1912 1144 ποταμὸν
1956 1066 2132 1146 φέρε
2178 1068 2372 1143 κῦμα
2417 1060 2655 1171 ῥόοιο,

589 1162 841 1230 πρῶτα
884 1150 1019 1231 μὲν
1062 1152 1383 1232 εἰρεσίῃ,
1427 1152 1825 1232 μετέπειτα
1872 1150 1947 1212 δὲ
1991 1142 2625 1229 κάλλιμοςουρος.
2670 1161 2773 1209 640

597 1325 816 1383 Iisdem
879 1344 1052 1398 vero,
1110 1326 1327 1400 quibus
1371 1325 1793 1384 Academicum
1840 1325 1998 1383 bunc
2042 1324 2320 1382 ultimum
2365 1342 2619 1399 eumque
2664 1324 2766 1382 tri·

423 1411 703 1470 cesimum
737 1411 982 1469 tertium
1012 1410 1282 1469 libellum
1331 1411 1613 1483 conclusi,
1663 1409 1931 1469 versibus
1976 1411 2092 1467 iam
2135 1408 2282 1467 mihi
2329 1427 2563 1483 quoque
2606 1410 2770 1467 navi·

423 1496 615 1554 culam
661 1515 854 1555 meam
922 1495 1153 1553 solvere
1209 1496 1384 1553 liceat
1438 1496 1650 1553 faustis
1705 1495 1984 1570 auspiciis
2043 1494 2487 1568 ominibusque,
2544 1494 2771 1567 quippe

321 1588 387 1636 22
433 1599 565 1639 cum
613 1581 890 1639 aid-vitae
935 1597 1055 1637 non
1100 1580 1297 1637 minus
1341 1599 1520 1654 quam
1565 1581 1638 1637 ad
1680 1580 2077 1655 navigationis
2109 1597 2343 1637 cursum
2375 1577 2489 1636 rite
2521 1581 2768 1653 tutoque

427 1665 753 1722 tenendum
800 1663 1035 1738 remigii
1079 1663 1172 1723 vel
1220 1665 1612 1740 impigerrimi
1658 1665 1823 1723 labor
1875 1664 2024 1723 nihil
2081 1662 2315 1722 efficere
2368 1662 2593 1735 valeat,
2651 1663 2769 1721 nisi

428 1748 607 1807 simul
667 1748 922 1806 secunda
980 1748 1242 1807 iuvantis
1289 1750 1380 1806 dei
1427 1768 1570 1807 aura
1615 1749 1763 1808 velis
1809 1749 2117 1806 afflaverit.
2209 1747 2276 1804 Id
2326 1764 2466 1805 vero
2513 1750 2582 1805 ut
2623 1747 2770 1806 mihi

424 1832 603 1889 etiam
662 1851 885 1891 novum
941 1833 1099 1892 hunc
1155 1852 1387 1893 cursum
1443 1834 1787 1910 ingressuro
1833 1834 2072 1891 eveniat
2114 1833 2242 1890 fore
2290 1851 2357 1891 eo
2404 1832 2594 1907 magis
2639 1851 2767 1907 spe-

425 1917 685 1975 randum
729 1916 984 1989 videtur,
1040 1919 1318 1994 quoniam
1351 1919 1411 1976 in
1460 1919 1713 1993 patriam
1759 1918 2060 1976 rediturus
2106 1936 2236 1974 sum
2281 1935 2402 1975 non
2445 1935 2514 1973 ex
2562 1916 2768 1975 inferis

422 2002 628 2077 regnis
675 2020 872 2060 crassa
916 2003 1169 2080 caligine
1216 2004 1490 2063 obductis
1535 2003 1901 2061 imminentis
1944 2002 2199 2060 monstri
2242 2004 2468 2060 terrore
2500 2001 2764 2077 sugatuS,

423 2085 526 2143 sed
584 2104 652 2143 ex
710 2087 863 2145 alma
919 2089 1164 2164 regione
1223 2089 1405 2147 unitis
1462 2088 1759 2147 libertatis
1822 2087 2065 2145 virtutis
2127 2086 2520 2145 humanitatis
2584 2084 2767 2145 radiis

425 2170 776 2229 collustrata
832 2173 1075 2247 optimis
1132 2174 1494 2247 optimorum
1558 2173 1881 2232 amicorum
1934 2172 2092 2231 votis
2150 2171 2493 2243 comitatus,
2550 2169 2767 2245 quibus

425 2255 633 2314 amicis
679 2275 789 2331 pro
836 2260 927 2315 tot
973 2258 1274 2332 tantisque
1319 2258 1380 2316 in
1425 2278 1519 2316 me
1563 2259 1795 2317 meritis
1840 2257 1987 2315 nihil
2035 2260 2140 2314 aut
2170 2256 2367 2313 verius
2399 2258 2505 2313 aut
2534 2255 2765 2315 dulcius

425 2339 639 2399 intimo
684 2359 755 2398 ex
801 2341 999 2401 animo
1045 2360 1316 2417 regerere
1345 2359 1517 2417 posse
1546 2342 1695 2400 mihi
1724 2342 1946 2415 videor,
1995 2342 2110 2399 nisi
2141 2340 2262 2414 illa,
2309 2340 2528 2415 quibus
2558 2339 2765 2398 Ulixes

426 2428 631 2482 noster
675 2426 795 2483 iam
841 2425 1136 2502 hospitale
1181 2426 1366 2484 limen
1411 2429 1794 2502 superaturus
1839 2425 2202 2483 Phaeacibus
2256 2426 2379 2483 suis
2436 2427 2764 2483 extremum

425 2508 639 2583 „vale“
688 2508 858 2569 dicit:

429 2645 716 2701 ΥΜΕΙΣ
743 2640 827 2704 Δ’
877 2647 1096 2705 ΑΤΘΙ
1139 2646 1634 2705 ΜΕΝΟΝΤΕΣ
1672 2645 2272 2705 ΕΤΦΡΑΙΝΟΙΤΕ
2318 2646 2772 2703 ΓΓΝΑΙΚΑΣ

426 2727 911 2787 ΚΟΥΡΙΔΙΑΣ
949 2732 1109 2790 ΚΑΙ
1153 2731 1475 2790 ΤΕΚΝΑ·
1525 2731 1735 2790 ΘΕΟΙ
1780 2726 1854 2786 Δ’
1906 2732 2264 2791 ΑΡΕΤΗΝ
2305 2730 2771 2789 ΟΠΑΣΕΙΑΝ

423 2812 928 2872 HANTOIHN·
979 2816 1138 2873 ΚΑΙ
1186 2816 1336 2873 ΜΗ
1379 2817 1465 2873 TI
1508 2815 1815 2875 KAKON
1854 2815 2467 2874 METAAHMION
2508 2814 2690 2872 EIH.
