<?xml version="1.0" encoding="UTF-8"?>
<!DOCTYPE html PUBLIC "-//W3C//DTD XHTML 1.0 Transitional//EN"
    "http://www.w3.org/TR/xhtml1/DTD/xhtml1-transitional.dtd">
<html xmlns="http://www.w3.org/1999/xhtml" xml:lang="en" lang="en">
 <head>
  <title>
</title>
<meta http-equiv="Content-Type" content="text/html;charset=utf-8" />
  <meta name='ocr-system' content='tesseract 3.04.00' />
  <meta name='ocr-capabilities' content='ocr_page ocr_carea ocr_par ocr_line ocrx_word'/>
</head>
<body>
  <div class='ocr_page' id='page_1' title='image "./opusculaphilolo00koecgoog_0335.png"; bbox 0 0 3132 5129; ppageno 0'>
   <div class='ocr_carea' id='block_1_1' title="bbox 1285 379 1750 444">
    <p class='ocr_par' dir='ltr' id='par_1_1' title="bbox 1285 379 1750 444">
     <span class='ocr_line' id='line_1_1' title="bbox 1285 379 1750 444; baseline 0 0"><span class='ocrx_word' id='word_1_1' title='bbox 1285 379 1583 444; x_wconf 81' lang='lat'><strong>-323</strong></span> <span class='ocrx_word' id='word_1_2' title='bbox 1675 416 1750 429; x_wconf 92' lang='lat'>-</span> 
     </span>
    </p>
   </div>
   <div class='ocr_carea' id='block_1_2' title="bbox 529 535 756 599">
    <p class='ocr_par' dir='ltr' id='par_1_2' title="bbox 529 535 756 599">
     <span class='ocr_line' id='line_1_2' title="bbox 529 535 756 599; baseline 0.005 -5"><span class='ocrx_word' id='word_1_3' title='bbox 529 535 756 599; x_wconf 84' lang='lat' dir='ltr'><strong>V.67.</strong></span> 
     </span>
    </p>
   </div>
   <div class='ocr_carea' id='block_1_3' title="bbox 604 628 2352 799">
    <p class='ocr_par' dir='ltr' id='par_1_3' title="bbox 604 628 2329 799">
     <span class='ocr_line' id='line_1_3' title="bbox 612 628 2250 738; baseline 0.001 -44"><span class='ocrx_word' id='word_1_4' title='bbox 612 628 881 695; x_wconf 82' lang='grc' dir='ltr'><em>Τοῦνεκα</em></span> <span class='ocrx_word' id='word_1_5' title='bbox 924 632 1026 694; x_wconf 74' lang='grc' dir='ltr'><em>καὶ</em></span> <span class='ocrx_word' id='word_1_6' title='bbox 1070 633 1396 696; x_wconf 77' lang='grc' dir='ltr'><strong><em>πάντεσσιν</em></strong></span> <span class='ocrx_word' id='word_1_7' title='bbox 1436 630 1753 714; x_wconf 78' lang='grc' dir='ltr'><em>ὁμόστολος</em></span> <span class='ocrx_word' id='word_1_8' title='bbox 1797 632 2022 732; x_wconf 72' lang='grc' dir='ltr'><em>ἔρχεται</em></span> <span class='ocrx_word' id='word_1_9' title='bbox 2066 632 2250 738; x_wconf 80' lang='grc' dir='ltr'><em>ἰχθὺς</em></span> 
     </span>
     <span class='ocr_line' id='line_1_4' title="bbox 604 711 2352 799; baseline 0.001 -20"><span class='ocrx_word' id='word_1_10' title='bbox 604 717 832 796; x_wconf 82' lang='grc' dir='ltr'><em>φαιὸς</em></span> <span class='ocrx_word' id='word_1_11' title='bbox 876 720 1064 799; x_wconf 81' lang='grc' dir='ltr'><em>ἰδεῖν,</em></span> <span class='ocrx_word' id='word_1_12' title='bbox 1112 718 1342 799; x_wconf 81' lang='grc' dir='ltr'><em>δολιχός</em></span> <span class='ocrx_word' id='word_1_13' title='bbox 1386 742 1447 781; x_wconf 90' lang='grc' dir='ltr'><em>τε</em></span> <span class='ocrx_word' id='word_1_14' title='bbox 1492 718 1701 798; x_wconf 79' lang='grc' dir='ltr'><em>δέμας,</em></span> <span class='ocrx_word' id='word_1_15' title='bbox 1746 711 1926 799; x_wconf 75' lang='grc' dir='ltr'><em>λεπτὴ</em></span> <span class='ocrx_word' id='word_1_16' title='bbox 1970 718 2038 779; x_wconf 81' lang='grc' dir='ltr'><em>δέ</em></span> <span class='ocrx_word' id='word_1_17' title='bbox 2080 719 2146 780; x_wconf 73' lang='grc' dir='ltr'><em>οἵ</em></span> <span class='ocrx_word' id='word_1_18' title='bbox 2179 713 2352 798; x_wconf 88' lang='grc' dir='ltr'><em>ουρή.</em></span> 
     </span>
    </p>
   </div>
   <div class='ocr_carea' id='block_1_4' title="bbox 350 834 2693 1258">
    <p class='ocr_par' dir='ltr' id='par_1_4' title="bbox 350 834 2689 1257">
     <span class='ocr_line' id='line_1_5' title="bbox 351 834 2689 918; baseline 0 -22"><span class='ocrx_word' id='word_1_19' title='bbox 351 835 544 910; x_wconf 85' lang='grc' dir='ltr'><em>Φαιὸς</em></span> <span class='ocrx_word' id='word_1_20' title='bbox 588 858 695 917; x_wconf 90' lang='lat' dir='ltr'><em>pro</em></span> <span class='ocrx_word' id='word_1_21' title='bbox 740 859 836 917; x_wconf 86' lang='grc' dir='ltr'><em>οο,</em></span> <span class='ocrx_word' id='word_1_22' title='bbox 882 840 1039 916; x_wconf 83' lang='lat' dir='ltr'><strong>quod</strong></span> <span class='ocrx_word' id='word_1_23' title='bbox 1085 840 1146 899; x_wconf 88' lang='lat' dir='ltr'><em>in</em></span> <span class='ocrx_word' id='word_1_24' title='bbox 1190 841 1362 899; x_wconf 82' lang='lat' dir='ltr'><strong>libris</strong></span> <span class='ocrx_word' id='word_1_25' title='bbox 1405 841 1630 912; x_wconf 75' lang='lat' dir='ltr'><strong>legitur</strong></span> <span class='ocrx_word' id='word_1_26' title='bbox 1657 834 1831 918; x_wconf 84' lang='grc' dir='ltr'><em>βαιὸς</em></span> <span class='ocrx_word' id='word_1_27' title='bbox 1858 861 1967 902; x_wconf 83' lang='lat' dir='ltr'><em>nec</em></span> <span class='ocrx_word' id='word_1_28' title='bbox 1999 859 2139 901; x_wconf 79' lang='lat' dir='ltr'><strong>sano</strong></span> <span class='ocrx_word' id='word_1_29' title='bbox 2169 841 2418 900; x_wconf 80' lang='lat' dir='ltr'><strong>retineri</strong></span> <span class='ocrx_word' id='word_1_30' title='bbox 2447 840 2689 916; x_wconf 78' lang='lat' dir='ltr'><strong>poterit,</strong></span> 
     </span>
     <span class='ocr_line' id='line_1_6' title="bbox 350 925 2689 1001; baseline -0.001 -17"><span class='ocrx_word' id='word_1_31' title='bbox 350 925 737 985; x_wconf 67' lang='lat' dir='ltr'><em>Schneiderus</em></span> <span class='ocrx_word' id='word_1_32' title='bbox 790 944 823 984; x_wconf 83' lang='lat' dir='ltr'>e</span> <span class='ocrx_word' id='word_1_33' title='bbox 880 926 1218 987; x_wconf 75' lang='lat' dir='ltr'><strong>coniectura</strong></span> <span class='ocrx_word' id='word_1_34' title='bbox 1272 927 1536 1001; x_wconf 80' lang='lat' dir='ltr'><strong>scripsit,</strong></span> <span class='ocrx_word' id='word_1_35' title='bbox 1595 927 1762 985; x_wconf 81' lang='lat' dir='ltr'><strong>nisus</strong></span> <span class='ocrx_word' id='word_1_36' title='bbox 1820 926 1922 985; x_wconf 83' lang='lat' dir='ltr'><strong>ille</strong></span> <span class='ocrx_word' id='word_1_37' title='bbox 1967 926 2202 985; x_wconf 77' lang='lat' dir='ltr'><strong>Aeliani</strong></span> <span class='ocrx_word' id='word_1_38' title='bbox 2256 926 2387 985; x_wconf 86' lang='lat' dir='ltr'><strong>loco</strong></span> <span class='ocrx_word' id='word_1_39' title='bbox 2446 926 2519 984; x_wconf 80' lang='lat' dir='ltr'><em>de</em></span> <span class='ocrx_word' id='word_1_40' title='bbox 2562 928 2689 984; x_wconf 77' lang='lat' dir='ltr'><strong>nat.</strong></span> 
     </span>
     <span class='ocr_line' id='line_1_7' title="bbox 352 1001 2691 1089; baseline 0 -21"><span class='ocrx_word' id='word_1_41' title='bbox 352 1012 532 1072; x_wconf 81' lang='lat' dir='ltr'><strong>anim.</strong></span> <span class='ocrx_word' id='word_1_42' title='bbox 579 1009 670 1086; x_wconf 87' lang='lat'><em>11,</em></span> <span class='ocrx_word' id='word_1_43' title='bbox 721 1012 829 1085; x_wconf 88' lang='lat'><em>13,</em></span> <span class='ocrx_word' id='word_1_44' title='bbox 875 1010 980 1069; x_wconf 87' lang='lat' dir='ltr'><em>ubi</em></span> <span class='ocrx_word' id='word_1_45' title='bbox 1024 1011 1327 1070; x_wconf 79' lang='lat' dir='ltr'><strong>musculus</strong></span> <span class='ocrx_word' id='word_1_46' title='bbox 1385 1005 1564 1086; x_wconf 74' lang='grc' dir='ltr'><strong><em>ἰχθὺς</em></strong></span> <span class='ocrx_word' id='word_1_47' title='bbox 1607 1004 1831 1085; x_wconf 85' lang='grc' dir='ltr'><em>μακρὸς</em></span> <span class='ocrx_word' id='word_1_48' title='bbox 1874 1006 1975 1069; x_wconf 86' lang='grc' dir='ltr'><em>καὶ</em></span> <span class='ocrx_word' id='word_1_49' title='bbox 2019 1001 2229 1081; x_wconf 86' lang='grc' dir='ltr'><em>λευκός</em></span> <span class='ocrx_word' id='word_1_50' title='bbox 2272 1010 2611 1087; x_wconf 78' lang='lat' dir='ltr'><strong>appellatm</strong></span> <span class='ocrx_word' id='word_1_51' title='bbox 2621 1002 2691 1089; x_wconf 94' lang='lat'><em>¹)</em></span> 
     </span>
     <span class='ocr_line' id='line_1_8' title="bbox 353 1086 2693 1172; baseline 0 -19"><span class='ocrx_word' id='word_1_52' title='bbox 353 1093 532 1154; x_wconf 77' lang='lat' dir='ltr'><strong>Putat</strong></span> <span class='ocrx_word' id='word_1_53' title='bbox 574 1095 956 1155; x_wconf 74' lang='lat' dir='ltr'><em>Schneiderus</em></span> <span class='ocrx_word' id='word_1_54' title='bbox 1001 1086 1212 1171; x_wconf 82' lang='grc' dir='ltr'>φαιός,</span> <span class='ocrx_word' id='word_1_55' title='bbox 1271 1096 1432 1171; x_wconf 90' lang='lat' dir='ltr'><strong>quod</strong></span> <span class='ocrx_word' id='word_1_56' title='bbox 1487 1096 1631 1155; x_wconf 81' lang='lat' dir='ltr'><strong>alibi</strong></span> <span class='ocrx_word' id='word_1_57' title='bbox 1685 1096 1919 1168; x_wconf 77' lang='lat' dir='ltr'><strong><em>fuscum</em></strong></span> <span class='ocrx_word' id='word_1_58' title='bbox 1976 1097 2233 1155; x_wconf 83' lang='lat' dir='ltr'><strong>colorem</strong></span> <span class='ocrx_word' id='word_1_59' title='bbox 2286 1099 2489 1172; x_wconf 74' lang='lat' dir='ltr'>notat,</span> <span class='ocrx_word' id='word_1_60' title='bbox 2546 1095 2605 1153; x_wconf 90' lang='lat' dir='ltr'><em>h.</em></span> <span class='ocrx_word' id='word_1_61' title='bbox 2652 1094 2693 1154; x_wconf 89' lang='lat'><em>1.</em></span> 
     </span>
     <span class='ocr_line' id='line_1_9' title="bbox 353 1180 2693 1258; baseline -0.001 -19"><span class='ocrx_word' id='word_1_62' title='bbox 353 1181 721 1254; x_wconf 72' lang='lat' dir='ltr'><em>splendidum</em></span> <span class='ocrx_word' id='word_1_63' title='bbox 763 1183 826 1239; x_wconf 78' lang='lat' dir='ltr'><em>et</em></span> <span class='ocrx_word' id='word_1_64' title='bbox 868 1182 1068 1240; x_wconf 77' lang='lat' dir='ltr'><em>album</em></span> <span class='ocrx_word' id='word_1_65' title='bbox 1110 1180 1464 1257; x_wconf 78' lang='lat' dir='ltr'><strong>significare</strong></span> <span class='ocrx_word' id='word_1_66' title='bbox 1555 1180 1674 1240; x_wconf 77' lang='lat' dir='ltr'><em>Sed</em></span> <span class='ocrx_word' id='word_1_67' title='bbox 1717 1182 1829 1241; x_wconf 81' lang='lat' dir='ltr'><em>hoc</em></span> <span class='ocrx_word' id='word_1_68' title='bbox 1874 1201 2004 1241; x_wconf 81' lang='lat' dir='ltr'><em>cum</em></span> <span class='ocrx_word' id='word_1_69' title='bbox 2052 1181 2196 1241; x_wconf 80' lang='lat' dir='ltr'><strong>satis</strong></span> <span class='ocrx_word' id='word_1_70' title='bbox 2241 1182 2322 1240; x_wconf 79' lang='lat' dir='ltr'><em>sit</em></span> <span class='ocrx_word' id='word_1_71' title='bbox 2378 1182 2693 1258; x_wconf 78' lang='lat' dir='ltr'><strong>incertum,</strong></span> 
     </span>
    </p>
   </div>
   <div class='ocr_carea' id='block_1_5' title="bbox 353 1259 2693 1408">
    <p class='ocr_par' dir='ltr' id='par_1_5' title="bbox 353 1259 2693 1408">
     <span class='ocr_line' id='line_1_10' title="bbox 353 1259 2693 1408; baseline -0.001 -83"><span class='ocrx_word' id='word_1_72' title='bbox 353 1266 610 1408; x_wconf 56' lang='grc' dir='ltr'><em>ἷὲῗεξεο</em></span> <span class='ocrx_word' id='word_1_73' title='bbox 647 1259 965 1343; x_wconf 85' lang='grc' dir='ltr'><em>φαιδρός</em></span> <span class='ocrx_word' id='word_1_74' title='bbox 1007 1265 1460 1342; x_wconf 78' lang='lat' dir='ltr'><strong>praeferendum</strong></span> <span class='ocrx_word' id='word_1_75' title='bbox 1504 1267 1642 1326; x_wconf 75' lang='lat' dir='ltr'><strong>erit.</strong></span> <span class='ocrx_word' id='word_1_76' title='bbox 1732 1265 1823 1326; x_wconf 87' lang='lat' dir='ltr'><em>Cf.</em></span> <span class='ocrx_word' id='word_1_77' title='bbox 1872 1265 2098 1344; x_wconf 84' lang='lat' dir='ltr'><strong>Cyneg.</strong></span> <span class='ocrx_word' id='word_1_78' title='bbox 2143 1266 2392 1342; x_wconf 87' lang='lat'>11,302</span> <span class='ocrx_word' id='word_1_79' title='bbox 2440 1260 2693 1344; x_wconf 84' lang='grc' dir='ltr'><em>φαιδρὸς</em></span> 
     </span>
     <span class='ocr_line' id='line_1_11' title="bbox 444 1364 593 1408; baseline 0.013 -2"><span class='ocrx_word' id='word_1_80' title='bbox 444 1364 480 1406; x_wconf 79' lang='lat'><em>(5</em></span> <span class='ocrx_word' id='word_1_81' title='bbox 531 1370 593 1408; x_wconf 67' lang='grc' dir='ltr'><em>αὖ</em></span> 
     </span>
    </p>
   </div>
   <div class='ocr_carea' id='block_1_6' title="bbox 524 1434 924 1511">
    <p class='ocr_par' dir='ltr' id='par_1_6' title="bbox 524 1434 924 1511">
     <span class='ocr_line' id='line_1_12' title="bbox 524 1434 924 1511; baseline 0.01 -20"><span class='ocrx_word' id='word_1_82' title='bbox 524 1434 597 1495; x_wconf 87' lang='lat' dir='ltr'><em>V.</em></span> <span class='ocrx_word' id='word_1_83' title='bbox 647 1436 768 1494; x_wconf 82' lang='lat'><em>279</em></span> <span class='ocrx_word' id='word_1_84' title='bbox 793 1454 924 1511; x_wconf 84' lang='lat' dir='ltr'><strong>sqq.</strong></span> 
     </span>
    </p>
   </div>
   <div class='ocr_carea' id='block_1_7' title="bbox 601 1526 2286 1787">
    <p class='ocr_par' dir='ltr' id='par_1_7' title="bbox 601 1526 2286 1787">
     <span class='ocr_line' id='line_1_13' title="bbox 601 1526 2176 1634; baseline 0.003 -42.032"><span class='ocrx_word' id='word_1_85' title='bbox 601 1530 708 1595; x_wconf 88' lang='grc' dir='ltr'><em>Ἐν</em></span> <span class='ocrx_word' id='word_1_86' title='bbox 750 1533 815 1594; x_wconf 80' lang='grc' dir='ltr'><em>δέ</em></span> <span class='ocrx_word' id='word_1_87' title='bbox 857 1534 921 1594; x_wconf 84' lang='grc' dir='ltr'><em>οἵ</em></span> <span class='ocrx_word' id='word_1_88' title='bbox 957 1529 1270 1618; x_wconf 79' lang='grc' dir='ltr'><em>ὥτειλῇσιν</em></span> <span class='ocrx_word' id='word_1_89' title='bbox 1311 1526 1728 1634; x_wconf 68' lang='grc' dir='ltr'><em>ἀφυσσάμενοι</em></span> <span class='ocrx_word' id='word_1_90' title='bbox 1773 1528 1913 1614; x_wconf 77' lang='grc' dir='ltr'><em>ῥόον</em></span> <span class='ocrx_word' id='word_1_91' title='bbox 1956 1534 2176 1597; x_wconf 90' lang='grc' dir='ltr'><em>αντλου</em></span> 
     </span>
     <span class='ocr_line' id='line_1_14' title="bbox 606 1613 2286 1700; baseline 0.001 -22"><span class='ocrx_word' id='word_1_92' title='bbox 606 1618 976 1680; x_wconf 85' lang='grc' dir='ltr'><em>πευκεδανὸν</em></span> <span class='ocrx_word' id='word_1_93' title='bbox 1018 1616 1333 1693; x_wconf 82' lang='grc' dir='ltr'><em>στάζουσ’·</em></span> <span class='ocrx_word' id='word_1_94' title='bbox 1380 1613 1422 1697; x_wconf 77' lang='grc' dir='ltr'><strong><em>ἢ</em></strong></span> <span class='ocrx_word' id='word_1_95' title='bbox 1466 1617 1527 1682; x_wconf 92' lang='lat'>6’</span> <span class='ocrx_word' id='word_1_96' title='bbox 1578 1619 1771 1681; x_wconf 87' lang='grc' dir='ltr'><em>ελκεσι</em></span> <span class='ocrx_word' id='word_1_97' title='bbox 1811 1620 2137 1700; x_wconf 80' lang='grc' dir='ltr'><em>μισγομένη</em></span> <span class='ocrx_word' id='word_1_98' title='bbox 2179 1614 2286 1693; x_wconf 71' lang='grc' dir='ltr'><em>ἃλς</em></span> 
     </span>
     <span class='ocr_line' id='line_1_15' title="bbox 606 1698 1976 1787; baseline 0.002 -23"><span class='ocrx_word' id='word_1_99' title='bbox 606 1699 752 1781; x_wconf 76' lang='grc' dir='ltr'><em>ἠύτε</em></span> <span class='ocrx_word' id='word_1_100' title='bbox 795 1699 1067 1784; x_wconf 77' lang='grc' dir='ltr'><em>πυρκαϊὴ</em></span> <span class='ocrx_word' id='word_1_101' title='bbox 1111 1700 1441 1766; x_wconf 76' lang='grc' dir='ltr'><em>ὀλοώτατον</em></span> <span class='ocrx_word' id='word_1_102' title='bbox 1484 1698 1650 1786; x_wconf 86' lang='grc' dir='ltr'><em>ἦψεν</em></span> <span class='ocrx_word' id='word_1_103' title='bbox 1693 1704 1976 1787; x_wconf 82' lang='grc' dir='ltr'><em>ὄλεθρον.</em></span> 
     </span>
    </p>
   </div>
   <div class='ocr_carea' id='block_1_8' title="bbox 353 1824 2693 1992">
    <p class='ocr_par' dir='ltr' id='par_1_8' title="bbox 353 1824 2693 1992">
     <span class='ocr_line' id='line_1_16' title="bbox 353 1824 2693 1904; baseline 0.002 -21"><span class='ocrx_word' id='word_1_104' title='bbox 353 1824 448 1884; x_wconf 73' lang='lat' dir='ltr'><em>Ita</em></span> <span class='ocrx_word' id='word_1_105' title='bbox 477 1825 634 1884; x_wconf 82' lang='lat' dir='ltr'><strong>hune</strong></span> <span class='ocrx_word' id='word_1_106' title='bbox 676 1825 872 1885; x_wconf 81' lang='lat' dir='ltr'>locum</span> <span class='ocrx_word' id='word_1_107' title='bbox 914 1825 1316 1897; x_wconf 74' lang='lat' dir='ltr'><em>Schneiderus,</em></span> <span class='ocrx_word' id='word_1_108' title='bbox 1360 1828 1582 1904; x_wconf 78' lang='lat' dir='ltr'><strong>partim</strong></span> <span class='ocrx_word' id='word_1_109' title='bbox 1625 1849 1656 1888; x_wconf 83' lang='lat' dir='ltr'><strong>e</strong></span> <span class='ocrx_word' id='word_1_110' title='bbox 1702 1830 2071 1903; x_wconf 79' lang='lat' dir='ltr'><strong>coniectura,</strong></span> <span class='ocrx_word' id='word_1_111' title='bbox 2120 1828 2451 1889; x_wconf 72' lang='lat' dir='ltr'><strong>constituit.</strong></span> <span class='ocrx_word' id='word_1_112' title='bbox 2539 1829 2693 1888; x_wconf 83' lang='lat' dir='ltr'><em>Nam</em></span> 
     </span>
     <span class='ocr_line' id='line_1_17' title="bbox 358 1910 1871 1992; baseline 0.003 -23"><span class='ocrx_word' id='word_1_113' title='bbox 358 1910 502 1969; x_wconf 91' lang='lat' dir='ltr'><strong>olim</strong></span> <span class='ocrx_word' id='word_1_114' title='bbox 544 1911 728 1987; x_wconf 77' lang='lat' dir='ltr'>vulgo</span> <span class='ocrx_word' id='word_1_115' title='bbox 772 1912 1056 1987; x_wconf 76' lang='lat' dir='ltr'><strong>postremi</strong></span> <span class='ocrx_word' id='word_1_116' title='bbox 1102 1931 1309 1973; x_wconf 78' lang='lat' dir='ltr'>versus</span> <span class='ocrx_word' id='word_1_117' title='bbox 1352 1913 1439 1973; x_wconf 75' lang='lat' dir='ltr'><em>ita</em></span> <span class='ocrx_word' id='word_1_118' title='bbox 1481 1915 1871 1992; x_wconf 74' lang='lat' dir='ltr'><strong>legebantur.</strong></span> 
     </span>
    </p>
   </div>
   <div class='ocr_carea' id='block_1_9' title="bbox 605 2023 2358 2197">
    <p class='ocr_par' dir='ltr' id='par_1_9' title="bbox 605 2023 2358 2197">
     <span class='ocr_line' id='line_1_18' title="bbox 608 2023 2358 2109; baseline 0.002 -23"><span class='ocrx_word' id='word_1_119' title='bbox 608 2024 983 2089; x_wconf 83' lang='grc' dir='ltr'><em>πευκεδανόν</em></span> <span class='ocrx_word' id='word_1_120' title='bbox 1026 2023 1307 2101; x_wconf 83' lang='grc' dir='ltr'><em>στάζουσ’</em></span> <span class='ocrx_word' id='word_1_121' title='bbox 1352 2027 1393 2109; x_wconf 81' lang='grc' dir='ltr'><strong><em>ἢ</em></strong></span> <span class='ocrx_word' id='word_1_122' title='bbox 1438 2025 1498 2089; x_wconf 83' lang='grc' dir='ltr'><em>δ’</em></span> <span class='ocrx_word' id='word_1_123' title='bbox 1546 2027 1739 2092; x_wconf 87' lang='grc' dir='ltr'><em>ελκεσι</em></span> <span class='ocrx_word' id='word_1_124' title='bbox 1780 2030 2047 2108; x_wconf 82' lang='grc' dir='ltr'><em>μίσγεται</em></span> <span class='ocrx_word' id='word_1_125' title='bbox 2091 2027 2281 2109; x_wconf 89' lang='grc' dir='ltr'><em>αλμη,</em></span> <span class='ocrx_word' id='word_1_126' title='bbox 2350 2036 2358 2043; x_wconf 84' lang='grc'><strong>’</strong></span> 
     </span>
     <span class='ocr_line' id='line_1_19' title="bbox 605 2104 2159 2197; baseline 0.001 -25"><span class='ocrx_word' id='word_1_127' title='bbox 605 2104 754 2188; x_wconf 76' lang='grc' dir='ltr'><em>ἠύτε</em></span> <span class='ocrx_word' id='word_1_128' title='bbox 797 2122 921 2194; x_wconf 88' lang='grc' dir='ltr'><em>πῦρ</em></span> <span class='ocrx_word' id='word_1_129' title='bbox 962 2112 1064 2174; x_wconf 83' lang='grc' dir='ltr'><em>καὶ</em></span> <span class='ocrx_word' id='word_1_130' title='bbox 1107 2109 1258 2192; x_wconf 82' lang='grc' dir='ltr'><em>θῆρ’</em></span> <span class='ocrx_word' id='word_1_131' title='bbox 1309 2108 1635 2176; x_wconf 75' lang='grc' dir='ltr'><em>ὀλοώτατον</em></span> <span class='ocrx_word' id='word_1_132' title='bbox 1677 2107 1840 2195; x_wconf 81' lang='grc' dir='ltr'><em>ἦψεν</em></span> <span class='ocrx_word' id='word_1_133' title='bbox 1882 2114 2159 2197; x_wconf 84' lang='grc' dir='ltr'><em>ολεθρον.</em></span> 
     </span>
    </p>
   </div>
   <div class='ocr_carea' id='block_1_10' title="bbox 353 2233 2799 2825">
    <p class='ocr_par' dir='ltr' id='par_1_10' title="bbox 353 2233 2799 2825">
     <span class='ocr_line' id='line_1_20' title="bbox 354 2233 2691 2337; baseline 0.002 -44"><span class='ocrx_word' id='word_1_134' title='bbox 354 2233 443 2293; x_wconf 78' lang='lat' dir='ltr'><em>At</em></span> <span class='ocrx_word' id='word_1_135' title='bbox 505 2235 831 2337; x_wconf 75' lang='lat' dir='ltr'><strong>utrumque</strong></span> <span class='ocrx_word' id='word_1_136' title='bbox 903 2254 1141 2295; x_wconf 78' lang='lat' dir='ltr'><strong>versum</strong></span> <span class='ocrx_word' id='word_1_137' title='bbox 1213 2234 1357 2296; x_wconf 81' lang='lat' dir='ltr'><strong>haec</strong></span> <span class='ocrx_word' id='word_1_138' title='bbox 1427 2237 1711 2296; x_wconf 77' lang='lat' dir='ltr'><strong>adnotata</strong></span> <span class='ocrx_word' id='word_1_139' title='bbox 1781 2238 1876 2298; x_wconf 76' lang='lat' dir='ltr'><em>est</em></span> <span class='ocrx_word' id='word_1_140' title='bbox 1945 2237 2270 2311; x_wconf 77' lang='lat' dir='ltr'><strong>scripturae</strong></span> <span class='ocrx_word' id='word_1_141' title='bbox 2336 2235 2691 2297; x_wconf 79' lang='lat' dir='ltr'><strong>diversitas:</strong></span> 
     </span>
     <span class='ocr_line' id='line_1_21' title="bbox 355 2310 2693 2418; baseline 0.002 -42"><span class='ocrx_word' id='word_1_142' title='bbox 355 2314 669 2387; x_wconf 77' lang='grc' dir='ltr'><em>στάζουσιν</em></span> <span class='ocrx_word' id='word_1_143' title='bbox 728 2310 812 2378; x_wconf 79' lang='grc' dir='ltr'><em>ἰδ’</em></span> <span class='ocrx_word' id='word_1_144' title='bbox 873 2314 1060 2378; x_wconf 88' lang='grc' dir='ltr'><em>ελκεσι</em></span> <span class='ocrx_word' id='word_1_145' title='bbox 1127 2320 1252 2379; x_wconf 83' lang='lat' dir='ltr'><strong>Pal.</strong></span> <span class='ocrx_word' id='word_1_146' title='bbox 1302 2323 1335 2378; x_wconf 93' lang='lat'>1</span> <span class='ocrx_word' id='word_1_147' title='bbox 1405 2320 1499 2400; x_wconf 81' lang='lat' dir='ltr'><em>(ut</em></span> <span class='ocrx_word' id='word_1_148' title='bbox 1565 2322 1805 2418; x_wconf 85' lang='lat' dir='ltr'><strong>quidem</strong></span> <span class='ocrx_word' id='word_1_149' title='bbox 1871 2321 2256 2381; x_wconf 79' lang='lat' dir='ltr'><em>Sclmeiderus</em></span> <span class='ocrx_word' id='word_1_150' title='bbox 2322 2320 2497 2397; x_wconf 78' lang='lat' dir='ltr'><em>dicit3</em></span> <span class='ocrx_word' id='word_1_151' title='bbox 2586 2321 2693 2381; x_wconf 80' lang='lat' dir='ltr'><em>sed</em></span> 
     </span>
     <span class='ocr_line' id='line_1_22' title="bbox 355 2398 2699 2510; baseline 0 -49"><span class='ocrx_word' id='word_1_152' title='bbox 355 2398 700 2473; x_wconf 77' lang='grc' dir='ltr'><em>στάζουσιν·</em></span> <span class='ocrx_word' id='word_1_153' title='bbox 755 2398 861 2482; x_wconf 79' lang='grc' dir='ltr'><em>ἥδ’</em></span> <span class='ocrx_word' id='word_1_154' title='bbox 907 2408 1061 2465; x_wconf 76' lang='lat' dir='ltr'><strong>teste</strong></span> <span class='ocrx_word' id='word_1_155' title='bbox 1105 2404 1550 2507; x_wconf 68' lang='grc' dir='ltr'><em>Βίἰίονείιιιεὶο),</em></span> <span class='ocrx_word' id='word_1_156' title='bbox 1611 2398 1969 2481; x_wconf 72' lang='grc' dir='ltr'><em>στάζουσιν,</em></span> <span class='ocrx_word' id='word_1_157' title='bbox 2014 2425 2047 2463; x_wconf 94' lang='grc' dir='ltr'><em>ο</em></span> <span class='ocrx_word' id='word_1_158' title='bbox 2092 2400 2148 2462; x_wconf 83' lang='grc' dir='ltr'><em>δ’</em></span> <span class='ocrx_word' id='word_1_159' title='bbox 2198 2400 2390 2464; x_wconf 86' lang='grc' dir='ltr'><em>ελκεσι</em></span> <span class='ocrx_word' id='word_1_160' title='bbox 2432 2404 2699 2510; x_wconf 79' lang='grc' dir='ltr'><em>μίσγεται</em></span> 
     </span>
     <span class='ocr_line' id='line_1_23' title="bbox 353 2480 2699 2587; baseline 0.001 -42"><span class='ocrx_word' id='word_1_161' title='bbox 353 2481 522 2572; x_wconf 77' lang='grc' dir='ltr'><em>αλμῃ</em></span> <span class='ocrx_word' id='word_1_162' title='bbox 563 2490 756 2566; x_wconf 78' lang='lat' dir='ltr'><strong>Mosq.</strong></span> <span class='ocrx_word' id='word_1_163' title='bbox 799 2486 1113 2561; x_wconf 76' lang='grc' dir='ltr'><em>στάζουσιν</em></span> <span class='ocrx_word' id='word_1_164' title='bbox 1155 2480 1188 2547; x_wconf 82' lang='grc' dir='ltr'>ὃ</span> <span class='ocrx_word' id='word_1_165' title='bbox 1233 2484 1289 2548; x_wconf 88' lang='lat'>6‘</span> <span class='ocrx_word' id='word_1_166' title='bbox 1325 2485 1531 2550; x_wconf 78' lang='grc' dir='ltr'><em>ἕλκεσι</em></span> <span class='ocrx_word' id='word_1_167' title='bbox 1574 2490 1761 2555; x_wconf 77' lang='lat' dir='ltr'><strong>Paris.</strong></span> <span class='ocrx_word' id='word_1_168' title='bbox 1810 2495 1863 2568; x_wconf 88' lang='lat'><em>1,</em></span> <span class='ocrx_word' id='word_1_169' title='bbox 1912 2482 2279 2587; x_wconf 82' lang='grc' dir='ltr'><em>στάζουσιν,</em></span> <span class='ocrx_word' id='word_1_170' title='bbox 2319 2484 2351 2547; x_wconf 97' lang='lat'>6</span> <span class='ocrx_word' id='word_1_171' title='bbox 2400 2484 2457 2548; x_wconf 87' lang='lat'>6&#39;</span> <span class='ocrx_word' id='word_1_172' title='bbox 2507 2485 2699 2549; x_wconf 75' lang='grc' dir='ltr'><em>ἕλκεσι</em></span> 
     </span>
     <span class='ocr_line' id='line_1_24' title="bbox 353 2536 2697 2655; baseline 0.001 -23"><span class='ocrx_word' id='word_1_173' title='bbox 353 2574 621 2653; x_wconf 78' lang='grc' dir='ltr'><em>μίσγεται</em></span> <span class='ocrx_word' id='word_1_174' title='bbox 662 2595 806 2653; x_wconf 84' lang='grc' dir='ltr'><em>ατη</em></span> <span class='ocrx_word' id='word_1_175' title='bbox 849 2575 1037 2636; x_wconf 75' lang='lat' dir='ltr'><strong>Paris·</strong></span> <span class='ocrx_word' id='word_1_176' title='bbox 1072 2578 1244 2653; x_wconf 89' lang='grc'><em>2,-</em></span> <span class='ocrx_word' id='word_1_177' title='bbox 1272 2571 1418 2654; x_wconf 72' lang='grc' dir='ltr'><em>ἠύτε</em></span> <span class='ocrx_word' id='word_1_178' title='bbox 1460 2576 1728 2655; x_wconf 82' lang='grc' dir='ltr'><em>πυρκαϊῇ</em></span> <span class='ocrx_word' id='word_1_179' title='bbox 1772 2536 2386 2673; x_wconf 66' lang='grc' dir='ltr'><em>ὀλᾶωτ.1υῃι.,ἦύτε</em></span> <span class='ocrx_word' id='word_1_180' title='bbox 2429 2574 2697 2653; x_wconf 83' lang='grc' dir='ltr'><em>πυρκαϊή</em></span> 
     </span>
     <span class='ocr_line' id='line_1_25' title="bbox 354 2653 2697 2743; baseline 0 -23"><span class='ocrx_word' id='word_1_181' title='bbox 354 2660 481 2720; x_wconf 79' lang='lat' dir='ltr'><strong>Pal.</strong></span> <span class='ocrx_word' id='word_1_182' title='bbox 519 2665 575 2720; x_wconf 92' lang='lat'><em>1.</em></span> <span class='ocrx_word' id='word_1_183' title='bbox 615 2660 750 2725; x_wconf 85' lang='lat' dir='ltr'><strong>Par.</strong></span> <span class='ocrx_word' id='word_1_184' title='bbox 783 2667 839 2739; x_wconf 86' lang='lat'><em>1,</em></span> <span class='ocrx_word' id='word_1_185' title='bbox 882 2653 1027 2736; x_wconf 81' lang='grc' dir='ltr'><em>ἠύτε</em></span> <span class='ocrx_word' id='word_1_186' title='bbox 1070 2667 1194 2736; x_wconf 88' lang='grc' dir='ltr'><em>πῦρ</em></span> <span class='ocrx_word' id='word_1_187' title='bbox 1239 2658 1340 2719; x_wconf 74' lang='grc' dir='ltr'><em>καὶ</em></span> <span class='ocrx_word' id='word_1_188' title='bbox 1382 2658 1531 2740; x_wconf 78' lang='grc' dir='ltr'><em>θηρὶ</em></span> <span class='ocrx_word' id='word_1_189' title='bbox 1578 2662 1791 2739; x_wconf 65' lang='lat' dir='ltr'><strong>Mosq„</strong></span> <span class='ocrx_word' id='word_1_190' title='bbox 1836 2654 1978 2739; x_wconf 81' lang='grc' dir='ltr'><em>ἠύτε</em></span> <span class='ocrx_word' id='word_1_191' title='bbox 2022 2670 2146 2741; x_wconf 89' lang='grc' dir='ltr'><em>πῦρ</em></span> <span class='ocrx_word' id='word_1_192' title='bbox 2191 2660 2291 2722; x_wconf 82' lang='grc' dir='ltr'><em>καὶ</em></span> <span class='ocrx_word' id='word_1_193' title='bbox 2333 2660 2482 2743; x_wconf 80' lang='grc' dir='ltr'><em>θηρὶ</em></span> <span class='ocrx_word' id='word_1_194' title='bbox 2524 2655 2697 2721; x_wconf 81' lang='grc' dir='ltr'><em>ὀλυν·</em></span> 
     </span>
     <span class='ocr_line' id='line_1_26' title="bbox 360 2707 2799 2825; baseline 0.001 -23"><span class='ocrx_word' id='word_1_195' title='bbox 360 2766 531 2824; x_wconf 87' lang='grc' dir='ltr'><em>τερον</em></span> <span class='ocrx_word' id='word_1_196' title='bbox 570 2746 759 2806; x_wconf 77' lang='lat' dir='ltr'><strong>Paris.</strong></span> <span class='ocrx_word' id='word_1_197' title='bbox 806 2707 864 2807; x_wconf 74' lang='lat'><em>2².</em></span> <span class='ocrx_word' id='word_1_198' title='bbox 951 2747 1113 2807; x_wconf 78' lang='lat' dir='ltr'><strong>Haec</strong></span> <span class='ocrx_word' id='word_1_199' title='bbox 1156 2748 1208 2807; x_wconf 78' lang='lat' dir='ltr'><em>si</em></span> <span class='ocrx_word' id='word_1_200' title='bbox 1252 2766 1681 2825; x_wconf 74' lang='lat' dir='ltr'><strong>comparamuS,</strong></span> <span class='ocrx_word' id='word_1_201' title='bbox 1728 2750 1976 2823; x_wconf 80' lang='lat' dir='ltr'><strong>apparet</strong></span> <span class='ocrx_word' id='word_1_202' title='bbox 2018 2752 2255 2824; x_wconf 77' lang='lat' dir='ltr'><strong>poetam</strong></span> <span class='ocrx_word' id='word_1_203' title='bbox 2300 2748 2563 2808; x_wconf 76' lang='lat' dir='ltr'><strong>dedisse·</strong></span> <span class='ocrx_word' id='word_1_204' title='bbox 2733 2758 2799 2806; x_wconf 83' lang='lat'><em>34</em></span> 
     </span>
    </p>
   </div>
   <div class='ocr_carea' id='block_1_11' title="bbox 607 2857 2304 3031">
    <p class='ocr_par' dir='ltr' id='par_1_11' title="bbox 607 2857 2304 3031">
     <span class='ocr_line' id='line_1_27' title="bbox 607 2857 2304 2945; baseline 0.001 -23"><span class='ocrx_word' id='word_1_205' title='bbox 607 2860 980 2924; x_wconf 84' lang='grc' dir='ltr'><em>πευκεδανὸν</em></span> <span class='ocrx_word' id='word_1_206' title='bbox 1021 2859 1323 2937; x_wconf 86' lang='grc' dir='ltr'><em>στάζουσ’·</em></span> <span class='ocrx_word' id='word_1_207' title='bbox 1369 2857 1409 2944; x_wconf 76' lang='grc' dir='ltr'>ἢ</span> <span class='ocrx_word' id='word_1_208' title='bbox 1453 2861 1518 2924; x_wconf 92' lang='lat'>6’</span> <span class='ocrx_word' id='word_1_209' title='bbox 1569 2862 1761 2926; x_wconf 77' lang='grc' dir='ltr'><em>ἕλκεσι</em></span> <span class='ocrx_word' id='word_1_210' title='bbox 1802 2863 2069 2943; x_wconf 81' lang='grc' dir='ltr'><em>μίσγεται</em></span> <span class='ocrx_word' id='word_1_211' title='bbox 2113 2861 2304 2945; x_wconf 85' lang='grc' dir='ltr'><em>αλμη,</em></span> 
     </span>
     <span class='ocr_line' id='line_1_28' title="bbox 610 2942 2179 3031; baseline 0 -23"><span class='ocrx_word' id='word_1_212' title='bbox 610 2944 755 3025; x_wconf 79' lang='grc' dir='ltr'><em>ἠύτε</em></span> <span class='ocrx_word' id='word_1_213' title='bbox 796 2957 921 3028; x_wconf 88' lang='grc' dir='ltr'><em>πῦρ</em></span> <span class='ocrx_word' id='word_1_214' title='bbox 963 2945 1064 3008; x_wconf 80' lang='grc' dir='ltr'><em>καὶ</em></span> <span class='ocrx_word' id='word_1_215' title='bbox 1110 2948 1290 3029; x_wconf 78' lang='grc' dir='ltr'><em>θηρὶ</em></span> <span class='ocrx_word' id='word_1_216' title='bbox 1331 2944 1675 3011; x_wconf 76' lang='grc' dir='ltr'><em>θοῶτατον</em></span> <span class='ocrx_word' id='word_1_217' title='bbox 1715 2942 1881 3028; x_wconf 77' lang='grc' dir='ltr'><em>ἦψεν</em></span> <span class='ocrx_word' id='word_1_218' title='bbox 1910 2944 2179 3031; x_wconf 85' lang='grc' dir='ltr'><em>ὄλεθρον.</em></span> 
     </span>
    </p>
   </div>
   <div class='ocr_carea' id='block_1_12' title="bbox 356 3069 2698 3318">
    <p class='ocr_par' dir='ltr' id='par_1_12' title="bbox 356 3069 2698 3318">
     <span class='ocr_line' id='line_1_29' title="bbox 356 3069 2692 3149; baseline 0.001 -21"><span class='ocrx_word' id='word_1_219' title='bbox 356 3069 585 3129; x_wconf 83' lang='lat' dir='ltr'><strong>Eodem</strong></span> <span class='ocrx_word' id='word_1_220' title='bbox 614 3070 791 3130; x_wconf 86' lang='lat' dir='ltr'><strong>modo</strong></span> <span class='ocrx_word' id='word_1_221' title='bbox 834 3071 1013 3130; x_wconf 78' lang='lat' dir='ltr'><strong>etiam</strong></span> <span class='ocrx_word' id='word_1_222' title='bbox 1055 3071 1340 3132; x_wconf 76' lang='lat' dir='ltr'><em>Lehrsius</em></span> <span class='ocrx_word' id='word_1_223' title='bbox 1383 3073 1423 3135; x_wconf 90' lang='lat' dir='ltr'><em>l.</em></span> <span class='ocrx_word' id='word_1_224' title='bbox 1456 3091 1506 3132; x_wconf 84' lang='lat'><em>0.</em></span> <span class='ocrx_word' id='word_1_225' title='bbox 1537 3092 1599 3149; x_wconf 90' lang='lat' dir='ltr'><em>p.</em></span> <span class='ocrx_word' id='word_1_226' title='bbox 1633 3074 1754 3131; x_wconf 84' lang='lat'><em>317</em></span> <span class='ocrx_word' id='word_1_227' title='bbox 1800 3073 1995 3132; x_wconf 79' lang='lat' dir='ltr'><strong>locum</strong></span> <span class='ocrx_word' id='word_1_228' title='bbox 2038 3071 2338 3148; x_wconf 75' lang='lat' dir='ltr'>emendat,</span> <span class='ocrx_word' id='word_1_229' title='bbox 2384 3071 2502 3132; x_wconf 79' lang='lat' dir='ltr'><strong>nisi</strong></span> <span class='ocrx_word' id='word_1_230' title='bbox 2532 3072 2692 3148; x_wconf 88' lang='lat' dir='ltr'><strong>quod</strong></span> 
     </span>
     <span class='ocr_line' id='line_1_30' title="bbox 357 3146 2696 3234; baseline 0.001 -20"><span class='ocrx_word' id='word_1_231' title='bbox 357 3155 461 3215; x_wconf 78' lang='lat' dir='ltr'><strong>ille</strong></span> <span class='ocrx_word' id='word_1_232' title='bbox 503 3151 848 3224; x_wconf 76' lang='grc' dir='ltr'><em>στάζουσιν·</em></span> <span class='ocrx_word' id='word_1_233' title='bbox 904 3149 936 3213; x_wconf 88' lang='lat'>6</span> <span class='ocrx_word' id='word_1_234' title='bbox 984 3148 1044 3213; x_wconf 91' lang='lat'>6&#39;</span> <span class='ocrx_word' id='word_1_235' title='bbox 1094 3151 1282 3214; x_wconf 76' lang='grc' dir='ltr'><em>ἕλκεσι</em></span> <span class='ocrx_word' id='word_1_236' title='bbox 1336 3155 1604 3234; x_wconf 76' lang='grc' dir='ltr'><em>μίσγεται</em></span> <span class='ocrx_word' id='word_1_237' title='bbox 1660 3146 1929 3227; x_wconf 85' lang='grc' dir='ltr'><em>άντλος</em></span> <span class='ocrx_word' id='word_1_238' title='bbox 1986 3157 2243 3233; x_wconf 79' lang='lat' dir='ltr'><strong>scripsit.</strong></span> <span class='ocrx_word' id='word_1_239' title='bbox 2333 3156 2478 3233; x_wconf 79' lang='lat' dir='ltr'>Sed,</span> <span class='ocrx_word' id='word_1_240' title='bbox 2536 3157 2696 3233; x_wconf 86' lang='lat' dir='ltr'><strong>quod</strong></span> 
     </span>
     <span class='ocr_line' id='line_1_31' title="bbox 358 3241 2698 3318; baseline 0 -18"><span class='ocrx_word' id='word_1_241' title='bbox 358 3259 467 3301; x_wconf 81' lang='lat' dir='ltr'><em>nos</em></span> <span class='ocrx_word' id='word_1_242' title='bbox 522 3241 938 3317; x_wconf 77' lang='lat' dir='ltr'><strong>praetulimus,</strong></span> <span class='ocrx_word' id='word_1_243' title='bbox 995 3241 1058 3299; x_wconf 90' lang='lat' dir='ltr'><em>in</em></span> <span class='ocrx_word' id='word_1_244' title='bbox 1113 3242 1390 3301; x_wconf 87' lang='lat' dir='ltr'><strong>omnibus</strong></span> <span class='ocrx_word' id='word_1_245' title='bbox 1450 3243 1621 3302; x_wconf 83' lang='lat' dir='ltr'><strong>libris</strong></span> <span class='ocrx_word' id='word_1_246' title='bbox 1674 3246 1912 3318; x_wconf 78' lang='lat' dir='ltr'><strong>praeter</strong></span> <span class='ocrx_word' id='word_1_247' title='bbox 1965 3242 2155 3302; x_wconf 80' lang='lat' dir='ltr'><strong>Paris,</strong></span> <span class='ocrx_word' id='word_1_248' title='bbox 2202 3244 2240 3301; x_wconf 93' lang='grc'><strong>2</strong></span> <span class='ocrx_word' id='word_1_249' title='bbox 2296 3241 2538 3318; x_wconf 76' lang='lat' dir='ltr'><strong>legitur.</strong></span> <span class='ocrx_word' id='word_1_250' title='bbox 2624 3241 2698 3300; x_wconf 89' lang='lat' dir='ltr'><em>In</em></span> 
     </span>
    </p>
   </div>
   <div class='ocr_carea' id='block_1_13' title="bbox 358 3325 2698 3488">
    <p class='ocr_par' dir='ltr' id='par_1_13' title="bbox 358 3325 2698 3488">
     <span class='ocr_line' id='line_1_32' title="bbox 358 3325 2698 3404; baseline 0.001 -21"><span class='ocrx_word' id='word_1_251' title='bbox 358 3344 476 3402; x_wconf 87' lang='lat' dir='ltr'><em>quo</em></span> <span class='ocrx_word' id='word_1_252' title='bbox 519 3326 718 3386; x_wconf 76' lang='lat' dir='ltr'><strong>codice</strong></span> <span class='ocrx_word' id='word_1_253' title='bbox 764 3325 1194 3402; x_wconf 76' lang='lat' dir='ltr'><strong>dittographiae</strong></span> <span class='ocrx_word' id='word_1_254' title='bbox 1224 3327 1481 3404; x_wconf 78' lang='lat' dir='ltr'><strong>vestigia</strong></span> <span class='ocrx_word' id='word_1_255' title='bbox 1522 3328 1706 3387; x_wconf 79' lang='lat' dir='ltr'><strong>latere</strong></span> <span class='ocrx_word' id='word_1_256' title='bbox 1734 3328 2044 3388; x_wconf 73' lang='lat' dir='ltr'><strong>videntur:</strong></span> <span class='ocrx_word' id='word_1_257' title='bbox 2090 3328 2347 3387; x_wconf 77' lang='lat' dir='ltr'><strong>fortasse</strong></span> <span class='ocrx_word' id='word_1_258' title='bbox 2391 3326 2485 3388; x_wconf 85' lang='lat' dir='ltr'><em>hic</em></span> <span class='ocrx_word' id='word_1_259' title='bbox 2531 3328 2698 3387; x_wconf 78' lang='lat' dir='ltr'><strong>locus</strong></span> 
     </span>
     <span class='ocr_line' id='line_1_33' title="bbox 360 3411 1124 3488; baseline 0.001 -20"><span class='ocrx_word' id='word_1_260' title='bbox 360 3411 436 3469; x_wconf 84' lang='lat' dir='ltr'><em>ab</em></span> <span class='ocrx_word' id='word_1_261' title='bbox 480 3411 614 3470; x_wconf 79' lang='lat' dir='ltr'><strong>aliis</strong></span> <span class='ocrx_word' id='word_1_262' title='bbox 660 3411 744 3470; x_wconf 82' lang='lat' dir='ltr'><em>sie</em></span> <span class='ocrx_word' id='word_1_263' title='bbox 785 3411 1124 3488; x_wconf 79' lang='lat' dir='ltr'><strong>legebatur.</strong></span> 
     </span>
    </p>
   </div>
   <div class='ocr_carea' id='block_1_14' title="bbox 615 3506 2334 3680">
    <p class='ocr_par' dir='ltr' id='par_1_14' title="bbox 615 3506 2334 3680">
     <span class='ocr_line' id='line_1_34' title="bbox 615 3506 2334 3591; baseline 0.001 -21"><span class='ocrx_word' id='word_1_264' title='bbox 615 3509 985 3571; x_wconf 81' lang='grc' dir='ltr'><em>πευκεδανὸν</em></span> <span class='ocrx_word' id='word_1_265' title='bbox 1028 3508 1376 3584; x_wconf 86' lang='grc' dir='ltr'><em>στάζουσιν·</em></span> <span class='ocrx_word' id='word_1_266' title='bbox 1422 3506 1456 3572; x_wconf 78' lang='grc' dir='ltr'>ὃ</span> <span class='ocrx_word' id='word_1_267' title='bbox 1497 3507 1565 3571; x_wconf 88' lang='lat'>6&#39;</span> <span class='ocrx_word' id='word_1_268' title='bbox 1613 3509 1806 3573; x_wconf 78' lang='grc' dir='ltr'><em>ἕλκεσι</em></span> <span class='ocrx_word' id='word_1_269' title='bbox 1848 3513 2111 3591; x_wconf 75' lang='grc' dir='ltr'><em>μίσγεται</em></span> <span class='ocrx_word' id='word_1_270' title='bbox 2154 3510 2334 3591; x_wconf 82' lang='grc' dir='ltr'><em>ατη,</em></span> 
     </span>
     <span class='ocr_line' id='line_1_35' title="bbox 616 3583 2213 3680; baseline 0.002 -24"><span class='ocrx_word' id='word_1_271' title='bbox 616 3588 756 3676; x_wconf 81' lang='grc' dir='ltr'><em>ἠυτε</em></span> <span class='ocrx_word' id='word_1_272' title='bbox 799 3593 1135 3675; x_wconf 83' lang='grc' dir='ltr'><em>πυρκαϊὴ</em></span> <span class='ocrx_word' id='word_1_273' title='bbox 1180 3595 1302 3657; x_wconf 84' lang='grc' dir='ltr'><em>καὶ</em></span> <span class='ocrx_word' id='word_1_274' title='bbox 1344 3617 1695 3679; x_wconf 87' lang='grc' dir='ltr'><em>κυντερον</em></span> <span class='ocrx_word' id='word_1_275' title='bbox 1736 3583 1897 3676; x_wconf 81' lang='grc' dir='ltr'><em>ἦψεν</em></span> <span class='ocrx_word' id='word_1_276' title='bbox 1940 3594 2213 3680; x_wconf 80' lang='grc' dir='ltr'><em>ὄλεθρον.</em></span> 
     </span>
    </p>
   </div>
   <div class='ocr_carea' id='block_1_15' title="bbox 365 3715 1877 3880">
    <p class='ocr_par' dir='ltr' id='par_1_15' title="bbox 365 3715 1877 3880">
     <span class='ocr_line' id='line_1_36' title="bbox 365 3715 1877 3816; baseline 0.001 -40"><span class='ocrx_word' id='word_1_277' title='bbox 365 3715 482 3776; x_wconf 80' lang='lat' dir='ltr'><em>Sed</em></span> <span class='ocrx_word' id='word_1_278' title='bbox 525 3717 716 3778; x_wconf 77' lang='lat' dir='ltr'><strong>altera</strong></span> <span class='ocrx_word' id='word_1_279' title='bbox 758 3719 1055 3816; x_wconf 74' lang='lat' dir='ltr'><strong>scriptura</strong></span> <span class='ocrx_word' id='word_1_280' title='bbox 1095 3719 1287 3777; x_wconf 77' lang='lat' dir='ltr'>multo</span> <span class='ocrx_word' id='word_1_281' title='bbox 1331 3720 1425 3779; x_wconf 76' lang='lat' dir='ltr'><em>est</em></span> <span class='ocrx_word' id='word_1_282' title='bbox 1468 3718 1877 3795; x_wconf 78' lang='lat' dir='ltr'><strong>praeferenda.</strong></span> 
     </span>
     <span class='ocr_line' id='line_1_37' title="bbox 530 3802 1725 3880; baseline 0 -18"><span class='ocrx_word' id='word_1_283' title='bbox 530 3802 754 3880; x_wconf 80' lang='lat' dir='ltr'><strong>Versu,</strong></span> <span class='ocrx_word' id='word_1_284' title='bbox 800 3804 902 3878; x_wconf 87' lang='lat' dir='ltr'><em>qui</em></span> <span class='ocrx_word' id='word_1_285' title='bbox 947 3803 1246 3880; x_wconf 79' lang='lat' dir='ltr'><strong>sequitur,</strong></span> <span class='ocrx_word' id='word_1_286' title='bbox 1292 3804 1470 3864; x_wconf 81' lang='lat' dir='ltr'>scribi</span> <span class='ocrx_word' id='word_1_287' title='bbox 1516 3804 1725 3864; x_wconf 78' lang='lat' dir='ltr'>debet:</span> 
     </span>
    </p>
   </div>
   <div class='ocr_carea' id='block_1_16' title="bbox 615 3896 2276 3987">
    <p class='ocr_par' dir='ltr' id='par_1_16' title="bbox 615 3896 2276 3987">
     <span class='ocr_line' id='line_1_38' title="bbox 615 3896 2276 3987; baseline 0 -24"><span class='ocrx_word' id='word_1_288' title='bbox 615 3899 696 3975; x_wconf 79' lang='grc' dir='ltr'><em>ὦς</em></span> <span class='ocrx_word' id='word_1_289' title='bbox 740 3900 806 3963; x_wconf 76' lang='grc' dir='ltr'><em>δὲ</em></span> <span class='ocrx_word' id='word_1_290' title='bbox 852 3899 999 3974; x_wconf 79' lang='grc' dir='ltr'><em>Διὸς</em></span> <span class='ocrx_word' id='word_1_291' title='bbox 1038 3896 1275 3982; x_wconf 76' lang='grc' dir='ltr'><em>μάστιγι</em></span> <span class='ocrx_word' id='word_1_292' title='bbox 1320 3902 1404 3962; x_wconf 87' lang='grc' dir='ltr'><em>λα’</em></span> <span class='ocrx_word' id='word_1_293' title='bbox 1417 3905 1458 3984; x_wconf 90' lang='grc' dir='ltr'>β</span> <span class='ocrx_word' id='word_1_294' title='bbox 1473 3927 1512 3987; x_wconf 77' lang='grc' dir='ltr'>ῃ</span> <span class='ocrx_word' id='word_1_295' title='bbox 1556 3901 1773 3982; x_wconf 89' lang='grc' dir='ltr'><em>τρόπιν</em></span> <span class='ocrx_word' id='word_1_296' title='bbox 1816 3902 2089 3983; x_wconf 74' lang='grc' dir='ltr'><em>αἰθέριον</em></span> <span class='ocrx_word' id='word_1_297' title='bbox 2130 3912 2276 3983; x_wconf 85' lang='grc' dir='ltr'><em>πῦρ.</em></span> 
     </span>
    </p>
   </div>
   <div class='ocr_carea' id='block_1_17' title="bbox 363 4019 2698 4254">
    <p class='ocr_par' dir='ltr' id='par_1_17' title="bbox 363 4019 2698 4254">
     <span class='ocr_line' id='line_1_39' title="bbox 363 4019 2698 4104; baseline -0.001 -22"><span class='ocrx_word' id='word_1_298' title='bbox 363 4024 525 4085; x_wconf 78' lang='lat' dir='ltr'><strong>Iovis</strong></span> <span class='ocrx_word' id='word_1_299' title='bbox 571 4024 837 4102; x_wconf 70' lang='lat' dir='ltr'><strong>fingent),</strong></span> <span class='ocrx_word' id='word_1_300' title='bbox 883 4024 923 4084; x_wconf 90' lang='lat' dir='ltr'><em>i.</em></span> <span class='ocrx_word' id='word_1_301' title='bbox 956 4043 1005 4087; x_wconf 84' lang='grc' dir='ltr'><em>ο.</em></span> <span class='ocrx_word' id='word_1_302' title='bbox 1037 4023 1287 4083; x_wconf 83' lang='lat' dir='ltr'><strong>fulmine</strong></span> <span class='ocrx_word' id='word_1_303' title='bbox 1331 4023 1488 4100; x_wconf 82' lang='lat' dir='ltr'><strong>ignis</strong></span> <span class='ocrx_word' id='word_1_304' title='bbox 1534 4026 1769 4100; x_wconf 79' lang='lat' dir='ltr'><em>corripit</em></span> <span class='ocrx_word' id='word_1_305' title='bbox 1816 4045 2048 4085; x_wconf 77' lang='lat' dir='ltr'><strong>navem.</strong></span> <span class='ocrx_word' id='word_1_306' title='bbox 2126 4019 2290 4104; x_wconf 80' lang='grc' dir='ltr'><em>Βάλῃ</em></span> <span class='ocrx_word' id='word_1_307' title='bbox 2323 4025 2522 4082; x_wconf 71' lang='lat' dir='ltr'>aut-em</span> <span class='ocrx_word' id='word_1_308' title='bbox 2551 4022 2698 4100; x_wconf 80' lang='lat' dir='ltr'><strong>legi-</strong></span> 
     </span>
     <span class='ocr_line' id='line_1_40' title="bbox 365 4107 1334 4254; baseline -0.003 -87"><span class='ocrx_word' id='word_1_309' title='bbox 365 4113 465 4168; x_wconf 80' lang='lat' dir='ltr'><em>tur</em></span> <span class='ocrx_word' id='word_1_310' title='bbox 508 4110 591 4251; x_wconf 43' lang='lat' dir='ltr'><em>i}</em></span> <span class='ocrx_word' id='word_1_311' title='bbox 614 4109 805 4254; x_wconf 54' lang='grc' dir='ltr'><em>Ρέἑίἳε.</em></span> <span class='ocrx_word' id='word_1_312' title='bbox 854 4112 886 4169; x_wconf 95' lang='grc'>1</span> <span class='ocrx_word' id='word_1_313' title='bbox 935 4112 996 4169; x_wconf 76' lang='lat' dir='ltr'><em>et</em></span> <span class='ocrx_word' id='word_1_314' title='bbox 1036 4107 1229 4171; x_wconf 76' lang='lat' dir='ltr'><strong>Palat.</strong></span> <span class='ocrx_word' id='word_1_315' title='bbox 1283 4111 1334 4166; x_wconf 91' lang='lat'><em>1.</em></span> 
     </span>
    </p>
   </div>
   <div class='ocr_carea' id='block_1_18' title="bbox 623 4287 2108 4374">
    <p class='ocr_par' dir='ltr' id='par_1_18' title="bbox 623 4287 2108 4374">
     <span class='ocr_line' id='line_1_41' title="bbox 623 4287 2108 4374; baseline -0.001 -20"><span class='ocrx_word' id='word_1_316' title='bbox 623 4292 943 4374; x_wconf 81' lang='grc' dir='ltr'><em>Πεφρικώς</em></span> <span class='ocrx_word' id='word_1_317' title='bbox 986 4289 1255 4354; x_wconf 75' lang='grc' dir='ltr'><em>αὐτοῖσιν</em></span> <span class='ocrx_word' id='word_1_318' title='bbox 1298 4287 1385 4353; x_wconf 72' lang='grc' dir='ltr'><em>ἐνὶ</em></span> <span class='ocrx_word' id='word_1_319' title='bbox 1425 4299 1796 4374; x_wconf 75' lang='grc' dir='ltr'><em>γναθμοῖσιν</em></span> <span class='ocrx_word' id='word_1_320' title='bbox 1837 4290 2108 4367; x_wconf 86' lang='grc' dir='ltr'><em>ὀδόντας.</em></span> 
     </span>
    </p>
   </div>
   <div class='ocr_carea' id='block_1_19' title="bbox 375 4413 778 4424">
    <p class='ocr_par' dir='ltr' id='par_1_19' title="bbox 375 4413 778 4424">
     <span class='ocr_line' id='line_1_42' title="bbox 375 4413 778 4424; baseline 0 705"><span class='ocrx_word' id='word_1_321' title='bbox 375 4413 778 4424; x_wconf 95' lang='lat' dir='ltr'><em> </em></span> 
     </span>
    </p>
   </div>
   <div class='ocr_carea' id='block_1_20' title="bbox 509 4458 2306 4600">
    <p class='ocr_par' dir='ltr' id='par_1_20' title="bbox 509 4458 2306 4600">
     <span class='ocr_line' id='line_1_43' title="bbox 509 4458 1728 4534; baseline 0.019 -38"><span class='ocrx_word' id='word_1_322' title='bbox 509 4463 547 4529; x_wconf 77' lang='grc' dir='ltr'><em>ι)</em></span> <span class='ocrx_word' id='word_1_323' title='bbox 586 4460 795 4531; x_wconf 71' lang='lat' dir='ltr'><strong>[Hodie</strong></span> <span class='ocrx_word' id='word_1_324' title='bbox 831 4461 1067 4532; x_wconf 76' lang='lat' dir='ltr'><strong>legitur:</strong></span> <span class='ocrx_word' id='word_1_325' title='bbox 1101 4458 1305 4531; x_wconf 73' lang='grc' dir='ltr'><em>μικρὸς</em></span> <span class='ocrx_word' id='word_1_326' title='bbox 1341 4462 1440 4516; x_wconf 78' lang='grc' dir='ltr'><em>καὶ</em></span> <span class='ocrx_word' id='word_1_327' title='bbox 1479 4461 1728 4534; x_wconf 77' lang='grc' dir='ltr'><em>λεπτός.]</em></span> 
     </span>
     <span class='ocr_line' id='line_1_44' title="bbox 2198 4551 2306 4600; baseline 0 0"><span class='ocrx_word' id='word_1_328' title='bbox 2198 4551 2306 4600; x_wconf 78' lang='lat'><em>21·</em></span> 
     </span>
    </p>
   </div>
  </div>
 </body>
</html>
