3132 5129
1267 372 1375 397 ·—
1473 351 1595 415 557
1692 391 1762 398 —

362 498 560 584 εὑρεῖν
601 497 779 584 ἧμιν,
826 504 941 565 εἴτε
986 512 1091 564 τοῦ
1134 509 1303 565 θεῶν
1341 503 1349 575 Ι
1389 504 1602 583 φήμην
1645 498 1936 605 ἀκούσας,
1982 502 2096 566 εἴτ’
2125 502 2234 565 ἀπ’
2268 497 2489 582 ανδρὸς
2520 499 2698 565 οἶσθά

359 612 478 649 που
523 592 602 650 id.
651 591 798 651 Oed.
846 593 912 650 R.
943 593 1104 649 41-
1035 593 1226 666 -43,
1285 584 1365 668 μὴ
1413 625 1487 633 -
1536 582 1848 665 ἆπολέσητ’
1892 588 2179 651 Ὀδυσσέα
2229 595 2238 668 Ι
2284 587 2394 651 ὑπ’
2456 588 2696 671 ἀνδρός,

361 668 417 735 οἶ
460 680 626 735 θεῶν
679 669 860 735 οὐδὲν
912 670 956 753 ἢ
1008 676 1241 781 βροτῶν
1294 673 1454 751 μέλει
1513 679 1716 754 Eurip.
1774 678 1939 754 Cycl.
1976 681 2097 738 604
2122 698 2211 754 sq.
2309 679 2519 754 Itaque
2576 697 2697 737 non

359 740 602 836 dubitO,
658 764 802 837 quin
858 762 1007 820 illud
1052 755 1094 837 ἢ
1138 760 1197 819 τί
1247 764 1496 823 sortasse
1558 767 1755 822 ortum
1813 782 1883 822 ex
1930 761 2047 823 εἴτε
2091 762 2164 822 ad
2212 764 2464 823 alterum
2511 760 2554 839 ἠ
2598 765 2698 821 ad-

368 849 592 923 scripto
637 848 988 923 simpliciter
1033 847 1361 906 delendum·
1396 849 1494 907 sit.

532 933 733 991 Unum
776 935 892 991 iam
937 935 1148 1008 restat,
1196 932 1268 992 de
1314 953 1432 1009 quo
1478 933 1737 1008 dicatur,
1785 933 1942 992 unde
1985 933 2246 1008 pendeat
2287 930 2446 991 τάδε.
2517 933 2697 992 Posse

363 1018 424 1075 id
479 1018 654 1076 simul
711 1037 844 1076 cum
902 1014 1089 1094 πόρον
1143 1020 1206 1077 et
1260 1021 1546 1093 sequente
1589 1014 1833 1075 ἔκλυσιν
1874 1018 2079 1077 referri
2124 1020 2200 1078 ad
2247 1012 2530 1091 ἐξανύσαι
2575 1036 2696 1076 ιιοιι

362 1103 729 1179 negaverim,
776 1104 878 1162 sed
924 1106 1124 1162 tamen
1171 1104 1231 1161 in
1276 1104 1384 1162 hac
1429 1104 1866 1162 cumulatorum
1914 1099 2379 1163 accusativorum
2425 1104 2695 1161 multitu-

362 1188 527 1263 dine,
586 1206 719 1246 cum
775 1207 882 1247 nec
940 1192 1196 1247 metrum
1251 1189 1400 1261 satis
1455 1188 1695 1263 quidem
1754 1189 2047 1248 incertum
2103 1208 2290 1264 prono
2347 1208 2521 1248 cursu
2576 1188 2696 1245 labi

363 1273 667 1347 videatur,
715 1274 899 1351 idem,
949 1273 1107 1349 quod
1152 1273 1270 1331 iam
1317 1275 1621 1347 novimuS,
1669 1278 2014 1333 consuetum
2046 1275 2292 1333 verbum
2336 1274 2432 1333 hic
2460 1292 2697 1348 quoque

360 1358 436 1415 ad
493 1348 678 1433 πόρον
728 1358 998 1416 additum
1056 1358 1237 1416 fuisse
1298 1358 1593 1433 arbitror,
1652 1360 1737 1417 ita
1793 1363 1862 1417 ut
1919 1364 2080 1417 totus
2137 1359 2299 1418 locus
2354 1359 2464 1417 hoc
2519 1357 2696 1417 modo

367 1443 712 1502 scribendus
759 1444 1059 1502 videatur:

768 1558 853 1630 τίς
895 1553 1005 1635 ἄρ’
1055 1551 1167 1620 οὖν
1211 1555 1341 1619 ταδ’
1389 1583 1470 1620 αν
1510 1554 1553 1638 ἢ
1595 1558 1738 1632 θεὸς
1785 1560 1937 1620 εἴτε
1982 1559 2189 1641 βροτὸς

934 1645 1052 1705 τῶν
1092 1640 1425 1743 ἀδοκήτων

767 1728 1025 1806 εὔπορον
1069 1722 1308 1810 εὖρων
1349 1721 1535 1809 πόρον
1582 1728 1897 1807 ἐξανύσαι,

767 1814 943 1876 δυοῖν
987 1819 1115 1875 τοῖν
1159 1812 1374 1895 μόνοιν

764 1897 1095 1981 Ἀτρείδαιν
1134 1910 1341 1962 κακῶν
1385 1900 1642 1962 ἔκλυσιν.

366 2037 430 2096 si
479 2040 613 2114 quis
645 2058 780 2098 vero
826 2044 1061 2114 φανεῖ
1094 2042 1321 2099 incerta
1362 2041 1718 2098 auctoritate
1751 2040 2015 2098 oblatum
2046 2041 2301 2099 retinere
2331 2040 2695 2115 praetulerit,

366 2124 417 2181 ei
464 2126 644 2183 etiam
700 2125 764 2183 in
822 2116 954 2181 τάδ’
1003 2122 1047 2182 ὅ
1061 2148 1095 2183 ν
1151 2125 1444 2200 particula
1475 2125 1878 2185 'celeberrima
1932 2125 2289 2183 removenda
2332 2128 2443 2183 est.
2531 2125 2700 2183 Fecit

370 2208 480 2267 hoc
523 2209 825 2269 Nauckius
872 2231 940 2270 ex
983 2210 1272 2269 Badhami
1317 2210 1650 2268 coniectura
1694 2204 1919 2267 τάλαν
1964 2210 2318 2285 reponendO,
2363 2210 2698 2284 infeliciter,

366 2295 416 2351 si
460 2295 603 2369 quid
655 2296 854 2355 video:
902 2297 1034 2371 quis
1080 2295 1236 2355 enim
1280 2300 1421 2370 post
1466 2292 1809 2363 τάλαινα,
1858 2291 2171 2351 ταλαινα
2215 2294 2448 2353 illatum
2494 2294 2701 2368 stirpis

369 2379 636 2439 eiusdem
701 2381 1094 2440 masculinum
1166 2377 1363 2438 ferat?
1474 2380 1667 2449 Quare
1740 2382 1849 2438 hoc
1914 2381 2107 2455 ipsum
2174 2379 2273 2454 qui
2337 2379 2702 2454 improbavit

367 2464 805 2524 Rauchenstein
859 2468 900 2524 l.
946 2486 993 2524 c.
1042 2463 1129 2534 τίς
1183 2454 1282 2541 αρ’
1343 2454 1456 2522 οὖν
1511 2470 1659 2545 νῷν
1714 2458 1759 2538 ἦ
1800 2459 1943 2533 θεός
1998 2465 2310 2539 proposuit
2364 2465 2436 2522 de
2491 2464 2701 2523 ceteris

373 2569 634 2613 securus.
724 2550 848 2611 Nec
903 2551 1048 2626 quin
1103 2569 1435 2626 pronomen
1490 2552 1648 2610 recte
1702 2570 1807 2626 per
1861 2570 1921 2610 se
1975 2551 2117 2654 poni
2160 2549 2426 2625 potuerit
2472 2549 2697 2622 dubito,

370 2637 471 2694 sed
517 2637 566 2695 si
615 2637 874 2711 positum
920 2640 1105 2711 esset,
1152 2656 1273 2696 non
1319 2636 1490 2694 initio
1535 2640 1677 2710 post
1721 2633 1804 2704 τίς
1847 2626 1942 2710 ἄρ’
1991 2626 2105 2692 οὖν
2159 2636 2390 2693 illatum
2447 2635 2548 2693 sed
2603 2654 2694 2694 ex-

367 2721 572 2779 tremis
631 2721 754 2780 fere
811 2722 1007 2781 verbis
1063 2720 1241 2780 δυοῖν
1293 2725 1422 2779 τοῖν
1476 2718 1689 2795 μόνοιν
1742 2714 2071 2797 Ἀτρείδαιν
2125 2721 2469 2779 adiunctum
2522 2721 2697 2779 foret.

365 2807 684 2864 Innumero.
738 2826 872 2866 cum
929 2807 1148 2866 tentari
1203 2807 1464 2904 possint,
1521 2808 1673 2865 nihil
1730 2810 1928 2866 tamen
1984 2807 2055 2865 ad
2110 2806 2387 2864 traditam
2447 2807 2697 2882 scriptu-

368 2910 492 2949 ram
538 2892 813 2951 accedere
860 2893 1096 2952 videtur
1138 2894 1407 2969 propius,
1457 2911 1635 2968 quam
1681 2893 1819 2952 Ιιοο.

767 3009 852 3080 τίς
896 3007 1008 3088 αρ’
1055 3001 1166 3070 ουν
1210 3006 1382 3069 τάδε
1425 3005 1485 3090 y’
1532 3031 1572 3086 η
1620 2999 1762 3082 θεὸς
1809 3008 1957 3070 εἴτε
2001 3002 2207 3089 βροτὸς

942 3097 1058 3154 τῶν
1101 3087 1411 3174 ἀδοκήτων

771 3174 958 3255 πόρον
1000 3201 1255 3277 ευπορον
1300 3179 1591 3254 ἐξανύσας

770 3264 942 3327 δυοῖν
985 3271 1114 3326 τοῖν
1139 3259 1352 3346 μόνοιν
1391 3263 1723 3344 Ἀτρείδαιν
1767 3270 1995 3341 φανεῖ

939 3351 1144 3412 κακῶν
1187 3349 1444 3412 ἔκλυσιν.

364 3489 434 3547 Id
479 3490 667 3566 igitur
712 3490 774 3548 in
818 3489 1080 3550 editione
1126 3491 1482 3570 scholastica
1524 3491 1741 3564 recepi.

534 3575 660 3634 Iam
705 3574 780 3633 ad
823 3575 1139 3635 alterum
1184 3577 1648 3650 tertiumque
1692 3574 2082 3633 Stasimum
2113 3591 2245 3631 cum
2276 3572 2518 3647 accedo,
2566 3571 2694 3629 bre-

364 3662 526 3720 viore
556 3661 736 3719 etiam
766 3660 855 3718 uti
899 3661 1097 3736 placet
1139 3660 1434 3720 scribendi
1479 3662 1737 3733 ratione,
1786 3661 1855 3716 ιιι
1897 3661 1960 3717 et
2004 3658 2264 3734 mendis,
2310 3677 2460 3732 quae
2504 3657 2693 3732 plera-

362 3765 475 3820 que
520 3747 633 3804 iam
681 3744 756 3804 ab
801 3745 936 3804 aliis
982 3746 1392 3806 animadversa
1436 3748 1607 3819 sunt,
1654 3748 1717 3802 et
1758 3743 2091 3819 potioribus
2136 3745 2373 3801 tantum
2402 3742 2695 3800 editorum

365 3832 677 3890 sententiis
709 3830 971 3889 breviter
1001 3832 1278 3890 indicatis
1322 3835 1500 3906 atque
1547 3829 1917 3904 diiudicatis,
1964 3847 2143 3904 quam
2189 3829 2316 3903 ipse
2345 3829 2408 3885 ιιι
2439 3827 2712 3886 editione⁴

375 3921 612 3975 secutus
657 3916 768 3975 sim
814 3917 1156 3992 rationem,
1181 3917 1385 3991 paucis
1431 3916 1728 3975 illustrem
1772 3919 1832 3973 et
1877 3913 2207 3973 defendam.

533 4002 614 4059 Et
668 4001 731 4058 in
786 3999 1028 4059 altero
1085 4002 1323 4077 quidem
1380 4001 1690 4060 stasimo
1735 4019 1792 4058 v.
1829 4002 1988 4059 1091
2038 4017 2170 4056 οιιιιι
2215 3997 2497 4055 Barnesio
2543 3996 2692 4055 Har-

2738 3586 2798 3633 15

366 4089 554 4162 tungo
609 4085 879 4144 Nauckio
937 4105 1007 4144 ex
1051 4086 1320 4145 Bai-nesii
1377 4086 1718 4145 coniectura
1771 4084 2097 4144 necessario
2152 4083 2528 4143 scribendum
2585 4082 2700 4140 suit
2817 4150 2826 4157 ⁰

368 4165 568 4246 ἔλεγον
610 4169 727 4228 οἰκ
744 4191 914 4247 τρον
956 4164 1203 4246 ἀείδεις,
1251 4191 1411 4246 cum,
1459 4170 1620 4247 quod
1665 4171 1726 4228 in
1769 4169 1939 4228 libris
1984 4169 2206 4244 legitur
2252 4163 2454 4243 ἔλεγον
2496 4158 2699 4225 οἶτον

365 4248 608 4326 αείδεις,
665 4256 832 4314 nullo
887 4259 1061 4334 pacto
1117 4256 1356 4315 defendi
1413 4256 1604 4331 possit
1658 4255 1833 4329 lociS,
1895 4253 2097 4330 quales
2144 4253 2444 4312 Seidlerus
2492 4253 2700 4310 attulit

367 4359 436 4397 ex
472 4339 750 4416 Aeschyli
784 4341 996 4418 Agam.
1038 4343 1191 4401 1191
1221 4360 1306 4416 sq.
1352 4335 1610 4418 ὑμνοῦσι
1657 4333 1715 4397 δ’
1750 4334 1946 4414 ὕμνον
1987 4335 2261 4416 δώμασιν
2289 4334 2653 4416 προσήμεναι

366 4444 716 4501 πρωταρχον
757 4421 914 4501 ἄτην
969 4430 1032 4485 et
1075 4425 1382 4501 Sophoclis
1440 4425 1718 4485 Trachin.
1765 4426 1845 4482 49
1872 4444 1995 4499 sqq.
2043 4419 2226 4483 πολλὰ
2272 4421 2382 4501 μέν
2432 4418 2491 4481 σ’
2541 4419 2652 4501 ἐγώ
