3132 5129
1296 308 1431 392 ’--
1515 345 1644 410 485
1734 382 1807 393 -

410 502 823 647 bonate-tillim
877 505 1055 578 atque
1112 502 1430 562 laudabilis
1486 503 1742 564 Eridis
1800 505 2168 581 exemplum,
2241 526 2421 581 quam
2481 506 2751 582 Iuppiter

417 606 560 647 cons
591 608 610 645 1
643 608 701 645 ui

712 703 884 785 γαίης
927 694 975 764 τ’
1029 684 1109 764 ἐν.
1139 704 1330 786 ῥίζῃσι
1373 702 1474 764 καὶ
1516 698 1775 784 ἀνδράσι
1819 699 2041 766 πολλὸν
2084 703 2336 785 ἆμείνωὶ

577 843 734 902 Hinc
778 845 896 901 iam
938 861 1059 901 non
1102 841 1431 917 miraberis,
1480 843 1641 918 quod
1681 843 1975 903 Menalcas
2019 843 2158 902 inde
2201 846 2543 906 certaminis
2588 848 2750 921 capit

410 929 669 1003 initium,
715 931 785 987 ut
827 945 947 986 non
991 927 1182 985 solum
1227 926 1343 986 sibi
1388 928 1626 1003 suisque
1671 928 1859 1004 agnis,
1906 929 2012 987 sed
2042 928 2226 987 etiam
2256 930 2554 1006 Daphnidi
2589 931 2746 990 eius-

409 1032 523 1088 que
567 1013 830 1077 iuvencis
877 1016 945 1071 ut
987 1012 1173 1072 saltus
1215 1011 1503 1088 fluviique
1535 1013 1779 1083 faveant
1807 1013 2055 1072 candide
2088 1016 2270 1089 optet,
2317 1034 2494 1090 quam
2525 1015 2743 1074 bonam

410 1099 807 1173 precationem
866 1097 1162 1157 invocatis
1217 1097 1484 1157 fontibus
1538 1104 1716 1173 atque
1772 1099 1962 1173 pratis
2018 1098 2105 1157 ita
2148 1100 2411 1159 cumulat
2451 1099 2740 1175 DaphniS,

409 1186 478 1241 ut
531 1186 593 1240 et
649 1185 777 1241 toto
832 1200 939 1241 suo
991 1182 1173 1259 gregi
1219 1185 1281 1241 et
1338 1183 1388 1241 si
1440 1182 1587 1258 quid
1643 1183 1872 1258 pecoris
1919 1182 2282 1243 adducturus
2326 1185 2408 1243 sit
2449 1184 2751 1245 Menalcas

409 1267 636 1343 optima
678 1286 945 1343 quaeque
989 1269 1250 1342 exoptet.
1322 1266 1449 1325 Iam
1494 1267 1792 1328 Menalcas
1836 1287 1978 1328 usus
2025 1271 2307 1328 consueta
2349 1268 2744 1345 popularique

409 1352 764 1427 hyperbole,
821 1354 1187 1427 quantopere
1241 1352 1534 1411 formosus
1581 1353 1725 1412 Milo
1772 1356 1833 1411 et
1875 1372 2156 1428 praesens
2213 1354 2411 1412 omnia
2468 1354 2642 1412 beare
2689 1357 2749 1413 et

408 1438 622 1497 absens
666 1455 800 1495 cum
844 1440 1085 1511 pastore
1130 1437 1257 1512 ipsa
1298 1454 1514 1511 pecora
1565 1440 1793 1497 torrere
1851 1438 2067 1514 soleat,
2127 1437 2394 1514 exponit.
2483 1437 2623 1512 Cui,
2679 1443 2749 1496 ut

412 1522 499 1581 fas
558 1524 677 1597 est,
746 1522 861 1580 rite
915 1522 1270 1596 respondere
1326 1525 1562 1581 coactus
1621 1522 1893 1597 Daphnis
1946 1542 2123 1598 quam
2175 1523 2481 1582 Menalcae
2536 1522 2744 1581 Miloni

412 1612 680 1681 opponat
712 1607 1033 1665 formosam
1061 1605 1315 1664 Naidem
1346 1606 1535 1684 eligit,
1586 1607 1754 1667 cuius
1799 1608 1998 1683 aliquo
2043 1612 2107 1667 et
2149 1609 2345 1683 ipsum
2377 1608 2511 1666 duci
2544 1608 2745 1666 studio

415 1696 482 1749 ut
524 1711 630 1766 per
673 1711 735 1750 se
782 1694 1244 1750 consentaneum
1290 1693 1411 1767 est,
1470 1691 1557 1750 ita
1611 1692 1826 1751 ultimo
1880 1693 2077 1768 idyllii
2122 1711 2300 1751 versu
2345 1691 2747 1766 confirmatur,

416 1776 488 1834 de
544 1794 661 1850 quo
717 1777 925 1851 postea
978 1775 1231 1851 amplius
1291 1775 1644 1838 videbimus.
1736 1777 2018 1852 Sequitur
2059 1778 2178 1835 iam
2223 1777 2403 1836 tertia
2445 1776 2748 1835 Menalcae

414 1860 684 1935 stropha,
746 1880 863 1936 qua
915 1860 1227 1935 pastoritio
1273 1878 1439 1919 more
1484 1880 1725 1936 caprum
1770 1862 2047 1920 nuntium
2100 1861 2291 1920 mittit
2344 1860 2420 1920 ad
2464 1859 2745 1920 Milonem

414 1947 478 2003 in
535 1945 741 2021 sylvae
797 1944 1046 2005 latebris
1102 1948 1436 2004 versantem
1455 1991 1469 2020 ,
1537 1950 1609 2004 ut
1663 1965 1798 2004 eum
1853 1946 2053 2006 Protei
2109 1947 2378 2022 exemplo
2435 1946 2618 2004 allato
2674 1946 2748 2004 ad

416 2030 709 2088 marinum
756 2031 901 2089 litus
932 2029 1133 2089 venire
1166 2030 1387 2094 iubeat.
1463 2029 1572 2089 Cui
1619 2030 1916 2105 strophae.
1941 2049 2122 2106 quam
2164 2031 2419 2090 invicem
2466 2031 2749 2106 opposuit

412 2114 676 2190 Daphnis
720 2115 1007 2189 temporis
1051 2114 1268 2173 iniuria
1323 2114 1624 2190 haustam,
1680 2117 1812 2173 tum
1866 2133 2007 2174 vero
2061 2120 2407 2191 sequentem
2449 2115 2748 2174 Menalcae

409 2205 591 2274 atque
634 2200 910 2258 ultimam
955 2200 1175 2259 iterum
1220 2199 1522 2275 Daphnidi
1569 2198 2016 2259 adscribendam
2062 2219 2209 2275 esse,
2257 2218 2390 2258 cum
2436 2199 2575 2258 libri
2620 2200 2745 2257 sine

410 2285 649 2343 lacunae
703 2284 1011 2343 notatione
1070 2285 1427 2344 contrariam
1483 2284 1741 2344 habeant
1794 2301 2184 2359 personarum
2240 2283 2743 2359 distributionem,

408 2376 548 2443 post
578 2368 856 2429 Vossium
887 2372 1063 2444 atque
1094 2369 1624 2428 Wuestemannum
1668 2368 2026 2427 recentiores
2072 2368 2493 2427 intellexerunt
2522 2387 2744 2443 omneS,

409 2455 590 2512 etiam
636 2453 967 2513 Meinekius
1023 2453 1087 2511 in
1140 2453 1431 2529 supplem.
1474 2473 1534 2528 p.
1580 2455 1702 2512 477
1735 2472 1857 2528 sq.,
1915 2471 2034 2511 uno
2092 2452 2421 2512 Fritzschio
2478 2462 2743 2528 excepte,

416 2540 519 2614 qui
565 2539 637 2598 de
682 2540 811 2599 loco
856 2538 1185 2598 certissime
1229 2538 1652 2614 verissimeque
1697 2537 2011 2598 emendato
2056 2537 2373 2614 desperare
2402 2556 2581 2613 quam
2609 2555 2742 2596 cum

409 2624 649 2699 optimis
694 2623 917 2684 criticis
961 2643 1169 2698 sapere
1214 2624 1431 2682 audere
1476 2625 1708 2684 maluit.
1798 2622 2148 2683 confecerat
2189 2642 2316 2681 rem
2361 2623 2477 2681 iam
2521 2623 2744 2681 dudum

415 2708 711 2784 Graefius,
769 2709 869 2784 qui
928 2709 1106 2767 simul
1149 2709 1448 2784 perditam
1493 2709 1800 2785 stropham
1849 2708 2141 2785 sagaciter
2185 2708 2515 2784 supplevit,
2568 2708 2631 2765 in
2675 2726 2744 2766 eo

414 2798 615 2852 tamen
671 2793 887 2869 falsus,
944 2793 1104 2869 quod
1160 2794 1405 2869 vulgato
1460 2812 1742 2853 versuum
1785 2794 2038 2853 41—48
2085 2793 2293 2852 ordine
2346 2793 2467 2852 iam
2522 2791 2745 2850 dudum

413 2879 699 2954 anonymi
744 2878 1049 2937 cuiusdam
1079 2878 1138 2937 in
1172 2878 1485 2954 Ephemer.
1518 2877 1774 2938 Gothan.
1812 2880 1973 2938 1803
2005 2897 2103 2937 n0.
2140 2880 2219 2936 22
2252 2896 2437 2953 opera
2466 2878 2746 2936 restituto

409 2959 785 3022 transversus
841 2968 1009 3023 actus
1066 2963 1367 3038 Daphnidi
1424 2963 1664 3040 quidem
1708 2962 1953 3022 Milonis
1996 2963 2297 3023 Menalcae
2353 2980 2493 3024 vero
2537 2961 2745 3021 Naidis

410 3047 771 3106 desiderium
838 3048 1148 3107 adtribuit.
1236 3046 1364 3117 Quo
1432 3067 1630 3107 errore
1698 3047 2010 3108 emendato
2075 3048 2179 3107 sed
2245 3067 2379 3107 cum
2445 3047 2561 3105 alia
2613 3050 2745 3104 tum

409 3132 713 3191 Phoebum
758 3152 826 3191 ex
871 3131 1182 3192 Graefiano
1228 3134 1645 3209 supplemento
1702 3133 1958 3208 amplexi
2013 3152 2124 3192 nos
2180 3136 2300 3191 iam
2352 3134 2449 3191 hic
2503 3132 2744 3207 quidem

408 3235 531 3276 non
585 3216 765 3276 nimis
820 3217 996 3294 longe
1040 3237 1076 3275 a
1118 3219 1380 3293 genuina
1437 3221 1647 3293 poetae
1691 3237 1867 3276 manu
1911 3217 2313 3279 aberravissse
2357 3216 2530 3276 nobis
2574 3215 2742 3275 vide-

413 3320 567 3377 mur,
614 3320 972 3377 quamquam
1002 3321 1124 3360 non
1168 3301 1279 3361 hoc
1319 3303 1495 3361 nobis
1537 3302 1926 3377 vindicamus,
1972 3305 2042 3360 ut
2085 3303 2308 3361 nostris
2351 3302 2444 3359 uti
2491 3301 2744 3361 velimus

409 3386 482 3444 ad
515 3385 876 3461 strophicam
910 3386 1210 3446 Theocriti
1250 3390 1440 3446 artem
1472 3386 1993 3446 demonstrandam
2026 3385 2466 3446 additamenti&
2536 3385 2744 3443 Potius

410 3470 483 3528 ad
529 3471 803 3529 ultimum
848 3472 966 3529 iam
995 3472 1375 3546 stropharum
1406 3491 1516 3546 par
1545 3471 1894 3545 accedimuS,
1940 3490 2194 3546 quarum
2223 3471 2422 3547 priore
2450 3468 2745 3552 Menalcas

412 3555 693 3614 Milonem
740 3556 1108 3614 confidenter
1146 3556 1377 3632 fingens
1423 3556 1829 3615 antecedentis
1873 3556 2150 3630 strophae
2195 3556 2609 3615 invitationem
2653 3573 2744 3613 se-

412 3644 614 3698 cutum
659 3659 785 3699 esse
831 3659 1121 3699 summam
1165 3659 1335 3700 suam
1392 3640 1667 3717 depingit
1720 3639 2096 3715 felicitatem,
2156 3659 2276 3715 qua
2328 3640 2615 3699 amasium
2660 3670 2743 3682 —-

409 3744 546 3783 eum
603 3725 843 3800 quidem
901 3727 1126 3801 primus
1150 3725 1475 3785 verissime
1517 3725 1759 3786 reduxit
1802 3723 2072 3783 Graefius
2115 3744 2172 3783 v.
2219 3725 2301 3784 56
2346 3743 2454 3800 pro
2499 3703 2743 3822 vulgato

408 3800 698 3882 σύννομα
741 3803 906 3885 μᾶλ’
954 3804 1237 3886 ἐσορῶν
1282 3811 1517 3887 egregie
1560 3811 1885 3869 restituens
1930 3804 2210 3882 σῦννομε
2257 3809 2537 3885 Μῖλον,
2566 3798 2744 3906 ὁρῶν

409 3926 490 3936 -
536 3895 646 3952 sub
691 3898 918 3971 „grato
962 3898 1135 3955 antro
1179 3895 1451 3972 urgens“
1506 3898 1687 3969 atque
1740 3896 1805 3953 in
1850 3893 2116 3953 Siculum
2170 3913 2333 3952 mare
2376 3893 2744 3969 prospiciens

407 3980 673 4038 canendo
718 3979 1051 4057 indulgeat.
1140 3980 1323 4039 Vides
1367 3980 1476 4038 hoc
1521 3979 1639 4039 fine
1683 3979 1959 4038 audacem
2017 3978 2181 4037 illam
2229 3978 2529 4038 Menalcae
2574 3979 2743 4055 pueri
2778 4004 2843 4050 22

410 4065 871 4139 protervitatem
906 4065 1191 4125 cumulari
1237 4065 1551 4140 „dulces
1598 4083 1659 4123 se
1704 4067 2086 4140 experturum
2131 4082 2258 4123 esse
2287 4063 2558 4124 amores“
2605 4082 2743 4123 con-

408 4149 517 4224 fisi,
564 4150 677 4226 cui,
725 4154 794 4208 ut
836 4170 947 4225 par
991 4153 1096 4225 est,
1142 4149 1237 4209 hic
1268 4149 1506 4225 quidem
1538 4168 1782 4224 prorsus
1813 4148 2176 4208 contrarium
2207 4168 2443 4209 carmen
2471 4148 2741 4226 Daphnis

410 4236 686 4311 opponit,
748 4253 898 4311 quc,
946 4235 1185 4295 feminei
1231 4252 1459 4293 amores
1503 4238 1574 4293 ut
1616 4235 1732 4310 ipsi
1777 4235 1865 4292 ita
1907 4234 2004 4292 vel
2049 4253 2276 4293 summo
2321 4234 2452 4293 Iovi
2496 4234 2740 4294 inevita-

410 4318 560 4378 biles
605 4339 782 4396 quam
830 4341 985 4397 „am
1001 4320 1161 4379 ari“
1207 4338 1333 4379 esse
1378 4320 1613 4378 soleant
1654 4319 1817 4395 viris,
1862 4317 2075 4393 puerili
2118 4320 2390 4395 perfusus
2435 4318 2738 4395 „metu“

411 4400 688 4464 declarat.
763 4404 902 4465 Non
939 4406 1235 4483 perspexit
1263 4404 1409 4466 haec
1436 4404 1808 4483 HartunguS,
1853 4402 1959 4480 qui
1988 4406 2052 4462 et
2078 4404 2352 4480 strophas
2395 4425 2453 4464 v.
2485 4405 2736 4464 49—52
