3132 5129
1394 398 1856 461 „404-

470 560 606 617 Non
670 559 851 617 solita
895 576 1036 617 usus
1082 560 1173 616 est
1213 558 1277 615 in
1321 556 1433 615 boc
1478 574 1664 614 versu
1701 554 2121 615 constituendo
2166 553 2452 613 felicitate
2497 552 2799 611 Graefius·

470 663 608 702 nam
641 647 702 701 et
736 637 943 717 χύσις
967 641 1324 716 repudiavit,
1357 640 1516 716 quod
1545 645 1705 699 recte
1736 640 1967 700 invenit
1996 639 2288 713 Cunaeus
2323 642 2384 697 et
2415 639 2642 711 recepit
2669 633 2805 711 μύ·

408 742 440 790 8
472 728 647 809 ὅρῳ,
693 728 853 803 quod
898 729 1024 802 ipse
1070 727 1222 784 male
1267 725 1548 799 coniecit3
1597 744 1787 800 neque
1833 726 1990 783 enim
2038 724 2110 782 de
2155 724 2407 782 fulmine
2451 722 2514 780 id
2547 723 2662 780 dici
2695 739 2807 795 po·-

472 815 607 875 tuit.
695 812 884 871 Immo
929 812 1187 891 πυρσῷ
1234 811 1437 869 Nonni
1484 829 1665 868 manu
1709 811 2042 885 profectum
2088 814 2206 868 est:
2247 809 2321 868 cf.
2368 807 2526 866 infra
2568 826 2623 865 v.
2661 807 2807 864 509.

470 899 636 957 Idem
684 897 1036 957 vocabulum
1080 915 1260 971 supra
1303 895 1362 971 1,
1410 896 1530 953 247
1579 895 1798 953 mutari
1843 893 2130 953 debebat.

728 1032 802 1043 ·—
891 1031 974 1041 —
1068 1030 1143 1040 —-
1235 1031 1304 1040 —-
1399 988 1555 1071 ἀμφὶ
1602 994 1668 1054 δὲ
1711 996 1971 1097 πυρσῷ

722 1081 1001 1153 λαίλαπες
1046 1076 1421 1160 ἕρροίζησαν,
1467 1077 1802 1153 ἕτοξεύοντο
1846 1075 1914 1139 δὲ
1960 1078 2136 1152 λοξοί.

472 1204 562 1262 Ne
609 1204 689 1261 ibi
738 1203 976 1279 quidem
1003 1201 1236 1261 Graefio
1281 1202 1617 1261 emendatio
1663 1201 1960 1275 successit,
2006 1203 2113 1259 aut
2155 1196 2464 1276 πυρσῶν
2507 1202 2615 1257 aut
2656 1218 2805 1277 πυρ-

468 1284 586 1345 σαὶ
646 1293 751 1347 aut
793 1282 1065 1345 πυκναὶ
1111 1284 1632 1360 λαίλ.1ιο,ι·ιολοὺο,
1689 1286 1861 1360 quasi
1906 1286 1978 1343 de
2024 1286 2181 1343 veris
2224 1285 2567 1343 turbinibus
2613 1303 2806 1343 sermo

468 1394 561 1432 es
536 1376 643 1430 et
731 1372 956 1430 Verum
1001 1379 1063 1431 et
1106 1371 1221 1446 ipsi
1267 1390 1414 1447 quos
1461 1374 1671 1431 contra.
1702 1370 2083 1446 Typhaonios
2114 1370 2340 1428 emittit
2371 1369 2653 1428 dracones
2683 1366 2806 1425 λαί-

468 1459 648 1526 λαπες
678 1458 973 1531 dicuntur,
998 1474 1107 1515 nec
1130 1457 1255 1551 igni
1282 1457 1377 1514 hic
1406 1456 1647 1531 quidem
1675 1455 1842 1515 locus
1874 1460 1965 1513 est
1986 1455 2137 1514 male
2167 1454 2338 1513 illato
2374 1457 2626 1529 propter
2654 1452 2804 1511 illud

466 1537 876 1620 πυριτρεφέων
906 1574 989 1583 -
1019 1533 1363 1617 δρακόντων
1393 1561 1452 1600 v.
1480 1542 1624 1600 246.
1691 1539 1942 1599 Nonnus
1977 1531 2129 1615 ἀμφὶ
2159 1535 2225 1596 δὲ
2255 1537 2515 1619 παλμῷ
2545 1537 2804 1600 dederat.

641 1626 716 1684 V
702 1627 1100 1786 Εέςὸτένοπὴν
1142 1729 1187 1766 π
1203 1729 1235 1767 ο
1249 1712 1279 1766 λ
1295 1731 1333 1768 υ
1324 1704 1386 1767 ’δ
1400 1731 1421 1767 ι
1437 1733 1471 1768 ν
1485 1730 1517 1767 ο
1533 1732 1562 1780 ς
1607 1701 1918 1791 ἆνῃώρητο
1967 1705 2272 1784 Τυφωεύς.

466 1830 559 1887 Ita
615 1830 708 1887 ed.
754 1849 844 1904 pr.
891 1833 952 1887 et
998 1830 1079 1886 M.
1169 1826 1435 1888 Graefius
1491 1825 1841 1899 πολύὸεινος
1900 1830 2170 1905 scripsit,
2221 1829 2433 1886 melius
2491 1826 2552 1885 in
2613 1826 2801 1901 praef.

467 1934 523 1988 p.
554 1915 606 1971 X
650 1934 720 1971 ex
766 1935 821 1974 v.
848 1915 993 1971 451.
1041 1915 1183 1972 463.
1230 1914 1375 1972 466.
1422 1916 1565 1973 469.
1613 1915 1759 1972 471.
1795 1915 1937 1973 573.
1973 1914 2095 1973 653
2141 1909 2320 1970 πάλι
2364 1907 2627 1980 δεινὸς
2672 1930 2808 1970 con-
2867 1950 2876 1955 -

469 1999 626 2077 iecit.
698 1997 919 2056 Verum
962 1998 1244 2057 abhorret
1289 1999 1478 2057 forma
1522 1995 1698 2054 πάλι
1744 2000 1819 2057 ab
1866 2018 1979 2058 usu
2009 1998 2228 2073 Nonni,
2273 1999 2376 2072 qui
2421 1996 2518 2056 hic
2564 1996 2802 2071 quidem

466 2079 694 2139 πάλιν
737 2079 959 2153 αἰνός
1004 2083 1262 2158 Scripsit.

641 2168 715 2226 V.
764 2169 907 2227 473.

723 2245 815 2311 Οὔ
858 2249 1097 2310 σκοπιαὶ
1143 2247 1324 2325 νέφος
1367 2241 1554 2331 ὑγρὸν
1600 2249 1940 2328 ἔσχισαν,
1983 2242 2130 2310 ἀλλὰ
2174 2256 2447 2312 τυπεῖσαι
2498 2285 2590 2309 -.

466 2372 559 2429 Ita
602 2371 689 2430 od.
739 2392 863 2446 pn,
922 2391 1030 2429 nec
1083 2372 1404 2447 quicquam
1450 2372 1618 2431 iuvat
1662 2371 1721 2429 M
1765 2370 2036 2445 augendo
2081 2372 2480 2467 corruptelam
2526 2367 2800 2445 ἔσχησαν,

466 2455 730 2514 Graefiue
762 2476 792 2515 e
826 2455 1234 2514 Rhodomanni
1271 2457 1680 2515 emendatione
1712 2457 1976 2531 scripsit.
2026 2474 2099 2511 ου
2131 2452 2371 2513 σκοπιαὶ
2402 2449 2581 2528 νέφος
2613 2448 2805 2531 ὑγρὸν

463 2533 830 2617 ἆνὲσχισαν
902 2542 984 2599 At
1028 2539 1122 2599 hic
1170 2540 1408 2616 quidem
1455 2542 1667 2617 copula
1697 2540 2099 2616 desideratur3
2146 2559 2325 2616 quare
2369 2532 2531 2598 οὐδ’
2579 2533 2803 2618 ὑγρὸν

466 2623 709 2683 σκοπιαὶ
760 2622 935 2698 νέφος
979 2622 1214 2700 ἔσχισαν
1258 2626 1664 2699 praetulerim.

638 2710 712 2768 V
699 2711 1101 2868 Βῖἰῗτῗιῖ
1037 2788 1147 2866 μὲν
1192 2786 1374 2862 σάκος
1418 2786 1569 2870 εἶχε,
1616 2788 1797 2869 νέφος
1844 2792 1910 2852 δέ
1958 2793 2020 2851 οἵ
2059 2790 2264 2852 ἔπλετο
2307 2790 2546 2873 θωρηξ,

724 2873 822 2934 καὶ
869 2874 1158 2955 στεροπὴν
1203 2876 1239 2933 ὃ
1253 2897 1309 2933 ιι
1355 2871 1555 2941 πάλλε.

468 2978 869 3038 Consentiunt
938 2981 1000 3037 in
1060 2982 1342 3052 corrupto
1397 2981 1686 3042 vocabulo
1743 2985 1875 3041 orto
1930 3002 1999 3040 ex
2056 2985 2340 3057 sequente
2399 2978 2683 3050 ὃιιπετὲες
2736 2979 2804 3038 δὲ

465 3060 750 3139 κεραυνοί
789 3064 881 3124 ed.
929 3069 1017 3139 pf.
1064 3069 1126 3123 et
1172 3064 1250 3134 M,
1299 3082 1406 3125 nec
1450 3065 1638 3124 multo
1685 3067 1897 3126 melius
1943 3085 2034 3125 res
2080 3068 2534 3142 castigatoribus
2580 3085 2805 3126 succes-

466 3149 572 3221 sit,
636 3167 886 3223 quorum
933 3148 1250 3208 Villoieoni
1297 3154 1519 3211 amicus
1565 3142 1869 3225 διέπαλλε,
1916 3150 2191 3209 Cunaeus
2235 3147 2391 3228 χερὶ
2437 3149 2622 3209 πάλλε
2666 3170 2805 3209 οοιι-

465 3233 633 3304 iecit,
682 3232 789 3291 hoc
837 3231 1070 3293 Graefio
1116 3232 1453 3308 probatum.
1544 3235 1744 3293 Nonni
1790 3253 2034 3293 acumen
2078 3230 2282 3305 ὃόρυ-
2312 3232 2495 3316 πάλλε
2540 3238 2653 3295 sibi
2700 3237 2801 3294 fla·

465 3318 649 3392 gitat3
710 3318 846 3375 <ride
892 3319 1066 3377 modo
1110 3319 1216 3376 hos
1261 3316 1447 3379 locos:
1510 3338 1692 3393 supra
1734 3340 1790 3378 v.
1840 3322 1959 3378 291
1994 3339 2121 3395 sqq.
2171 3322 2285 3379 371
2325 3340 2451 3396 sqq.
2499 3321 2645 3395 VII,
2694 3322 2798 3379 21.

463 3400 637 3475 xm,
686 3401 828 3459 483.
888 3401 1057 3474 xlv,
1107 3405 1378 3463 52—55.
1440 3403 1583 3479 XV,
1637 3405 1984 3462 ιτα-178.
2073 3403 2214 3463 Alia
2256 3406 2520 3466 eiusdem
2566 3407 2800 3481 generis

463 3488 666 3544 notavi
713 3487 774 3544 in
819 3485 1101 3546 fasciculo
1147 3486 1175 3544 Ι
1221 3508 1279 3563 p.
1328 3492 1405 3547 23
1456 3484 1657 3567 [supra
1702 3508 1757 3558 p.
1793 3485 1945 3566 242]
1992 3488 2066 3546 ad
2112 3508 2168 3547 v.
2216 3490 2315 3547 52.

722 3650 1062 3731 Δερκομὲνη
1109 3651 1172 3713 δὲ
1213 3655 1486 3734 γίγαντος
1532 3651 1645 3714 ἐπὶ
1689 3654 1827 3732 χροῒ
1859 3651 2126 3734 μάρτυρα
2176 3659 2492 3734 Μοῖραν.

466 3755 859 3814 Scribendum
908 3751 1015 3814 ἑνὶ
1059 3758 1197 3834 χροΐ
1231 3763 1294 3816 et
1337 3755 1608 3835 μάρτυρα
1658 3759 1734 3814 Μ
1745 3757 1989 3835 οίρηςε
2034 3759 2339 3835 grandinis
2385 3760 2504 3819 tela
2529 3761 2799 3837 Typhoei

464 3842 697 3916 corpori
745 3840 923 3899 infixa
965 3846 1213 3901 mortem
1259 3844 1517 3902 vicinam
1563 3846 1885 3902 testantur.

726 4041 796 4052 -
892 4043 967 4051 —
1056 4042 1138 4052 ——
1222 4011 1308 4093 πῇ
1351 4004 1619 4088 χάσματα
1665 4016 1872 4071 κεῖνα
1918 4008 2192 4070 λεόντων.

465 4111 580 4169 Hic
608 4111 848 4187 quidem
880 4111 1036 4171 haud
1070 4116 1417 4208 cunctanter
1447 4109 1661 4172 δεινὰ
1693 4107 1951 4172 λεόντων
1982 4117 2435 4177 emendaverim.
2481 4116 2574 4176 Cf.
2594 4137 2649 4178 v.
2675 4118 2799 4175 619

462 4201 548 4275 πῇ
591 4215 689 4271 μοι
735 4193 1004 4270 φρικτὰ
1050 4191 1250 4274 γένὲια
1294 4231 1375 4241 —-—
1418 4195 1663 4275 ἄρκτου.

632 4281 707 4341 V.
743 4282 866 4339 620
896 4301 984 4356 sq.

723 4397 801 4407 —
893 4396 968 4407 --
1060 4400 1139 4408 ——-
1227 4403 1306 4409 —-—-
1396 4356 1648 4447 ὑμετέρῃ
1690 4388 1863 4445 γαρ

721 4445 867 4525 χειρὶ
913 4470 1020 4530 μιη
1065 4450 1280 4527 νίκησα
1325 4448 1641 4526 διηκοσίων
1688 4453 1853 4528 στίχοι
1897 4453 2126 4532 χειρῶν.
2173 4507 2176 4510 ,
