3132 5129
1369 1268 1560 1352 XII.

683 1439 1286 1509 Coniectaneorum
1325 1440 1667 1529 epicorum
1706 1439 2076 1511 fascienlus
2113 1435 2234 1537 1¹).

459 1607 673 1683 citius,
720 1628 898 1684 quam
941 1609 1177 1685 vellem,
1225 1629 1360 1667 cum
1391 1610 1530 1668 haec
1561 1609 1858 1669 scribendi
1892 1611 2209 1670 necessitas
2240 1610 2386 1670 mihi
2420 1630 2619 1687 super·
2652 1620 2683 1668 3

281 1694 553 1752 venisset
594 1694 777 1753 variis
821 1693 1128 1764 laboribus
1173 1694 1471 1770 distento,
1517 1694 1693 1769 plura
1737 1694 2009 1769 quidem,
2058 1694 2131 1752 de
2176 1696 2391 1771 quibus
2436 1698 2620 1756 conti‘

281 1795 473 1836 uuam
534 1778 1014 1854 singularemque
1058 1778 1534 1837 dissertationem
1591 1778 1938 1852 scriberem,
1998 1783 2208 1854 parata
2250 1785 2311 1839 et
2350 1780 2626 1840 incohata

280 1861 580 1921 habebam
636 1868 1021 1939 argumenta,
1079 1863 1229 1921 nihil
1285 1866 1489 1921 tamen
1543 1863 1628 1921 ita
1673 1863 1793 1921 iam
1835 1882 2114 1939 praesens
2158 1867 2220 1923 et
2263 1865 2620 1940 absolutum,

275 1949 346 2004 ut
399 1946 555 2004 illud
622 1965 742 2005 uno
800 1950 1007 2007 tenore
1063 1948 1226 2006 intra
1279 1947 1391 2007 hoc
1449 1947 1700 2006 duorum
1757 1948 2016 2008 triumve
2073 1949 2303 2007 dierum
2362 1951 2621 2025 spatium

277 2030 504 2089 litteris
551 2031 907 2089 mandarem.
966 2030 1175 2106 Itaque
1221 2050 1354 2090 cum
1399 2032 1473 2090 ad
1517 2032 1630 2091 hoc
1673 2032 2114 2092 commentandi
2157 2053 2346 2111 genus
2392 2034 2622 2094 delatus

279 2134 495 2189 essem,
543 2115 702 2190 quod
747 2116 812 2173 in
855 2116 1258 2191 proponendis
1302 2116 1377 2174 ad
1423 2115 1691 2191 singulos
1737 2118 2095 2193 scriptorum
2143 2117 2302 2178 locos
2349 2119 2622 2177 emenda-

275 2200 551 2259 tionibus
595 2203 901 2275 versatur3
946 2201 1167 2258 mirum
1209 2203 1331 2275 est,
1379 2204 1741 2276 quantopere
1785 2200 1898 2261 hoc
1941 2201 2071 2277 ipso
2101 2203 2344 2278 negotio
2377 2201 2622 2262 Godo·

278 2282 486 2343 fredi
533 2283 944 2343 Hermanni
1002 2285 1200 2361 imago
1254 2285 1316 2343 in
1362 2285 1560 2344 animo
1607 2304 1739 2345 meo
1785 2287 2137 2345 resuscitata
2181 2287 2283 2345 sit.
2375 2287 2489 2357 Qui
2534 2289 2625 2346 vir
2744 2298 2747 2307 “

274 2369 641 2427 immortalis
697 2369 954 2427 nominis
1013 2388 1147 2427 cum
1194 2369 1434 2428 omnino
1479 2371 1618 2444 post
1661 2388 1971 2446 magnum,
2030 2389 2204 2445 quem
2250 2389 2485 2446 semper
2525 2371 2622 2446 pie

278 2452 687 2526 reverebatur,
734 2452 1072 2511 Bentleium
1117 2453 1267 2511 hanc
1309 2453 1682 2513 coniectandi
1727 2458 1917 2512 artem
1964 2457 2026 2513 et
2068 2454 2142 2512 ad
2172 2455 2422 2514 rationis
2450 2474 2620 2531 prae-

275 2542 459 2613 cepta
515 2537 886 2597 severissime
945 2538 1251 2598 revocavit
1305 2544 1368 2597 et
1411 2538 1637 2614 insigni
1681 2539 1952 2598 acumine
1997 2539 2270 2599 doctrina
2313 2539 2625 2617 diligentia

277 2622 625 2681 felicissime
671 2623 1048 2697 exercitavit,
1105 2626 1235 2681 tum
1290 2624 1581 2698 imprimis
1627 2624 1941 2700 disciplina
1984 2643 2091 2684 sua
2132 2627 2311 2699 atque
2354 2625 2623 2701 exemplo

281 2725 403 2781 eOS,
457 2725 606 2781 quos
651 2707 714 2764 in
759 2707 1208 2767 societatem
1239 2706 1590 2766 Graecam
1633 2708 1881 2784 recepit,
1926 2709 2012 2767 ita
2041 2709 2323 2768 formavit
2354 2712 2415 2768 et
2444 2711 2622 2769 casti-

272 2792 482 2867 gavit,
528 2797 628 2865 nt,
676 2792 1013 2866 quicunque
1058 2811 1127 2850 ea
1172 2791 1370 2852 schola
1413 2811 1558 2851 usus
1604 2792 1769 2851 illam
1814 2795 2015 2852 tamen
2045 2811 2171 2852 rem
2208 2794 2482 2853 sollerter
2510 2814 2619 2870 pro

273 2877 398 2934 suis
465 2874 694 2934 viribus
752 2878 1006 2935 tractare
1050 2895 1173 2935 non
1217 2876 1520 2951 didicerit,
1581 2896 1717 2936 eum
1759 2877 2022 2952 profecto
2069 2897 2276 2938 aversa
2318 2878 2623 2955 invitaque

273 2958 504 3018 Critica
547 2962 756 3018 natum
808 2979 935 3019 esse
980 2979 1218 3020 necesse
1265 2962 1366 3020 sit.
1425 2961 1699 3019 Recoluit
1739 2982 1929 3037 nuper
1973 2963 2187 3021 summi
2218 2966 2621 3039 praeceptoris

269 3044 626 3103 memoriam
670 3045 785 3119 pie,
838 3063 988 3119 vere,
1034 3045 1234 3105 vivide
1283 3044 1601 3105 Carolus
1633 3046 2042 3121 Ameisius,
2091 3049 2152 3106 et
2195 3047 2338 3106 olim
2382 3049 2620 3107 commi-

273 3129 386 3187 lito
439 3147 607 3187 meus
653 3132 713 3187 et
758 3128 950 3187 adhuc
987 3160 1055 3172 —
1105 3129 1167 3187 id
1210 3130 1370 3205 quod
1415 3131 1556 3203 post
1599 3133 1938 3190 nostrarum
1982 3151 2179 3190 rerum
2225 3133 2453 3191 cladem
2497 3152 2619 3193 non

270 3214 392 3271 iam
455 3213 528 3272 de
582 3212 856 3271 omnibus
920 3213 1258 3289 praedicare
1303 3213 1443 3274 licet
1488 3246 1571 3257 —
1616 3215 1839 3275 amicus
1884 3234 1952 3275 eo
1996 3216 2176 3291 libro,
2236 3217 2333 3276 cui
2376 3217 2621 3276 titulum

269 3297 451 3356 fecit:
499 3295 836 3368 „Gottfried
877 3298 1243 3358 Hermam’s
1275 3300 1736 3374 padayoqisclaer
1776 3300 2045 3373 Eintluss
2091 3332 2159 3344 —
2195 3301 2355 3362 Jena
2397 3302 2621 3360 1850.“

449 3381 566 3440 Sed
614 3381 900 3456 quoniam
943 3383 1045 3442 ille
1090 3382 1435 3442 societatem
1480 3382 1799 3457 Graecam,
1848 3386 2014 3444 cuius
2058 3387 2185 3462 ipse
2229 3386 2450 3445 sodalis
2494 3405 2617 3446 non

272 3465 424 3535 fuit,
485 3466 706 3527 leviter
759 3468 993 3525 tantum
1050 3467 1283 3544 attigit,
1340 3467 1518 3526 liceat
1560 3467 1659 3528 hic
1704 3469 1775 3528 de
1823 3470 1945 3528 eius
1992 3471 2292 3530 societatis
2337 3472 2617 3531 exercita·

269 3550 572 3624 tionibus,
630 3553 696 3609 et
756 3551 1051 3627 quomodo
1096 3550 1472 3612 Hermannus
1516 3571 1616 3612 eas
1660 3553 2003 3613 moderatus
2049 3555 2159 3627 sit,
2221 3574 2408 3631 pauca
2450 3575 2619 3632 prae·

270 3635 415 3708 fari,
475 3654 595 3711 qua
648 3635 1019 3710 praefatione
1076 3638 1329 3712 gratiam
1374 3656 1469 3696 me
1515 3636 1805 3696 initurum
1851 3657 2022 3713 spero
2067 3639 2223 3697 haud
2267 3658 2609 3716 paucorum,

274 3719 380 3794 qui
429 3737 563 3778 cum
609 3719 793 3779 exiles
838 3740 997 3779 meas
1043 3722 1415 3780 coniecturas
1445 3740 1552 3780 suo
1584 3722 1842 3797 quodam
1871 3722 2000 3782 iure
2032 3723 2365 3800 fastidiant,
2411 3727 2614 3785 tamen

277 3802 463 3862 etiam
522 3803 744 3879 pusilla
796 3805 1091 3880 quaedam
1147 3806 1221 3864 ad
1279 3805 1478 3883 magni
1525 3806 1689 3865 illius
1734 3807 1849 3866 viri
1894 3826 2089 3868 mores
2132 3809 2499 3884 pertinentia
2540 3810 2618 3868 li-

276 3887 492 3947 benter
547 3888 756 3947 audire
810 3890 1062 3948 soleant.
1149 3889 1536 3949 Accedebant
1590 3891 1739 3950 duae
1795 3892 1946 3951 aliae
2004 3912 2237 3968 causae,
2297 3912 2446 3968 quae
2502 3913 2615 3970 me,

274 3971 386 4031 hoc
429 3976 502 4031 ut
543 3973 824 4049 facerem,
871 3974 1269 4050 impulerunt3
1315 3976 1606 4050 primum,
1654 3975 1814 4051 quod
1857 3981 2159 4036 mortuum
2202 3977 2373 4036 illum
2418 3980 2480 4037 et
2520 3998 2617 4054 pe·

277 4057 681 4116 tulantissime
724 4058 1003 4117 insultari
1048 4061 1110 4117 et
1153 4059 1338 4118 mire
1381 4060 1645 4135 ignorari
1676 4060 1950 4119 videbam
1982 4080 2016 4119 a
2045 4061 2425 4138 quibusdam,
2470 4082 2616 4138 quo·

278 4159 410 4199 rum
457 4142 785 4218 conamina,
831 4161 1191 4219 quamquam
1237 4143 1488 4202 ridicula
1530 4147 1594 4203 et
1636 4146 1854 4220 inania,
1902 4149 2100 4205 tamen
2132 4146 2440 4205 stimulum
2470 4148 2617 4207 mihi

277 4225 644 4301 iniecerunt,
705 4229 775 4285 ut
828 4227 1027 4303 aliquo
1086 4227 1442 4288 documento
1495 4229 1835 4305 probarem,
1894 4249 2083 4289 meam
2130 4235 2288 4291 certe
2316 4233 2617 4307 ¹pietatem

371 4345 466 4454 -¹)
526 4387 728 4458 [Index
771 4388 926 4443 lectt.
974 4388 1032 4442 in
1086 4389 1197 4444 litt.
1253 4389 1402 4444 univ.
1459 4390 1646 4448 Turio.
1703 4392 1834 4446 inde
1890 4409 1925 4446 a
1976 4392 2067 4448 die
2133 4392 2305 4448 XXII.
2361 4413 2433 4449 m.
2478 4397 2610 4466 Apr.

284 4469 461 4521 unque
496 4455 569 4509 ad
608 4455 663 4514 d.
699 4454 870 4510 XXV.
909 4474 982 4510 m.
1019 4456 1174 4527 Sept.
1209 4456 1525 4513 MDCCCLI
1560 4458 1987 4530 habendarum]
