3132 5129
1327 388 1608 451 -sos
1702 425 1770 434 --

374 562 525 618 quae
583 544 852 618 sequitur
894 564 954 603 v.
1002 546 1123 602 347
1185 540 1440 622 γάνυται
1482 541 1551 602 δὲ
1593 537 1739 622 μετά
1783 560 1954 620 σφισι
1998 538 2283 620 βουκόλος
2325 538 2484 621 ἀνήρ
2528 547 2709 621 respi-

376 628 586 704 ciatur,
635 628 911 688 lacunam
954 629 1050 688 hie
1093 648 1330 705 quoque
1377 630 1718 705 putaverim
1762 632 1846 689 ita
1891 631 2011 690 fere
2056 630 2437 706 explendam:

1273 742 1648 829 ἐπειγομένῳ
1693 744 1767 807 δὲ
1808 745 2108 826 μα’χεσθαι

680 824 997 911 (πάντες
1042 827 1128 914 ἑῷ
1170 832 1482 910 βασιλῆι
1524 810 1679 912 μέγ’
1730 831 2205 911 ἐμμεμαῶτες
2251 829 2579 913 εποντο).

455 984 462 993 -
545 950 617 1011 In
662 952 986 1027 septimo
1033 952 1231 1013 libro
1276 953 1502 1031 legitur
1543 974 1602 1014 v.
1636 955 1757 1013 305

680 1067 858 1129 δείδιε
903 1059 962 1129 δ’
1014 1065 1077 1128 ἐν
1122 1066 1343 1149 φρεσιν
1384 1062 1528 1174 ἧσιν
1572 1069 1879 1175 ἰσημερίην
1922 1062 2263 1148 ἀλεγεινήν,

763 1151 851 1212 ἔνι
894 1152 1332 1252 συμφορέονται
1374 1131 1475 1215 αν’
1526 1151 1703 1235 εὐρέα
1746 1153 1971 1233 βένθεα
2015 1153 2243 1215 πόντου

710 1242 946 1300 κποθεν
987 1230 1299 1300 ἀίσσουσαι
1341 1233 1491 1317 ὑπὲρ
1534 1239 1685 1323 μέγα
1729 1244 1938 1319 λαῖτμα
1982 1235 2306 1300 θύελλαι.

377 1361 472 1419 Ita
526 1358 764 1434 quidem
825 1358 898 1419 ad
944 1379 1154 1421 sensus
1200 1362 1612 1438 integritatem
1654 1360 1806 1421 nihil
1848 1361 2085 1422 videtur
2128 1361 2351 1420 deesse.
2441 1361 2527 1420 At
2573 1382 2712 1422 vero

379 1463 486 1520 pro
553 1436 875 1502 θυελλαι
941 1466 1092 1522 quae
1147 1449 1239 1506 est
1281 1446 1698 1507 Rhodomanni
1754 1447 2089 1507 coniectura
2140 1447 2203 1505 in
2259 1446 2430 1506 libris
2491 1447 2714 1523 legitur

378 1522 785 1607 θαλάσσης,
843 1532 905 1590 et
962 1529 1023 1590 in
1071 1530 1311 1591 Caesar.
1357 1532 1409 1590 A
1469 1532 1635 1607 euius
1681 1532 1752 1592 de
1796 1532 2060 1595 utilitate
2106 1550 2284 1607 supra
2327 1532 2532 1591 monui
2575 1536 2714 1609 post

377 1610 606 1671 πόντου
652 1615 842 1675 lineae
887 1616 1148 1692 spatium
1193 1618 1288 1677 est
1330 1600 1623 1677 relietum.
1697 1615 1844 1676 Inde
1888 1635 2009 1676 non
2053 1615 2441 1713 improbabile
2484 1620 2576 1677 est
2619 1617 2714 1677 hio

378 1718 608 1775 quoquo
654 1700 938 1759 omissum
983 1719 1110 1761 esse
1154 1721 1419 1777 versum,
1468 1720 1586 1778 quo
1635 1702 1702 1773 Q.
1751 1702 2029 1761 disertius
2075 1701 2399 1760 omnium
2444 1706 2713 1763 vento·

378 1804 533 1844 rum
579 1785 816 1845 flamina
858 1804 929 1845 eo
975 1787 1240 1863 tempore
1286 1747 1733 1846 oon'eurrere
1776 1786 1888 1847 hoo
1931 1787 2052 1845 fere
2098 1786 2277 1846 modo
2322 1786 2584 1847 dixerat:

629 1892 676 1984 ᾗ
719 1899 807 1961 ἔνι
854 1896 1289 1982 συμφορέονται
1332 1899 1435 1962 ἄν’
1484 1897 1665 1979 ευρὲα
1708 1894 1934 1983 βένθεα
1974 1902 2204 1963 πόντου

629 1983 1120 2092 <συμπάντων
1162 1985 1461 2066 ἀνέμων
1503 1985 1774 2066 λαβραὶ
1819 1985 2271 2090 κελαδεινα>
2315 1983 2629 2050 θύελλαι

628 2069 891 2134 ἔκποθεν
930 2066 1244 2134 ἀίσσουσαι
1286 2069 1438 2156 ὑπὲρ
1481 2069 1628 2155 μέγα
1670 2077 1882 2153 λαῖτμα
1925 2069 2340 2152 θαλασσης.

547 2192 717 2251 Circa
759 2214 816 2253 v.
864 2196 982 2254 381
1031 2196 1204 2270 plura
1248 2195 1581 2255 excidisse
1564 2215 1685 2254 iam
1715 2194 1877 2270 apud
1908 2194 2339 2271 Hermannum,
2388 2194 2488 2271 qui
2519 2215 2711 2254 meam

377 2278 731 2337 sententiam
776 2279 1070 2355 probavit,
1116 2300 1174 2356 p.
1211 2282 1330 2339 261
1378 2281 1675 2339 monitum
1719 2283 1833 2339 est.

544 2361 618 2421 V.
666 2365 786 2423 389
819 2384 907 2440 sq.
953 2364 1049 2424 hio
1091 2364 1317 2443 legitur
1358 2366 1524 2426 loeus
1571 2364 1933 2425 eommunis:

637 2514 704 2525 -
801 2516 880 2526 —-
966 2518 1050 2525 ——-
1135 2515 1218 2527 —-
1305 2474 1522 2544 οὕνεκα
1563 2480 1756 2562 μήτηρ

632 2560 862 2647 «ἔχηθ’
910 2562 986 2649 ἕῷ
1028 2560 1163 2647 περὶ
1205 2564 1373 2628 παιδὶ
1418 2568 1519 2630 και
1562 2593 1643 2648 ην
1685 2564 1782 2629 ἐπὶ
1824 2563 1986 2630 δαιτ’
2034 2561 2341 2645 ἀφίκηται.

378 2689 506 2748 Ηοο
550 2707 689 2748 vero
735 2689 881 2747 mire
928 2688 1154 2749 dietum
1200 2693 1308 2751 est.
1377 2690 1530 2748 Nam
1576 2708 1709 2749 eum
1755 2708 1934 2749 cena
1977 2690 2038 2748 in
2082 2708 2261 2765 quam
2304 2688 2577 2748 abiturus
2621 2694 2715 2749 est

374 2773 609 2833 iuvenis
653 2774 834 2833 etiam
878 2775 1072 2849 possit
1115 2773 1312 2833 domi
1354 2774 1589 2851 haberi,
1650 2794 1756 2834 neo
1801 2775 1917 2834 alia
1959 2793 2139 2834 eausa
2182 2774 2258 2833 ob
2302 2792 2482 2849 quam
2524 2778 2714 2834 mater

375 2862 604 2917 metuat
662 2860 1188 2934 commemoretur,
1248 2860 1366 2918 iam
1410 2860 1639 2919 dudum
1680 2860 1824 2919 mihi
1868 2860 1964 2919 hio
2008 2860 2173 2919 loeus
2216 2859 2335 2919 fuit
2376 2863 2708 2936 suspectus.

370 2944 583 3020 Itaque
627 2943 769 3003 olim
813 2943 1194 3004 scribendum
1239 2945 1476 3019 putavi:
1524 2936 1751 3022 α’χνυθ’
1801 2941 1881 3026 ἑῷ
1926 2940 2058 3023 περὶ
2091 2939 2261 3002 παιδὶ
2307 2939 2499 3019 ἐπὴν
2543 2941 2714 3002 δαῒν

331 3026 890 3105 ἐἰσαφίκηται,
949 3028 1109 3105 quod
1165 3048 1526 3107 quamquam
1584 3031 1729 3090 ferri
1783 3033 1986 3106 potest
2027 3030 2268 3090 videtur
2311 3033 2509 3089 tamen
2553 3031 2711 3090 iusto

374 3113 656 3173 audacius
712 3133 859 3174 esse.
946 3115 1156 3190 Itaque
1210 3133 1370 3173 nune
1423 3116 1614 3175 multo
1675 3115 1822 3175 mihi
1864 3115 2235 3192 probabilius
2272 3114 2519 3173 videtur
2560 3115 2710 3174 exei-

375 3199 531 3258 disse
573 3202 713 3274 post
751 3221 809 3260 v.
836 3201 962 3259 390
1005 3219 1190 3258 unum
1234 3218 1351 3276 quo
1396 3200 1460 3259 id
1507 3201 1668 3277 quod
1714 3219 1894 3277 supra
1937 3199 2059 3258 dixi
2104 3199 2326 3275 requiri
2371 3200 2710 3275 expositum

375 3287 521 3360 erat,
570 3284 786 3344 veluti.

541 3394 769 3480 ἅχνυθ’
819 3398 899 3484 ἑῷ
941 3400 1079 3477 περί
1117 3400 1320 3480 παιδί,
1365 3398 1470 3461 καὶ
1512 3397 1594 3481 ἢν
1636 3399 1732 3463 ἐπὶ
1779 3397 1935 3462 δαῖτ’
1984 3398 2271 3479 ἀφίκηται

542 3462 872 3568 <τηλόθι
894 3482 1348 3565 κεκλόμενος
1394 3487 1625 3564 φίλου
1669 3479 1945 3567 ἀνδρὸς
1989 3485 2060 3559 ἐς
2102 3482 2506 3566 ἀλλότριον
2551 3486 2709 3568 δῶ.)

378 3608 648 3667 Sollicita
692 3611 784 3667 est
826 3608 1018 3666 mater
1061 3607 1166 3666 ubi
1213 3606 1388 3666 domo
1432 3608 1826 3684 proficiscitur
1870 3608 2060 3683 filius,
2107 3608 2341 3670 etiamsi
2386 3608 2461 3666 ad
2507 3626 2711 3667 cenam

377 3693 776 3770 proficiscitur
817 3692 893 3751 ab
938 3693 1124 3752 amieo
1169 3694 1433 3753 vocatus·

443 3833 451 3842 ,
545 3777 701 3837 Ibid.
747 3796 805 3835 v.
855 3777 978 3835 435
1011 3797 1144 3853 sqq.

627 3894 1009 3993 καρπαλίμως
1053 3888 1112 3954 δ’
1163 3892 1367 3953 ικοντο
1408 3890 1543 3954 ποτὶ
1589 3894 1837 3992 κλισίην
1861 3888 2190 3973 Ὀδυσῆος·

630 3971 668 4056 ἣ
711 4002 825 4081 γαρ
871 3978 978 4054 ἔην
1021 3978 1272 4058 αγχιστα
1316 4000 1465 4053 νεως
1510 3974 1999 4080 κυανοπρώροιο·

626 4057 812 4126 πολλα
854 4087 988 4145 γαρ
1034 4059 1316 4144 ἐξημοιβα
1359 4060 1504 4144 παρ’
1550 4055 1772 4125 αὐτόθι
1818 4062 2048 4143 τεύχεα
2069 4070 2248 4126 κεῖτο.

375 4204 524 4263 Οιιιιι
569 4223 709 4264 sane
753 4205 844 4263 uti
888 4223 1044 4263 nune
1090 4203 1232 4262 haec
1272 4203 1554 4280 leguntur
1598 4204 1892 4280 particula
1919 4223 2055 4282 γαρ
2088 4207 2349 4262 extremo
2381 4223 2557 4263 versu
2588 4223 2709 4263 ιιοιι

373 4289 565 4364 possit
619 4290 929 4365 explicari,
1001 4289 1365 4366 Tyohsenius
1418 4308 1487 4347 ex
1543 4288 1773 4348 Pau'wii
1835 4289 2167 4347 coniectura
2222 4284 2409 4346 πολλα
2466 4279 2530 4345 δ’
2587 4283 2707 4365 αρ’

377 4373 617 4449 scripsit
658 4394 809 4450 quae
855 4375 1045 4434 facilis
1075 4375 1315 4450 quidem
1347 4373 1452 4434 sed
1482 4374 1661 4433 etiam
1694 4373 1844 4433 levis
1874 4376 1967 4433 est
1995 4375 2349 4433 coniectura.
2418 4373 2573 4432 Nam
2604 4375 2707 4449 qui

377 4460 807 4534 comparaverit
850 4479 905 4518 v.
951 4460 1078 4519 440
1106 4478 1196 4535 sq.
1243 4458 1346 4518 ubi
1390 4459 1851 4537 singulatim
1896 4459 2217 4534 exponitur
2245 4459 2429 4523 fortes
2460 4458 2711 4542 pulchra

2752 3408 2809 3455 17
