3132 5129
357 540 455 588 056

1428 354 1955 441 -394-‘

788 527 869 602 οὓς
915 528 1186 632 φαμένου
1234 531 1552 608 Πενθῆος,
1598 527 1851 604 όποὶονες
1895 526 2032 592 cinit
2079 540 2274 634 ταρσῶ

788 615 1042 696 ἔδραμον
1085 608 1410 694 ὑψικόμοιο
1453 612 1826 696 δυσέμβατον
1871 617 1953 688 εἰς
1998 615 2175 695 ῥάχιν
2217 594 2405 696 υ’λης,

786 700 946 778 ἴχνια
988 696 1375 777 μαστεύοντες
1422 698 1771 780 ὀριπλανέος
1820 698 2142 764 Διονύσου.

481 820 687 895 Neque
734 841 765 879 e
814 842 867 883 v.
916 823 1036 881 323
1069 841 1198 899 sqq.
1244 824 1409 883 urbis
1454 826 1820 884 mentionem
1866 823 2105 883 defendi
2148 842 2321 898 posse
2366 824 2646 882 arbitror.
2722 823 2812 881 Ibi

483 906 638 962 enim
687 906 903 965 similia
929 907 1256 980 miracula,
1303 909 1502 984 qualia
1545 911 1663 968 iam
1706 908 1918 981 XLIV,
1967 910 2046 968 35
2078 928 2212 985 sqq.
2263 908 2548 982 vidimus,
2598 907 2816 965 Thebis

486 989 699 1047 Bacchi
744 991 986 1050 numine
1032 992 1313 1051 accidisse
1357 997 1693 1051 narrantur.
1765 994 1974 1069 Itaque
2020 994 2117 1052 vix
2165 994 2393 1067 dubito,
2444 995 2589 1068 quin
2633 993 2813 1066 scrip-

482 1075 627 1132 serit
657 1075 731 1132 N.
764 1071 830 1133 ἐν
872 1072 918 1133 o’e'
928 1077 958 1135 λ
973 1090 1007 1132 σ
1018 1084 1084 1136 εἰ·
1110 1073 1212 1134 καὶ
1243 1070 1423 1155 μέσον
1452 1074 1619 1154 ὕλης.
1695 1078 1783 1137 De
1814 1080 1919 1137 illo
1949 1070 2128 1154 μέσον
2154 1073 2305 1155 ὕλης
2335 1080 2410 1138 cf.
2436 1077 2565 1153 XV,
2592 1080 2712 1137 206
2727 1096 2811 1152 sq.

975 1247 1051 1257 -
1077 1211 1334 1291 “Τμνος,
1381 1211 1446 1287 ὃς
1492 1205 1769 1292 ἆγριάδος
1811 1209 1995 1289 μέσον
2034 1210 2183 1292 ὕλης

786 1296 1026 1376 ἱμερτὰς
1074 1295 1314 1374 ἐνόμευε
1359 1294 1509 1378 βόας
1553 1294 1715 1376 παρὰ
1760 1297 1977 1374 γείτονι
2022 1295 2227 1381 κούρῃ.

483 1418 598 1477 Hic
663 1421 926 1494 poteram
998 1418 1344 1494 subsistere,
1411 1419 1527 1478 nisi
1592 1421 1849 1479 restaret
1903 1438 2088 1478 unum
2144 1419 2323 1478 etiam
2379 1423 2812 1493 argumentum,

483 1502 674 1578 quod,
730 1523 864 1562 cum
921 1524 1014 1567 eov
1048 1503 1263 1580 aliquis
1309 1503 1743 1563 defendendam
1788 1507 1998 1579 putare
2041 1504 2231 1579 possit
2272 1503 2586 1562 lectionem
2632 1504 2694 1561 in
2737 1504 2813 1561 N.

482 1589 818 1663 vulgatam,
877 1589 994 1647 iam
1042 1608 1392 1649 removeam.
1483 1587 1663 1664 Apud
1708 1588 2059 1664 Euripidem
2102 1589 2260 1647 enim
2304 1589 2367 1647 in
2412 1587 2688 1661 Bacchis,
2744 1608 2814 1647 ex

480 1692 598 1748 qua
650 1673 960 1750 tragoedia
1013 1673 1170 1733 haud
1227 1692 1442 1748 paucos
1497 1673 1662 1732 locos
1708 1673 1782 1732 N.
1827 1674 2097 1733 imitatus
2143 1676 2263 1748 est,
2322 1676 2391 1730 ut
2434 1672 2814 1731 Hermannus

481 1757 734 1832 singulis
779 1760 843 1817 in
887 1758 1032 1817 locis
1076 1758 1403 1832 adnotavit,
1452 1758 1693 1817 omnino
1724 1758 1990 1818 Bacchus
2034 1759 2098 1817 in
2141 1760 2271 1834 ipsa
2302 1757 2637 1816 Thebarum
2667 1758 2814 1815 urbe

479 1862 516 1901 a
560 1842 809 1902 Penthei
867 1844 1106 1903 famulis
1150 1843 1687 1917 comprehenditur.
1779 1843 1896 1903 Sed
1940 1863 2034 1902 res
2077 1844 2253 1919 plane
2298 1846 2390 1901 est
2433 1842 2569 1901 alia.
2658 1842 2813 1901 Nam

479 1926 563 1985 ibi
622 1947 855 2002 quoque
914 1932 1080 1988 extra
1134 1928 1342 1987 urbem
1396 1929 1459 1987 in
1518 1926 1892 1988 Cithaeronis
1949 1929 2135 2005 sylvis
2190 1929 2504 1988 versantur
2559 1927 2812 2003 Dionysi

480 2011 709 2086 copiae,
768 2012 987 2087 quibus
1042 2014 1169 2089 ipse
1223 2031 1460 2089 quoque
1517 2016 1767 2088 putatur
1820 2015 2123 2073 interesse.
2213 2012 2350 2071 Vid.
2395 2032 2451 2072 v.
2503 2013 2624 2071 218
2657 2032 2809 2087 sqq.,

479 2097 583 2155 ubi
629 2097 929 2157 Pentheus
972 2098 1270 2159 audivisse
1316 2117 1379 2157 se
1423 2099 1570 2157 dicit
1613 2099 1889 2158 mulieres
1935 2118 2004 2156 ex
2048 2098 2193 2157 urbe
2236 2117 2363 2157 esse
2406 2115 2703 2173 egressas:

1191 2248 1275 2259 -
1321 2212 1388 2275 έν
1431 2211 1496 2275 δὲ
1540 2214 1807 2286 δασκίοις

890 2296 1049 2377 ὄρεσι
1093 2296 1342 2372 θοάζειν
1382 2297 1486 2360 τὸν
1530 2297 1740 2360 νεωστὶ
1785 2299 2038 2376 δαίμονα
2112 2314 2117 2319 ·

892 2383 1208 2463 Διόνυσον,
1255 2382 1415 2456 ’ὅστις
1460 2381 1600 2462 ἔστί,
1648 2378 1905 2461 τιμώσας
1950 2388 2162 2463 χοροῖς.

481 2507 598 2566 Sed
644 2506 755 2566 hoc
800 2526 919 2566 non
965 2509 1057 2566 est
1100 2525 1328 2566 verum.
1419 2506 1578 2564 Deus
1622 2507 1806 2582 enim,
1863 2506 2119 2563 humana
2177 2505 2364 2563 forma
2423 2504 2667 2563 indutus
2711 2504 2833 2578 (cf.-

481 2594 559 2650 52
593 2592 726 2668 sq.),
775 2592 983 2651 urbem
1026 2591 1384 2669 ingreditur,
1433 2592 1637 2667 ibique
1684 2598 1984 2664 tamquam
2027 2592 2247 2650 Bacchi
2287 2591 2550 2662 famulus
2592 2590 2816 2649 incolas

478 2676 554 2734 ad
620 2678 1017 2737 instituendas
1083 2677 1325 2737 choreas
1391 2676 1752 2735 cohortatur.
1854 2675 2001 2734 Inde
2062 2676 2364 2735 Pentheus
2425 2696 2478 2735 v.
2523 2676 2643 2734 233
2682 2695 2813 2750 sqq.

481 2760 626 2819 haec
671 2760 844 2820 dicit:

880 2857 1114 2939 λέγουσι
1158 2853 1216 2919 δ’
1267 2852 1344 2933 ὥς
1388 2883 1473 2933 τις
1519 2859 1863 2939 εἰσελήλυθε
1909 2857 2105 2939 ξένος,

882 2943 1059 3025 γόης,
1105 2941 1361 3028 ἐπῳδός,
1408 2946 1647 3017 Λυδίας
1689 2940 1808 3006 ἀπὸ
1851 2940 2106 3023 χθονός,

885 3033 1161 3105 ξανθοῖσι
1203 3028 1644 3131 βοστρύχοισιν,
1690 3028 1938 3107 εὔοσμος
1981 3027 2200 3107 κόμην,

883 3115 1173 3212 οἰνωπός,
1218 3110 1414 3186 όσσοις
1458 3114 1698 3194 χάριτας
1737 3111 2089 3194 Ἀφροδίτης
2136 3114 2315 3194 ἔχων,

886 3198 950 3273 ἃς
993 3191 1217 3298 ἡμέρας
1262 3220 1320 3258 τε
1367 3195 1704 3277 κεύφρόνας
1749 3199 2123 3280 συγγίγνεται

886 3275 1113 3358 τελετας
1158 3284 1482 3365 προτείνων
1526 3281 1727 3359 ευίους
1771 3284 2060 3346 νεανισιν.

483 3407 657 3466 Hunc
714 3408 930 3485 igitur,
989 3427 1165 3484 quem
1220 3410 1396 3483 putat
1448 3407 1668 3466 Bacchi
1722 3410 1957 3466 tantum
2000 3406 2281 3464 asseclam
2328 3424 2474 3480 esse,
2520 3407 2713 3466 nescit
2756 3409 2819 3464 et

481 3511 556 3549 ne
613 3494 952 3590 suspicatur
1008 3492 1280 3569 quidem,
1338 3493 1529 3550 Deum
1591 3493 1785 3567 ipsum
1847 3509 2001 3565 esse,
2065 3511 2120 3548 v.
2156 3491 2275 3550 349
2309 3511 2438 3566 sqq.
2484 3491 2547 3550 in
2592 3491 2739 3549 urbe
2784 3511 2819 3548 a

483 3577 719 3636 famulis
764 3579 981 3653 corripi
1026 3578 1220 3637 iubet.

885 3711 944 3770 οἳ
989 3705 1048 3770 δ’
1093 3705 1233 3771 ἄνα
1278 3708 1495 3770 πόλιν
1538 3708 1896 3808 στείχοντες,
1945 3704 2335 3787 ἐξιχνευσατε

886 3791 991 3854 τὸν
1033 3791 1437 3893 θηλύμορφον
1480 3793 1682 3870 ξένον,
1729 3816 1794 3864 ος
1837 3795 2092 3874 εἰσφέρει
2136 3793 2316 3854 νόσον

888 3868 1105 3955 καινὴν
1148 3879 1388 3959 γυναιξὶ
1432 3877 1534 3938 καὶ
1579 3877 1715 3958 λέχη
1760 3879 2124 3957 λυμαίνεται.

483 4019 750 4078 Bacchus
794 4022 1027 4095 autem,
1073 4021 1136 4077 et
1178 4023 1495 4095 postquam
1540 4018 1615 4077 ad
1662 4017 1991 4077 Pentheum
2036 4016 2323 4076 adductus
2367 4019 2477 4092 est,
2524 4019 2586 4075 et
2627 4017 2688 4075 in
2733 4035 2821 4072 re-

485 4104 651 4180 liqua
695 4104 915 4180 fabula,
963 4122 1199 4179 semper
1227 4104 1312 4163 ita
1354 4106 1552 4180 partes
1598 4104 1745 4180 agit,
1792 4121 1862 4161 ac
1906 4104 1956 4161 si
2004 4102 2263 4161 famulus
2308 4105 2542 4160 tantum
2587 4119 2650 4159 re
2682 4119 2823 4159 vera

486 4193 641 4247 esset
671 4189 910 4249 Bacchi.
985 4189 1056 4249 In
1088 4188 1204 4247 fine
1250 4189 1485 4248 demum
1530 4188 1669 4247 inde
1699 4208 1735 4246 a
1766 4208 1820 4247 v.
1860 4188 2023 4246 1330
2066 4188 2277 4262 punito
2306 4185 2571 4246 Pentheo
2620 4184 2822 4243 divino

487 4274 697 4332 habitu
738 4276 1009 4348 apparet.
1088 4274 1272 4335 Plane
1317 4275 1548 4333 diverso
1595 4271 1769 4332 modo
1813 4272 1956 4331 haec
1999 4292 2035 4331 a
2067 4272 2141 4332 N.
2185 4291 2314 4331 esse
2356 4272 2653 4346 instituta,
2699 4289 2824 4330 non

491 4365 596 4432 est,
642 4359 801 4434 quod
844 4359 1116 4435 pluribus
1161 4378 1473 4435 exponam.

661 4442 815 4501 Ibid.
863 4445 987 4502 254
1024 4463 1156 4519 sqq.
1246 4443 1576 4517 PentheuS,
1622 4442 1870 4517 bovem,
1920 4461 2097 4517 quem
2140 4443 2269 4518 ipse
2312 4441 2580 4501 Bacchus
2624 4441 2678 4500 ei
2721 4439 2824 4501 ad·
