3132 5129
1286 395 1743 461 -227-

643 545 726 633 ἦν
766 551 862 615 ὅτε
904 554 1086 633 μυρία
1129 560 1378 613 πᾶσαν
1419 543 1556 612 ἀνὰ
1599 551 1796 630 χθόνα
1841 548 2006 628 φῦλ’
2054 547 2093 612 ἆ
2110 550 2372 631 νθρῶπ
2388 574 2483 613 ων

640 637 1023 718 πλαζομένων
1067 636 1322 718 ἐβάρυνε
1366 634 1790 718 βαθυστέρνου
1833 634 2061 710 πλάτος
2105 637 2267 716 αἴης.

340 779 409 837 In
455 778 579 852 illo,
628 778 788 853 quod
838 777 1183 836 wolckerus
1226 796 1296 834 ex
1325 775 1455 835 Nic.
1490 776 1739 836 Loensis
1770 776 2059 851 Epiphill.
2093 774 2199 850 IV,
2233 776 2270 834 3
2302 796 2398 852 ap.
2432 775 2667 835 Gruter.

337 863 549 938 Lamp.
598 860 693 921 Cr.
743 861 815 939 V,
864 863 901 920 2
946 882 1007 937 p.
1053 862 1173 920 401
1220 860 1422 920 affert:

1462 985 1544 1072 ἦν
1587 990 1683 1055 ὅτε
1724 994 1908 1073 μυρία
1952 992 2115 1072 φύλα

425 1077 575 1141 κατὰ
620 1080 816 1160 χθόνα
861 1078 1163 1159 λανήμενα
1206 1077 1541 1158 πλαζόμενοι
1585 1076 2006 1159 βαθυστέρνου
2049 1078 2267 1152 πλάτος
2297 1079 2436 1157 αἴης
2481 1080 2671 1160 (sicl),

339 1220 491 1279 nihil
535 1220 716 1279 latere
758 1222 925 1295 puto,
969 1219 1086 1279 nisi
1131 1217 1436 1293 participii
1478 1214 1816 1293 πλαζόμενοι
1860 1219 2432 1294 interpretationem.
2502 1217 2672 1288 Quod

339 1322 551 1364 moneo
596 1308 936 1380 propterea,
992 1322 1069 1362 ne
1114 1302 1246 1378 quis
1293 1303 1631 1361 litterarum
1674 1303 1945 1377 apicibus
1990 1322 2167 1378 quam
2213 1304 2510 1378 epicorum
2555 1321 2673 1360 ser-

338 1389 504 1448 moni
532 1389 820 1448 intentior
848 1388 985 1447 inde
1015 1387 1262 1447 efficiat:
1311 1420 1384 1429 —
1420 1378 1572 1444 κατὰ
1602 1385 1797 1463 χθόνα
1829 1385 2002 1446 δῖαν
2029 1383 2229 1446 ἔναιε
2260 1388 2354 1447 vel
2387 1383 2634 1463 ἔνειμε
2660 1381 2670 1466 Ι

338 1464 662 1548 πλαζόμεν’
709 1466 822 1549 ἠδ’
873 1469 1127 1550 ἐβάρυνε
1170 1476 1285 1531 etc.

511 1557 704 1617 Versu
766 1562 979 1634 quarto
1023 1557 1469 1617 insolentiorem
1514 1575 1828 1616 numerum
1872 1557 1936 1616 in
1981 1558 2304 1633 scriptore,
2364 1558 2532 1616 cuius
2576 1575 2674 1616 ars

338 1644 584 1703 metrica
637 1662 881 1719 prorsus
934 1661 1044 1702 nos
1100 1642 1283 1716 latet,
1343 1642 1628 1715 retinere,
1688 1661 1863 1717 quam
1911 1642 2152 1701 incertis
2196 1642 2549 1701 coniecturis
2601 1673 2671 1683 -

339 1728 416 1788 cf.
466 1726 671 1787 Herm.
716 1728 793 1786 ad
837 1727 980 1787 Eur.
1027 1727 1161 1786 Hel.
1211 1729 1295 1787 40
1344 1758 1419 1768 —
1466 1726 1762 1801 expellere
1806 1727 1992 1787 satius
2038 1726 2210 1785 duc0.

512 1807 578 1871 2.
623 1813 901 1872 Alterum
948 1812 1370 1889 fragmentum,
1418 1815 1722 1871 servatum
1765 1812 1842 1869 ab
1887 1811 2196 1871 Athenaeo
2241 1810 2352 1871 XV
2396 1831 2457 1887 p.
2490 1811 2612 1869 682
2644 1829 2677 1869 e

353 1893 575 1976 [Epioe.
622 1896 755 1957 Grr.
803 1898 907 1960 frr.
951 1898 981 1955 Ι
1021 1917 1082 1973 p.
1131 1897 1209 1954 22
1241 1894 1394 1972 sq.],
1467 1895 1581 1954 hoc
1634 1896 1811 1955 modo
1869 1896 2246 1955 scribendum
2290 1899 2354 1955 et
2397 1895 2675 1972 supplen-

338 1981 479 2041 dum
526 1984 651 2041 est:
845 1974 860 1993 ⁸

645 2112 854 2189 εἵματα
897 2110 1008 2190 μὲν
1051 2111 1223 2194 χροῒ
1257 2110 1451 2190 ἕστο,
1496 2110 1585 2173 τα’
1628 2113 1704 2173 οἱ
1741 2108 1990 2195 Χάριτές
2034 2137 2095 2175 τε
2141 2113 2242 2175 καὶ
2277 2106 2461 2195 Ὧραι

644 2199 907 2277 ποίησαν
947 2196 1049 2259 καὶ
1092 2197 1333 2276 ἔβαψαν
1378 2193 1443 2257 ἐν
1484 2190 1748 2259 ἄνθεσιν
1790 2198 2172 2277 εἰαρινοῖσιν,

649 2275 747 2343 οἷα
792 2279 1088 2364 φέρουσ’
1137 2275 1316 2363 ὧραι,
1361 2280 1427 2342 ἕν
1469 2304 1529 2343 τε
1572 2277 1801 2362 κρόκω,
1848 2281 1915 2343 ἔν
1956 2275 2024 2342 θ’
2076 2278 2384 2363 ὑακίνθῳ,

647 2366 712 2429 ἓν
755 2391 815 2429 τε
859 2367 932 2451 ἴῳ
976 2365 1339 2444 θαλέθοντι,
1386 2366 1571 2445 ῥόδου
1616 2363 1669 2427 τ’
1719 2345 1809 2428 {vl
1852 2359 2039 2428 ἄνθεϊ
2079 2371 2272 2450 καλῷ,

647 2448 810 2530 ἡδέι,
855 2449 1179 2535 νεκταρέῳ,
1225 2450 1292 2513 ἔν
1334 2446 1388 2512 τ’
1436 2445 1788 2531 ἀμβροσίαις
1831 2451 2156 2512 καλύκεσσι
2645 2460 2677 2508 5

650 2538 973 2618 ναρκίσσου
1022 2533 1439 2619 [θαλεροῦ]
1487 2533 1612 2596 καὶ
1656 2537 1972 2616 λειρίου,
2018 2528 2189 2640 Loto?
2233 2557 2302 2598 τε
2346 2540 2518 2616 γαῖα

650 2619 873 2703 ὥραις
919 2624 1297 2701 εἰαριναῖς
1343 2619 1520 2697 φύει
1566 2619 1880 2703 ἄνθεα]
1928 2643 2036 2682 τοι
2104 2618 2425 2701 Ἀφροδίτη

650 2704 926 2768 ἄνθεσι
968 2706 1296 2777 παντοίοις
1342 2704 1693 2785 τεθυωμένα
1738 2705 1950 2783 εἵματα
1994 2703 2145 2772 ἕστο.

339 2845 519 2905 Dicta
563 2845 707 2902 haec
749 2862 874 2905 esse
918 2863 1039 2904 non
1084 2845 1158 2904 de
1202 2843 1458 2919 Helena,
1506 2844 1608 2903 sed
1655 2843 1727 2903 de
1772 2844 1903 2920 ipsa
1944 2842 2209 2921 Venere,
2255 2862 2406 2920 quae
2448 2843 2524 2903 ad
2569 2842 2679 2904 Pa-

341 2929 490 2988 ridis
548 2928 836 2999 iudicium
881 2931 1157 3003 ornatur,
1219 2929 1655 2989 demonstravit
1699 2929 2045 2988 Welckerus
2087 2929 2132 2988 1.
2179 2949 2229 2989 c.
2276 2928 2336 2987 Π
2378 2948 2434 3004 Ρ.
2480 2930 2561 2989 88
2589 2946 2677 3005 sq.

342 3014 431 3073 De
477 3014 852 3090 singulorum
899 3013 1036 3073 crisi
1083 3015 1306 3090 optime
1352 3015 1574 3073 meruit
1617 3013 1946 3072 Meinekius
1989 3013 2281 3090 philoll.
2327 3013 2676 3073 exercitt.

344 3099 408 3156 in
450 3098 672 3158 Athen.
720 3117 876 3173 spec.
921 3097 982 3157 Π
1025 3118 1084 3174 p.
1132 3099 1211 3157 39
1262 3094 1365 3175 [cf.
1414 3099 1669 3158 eundem
1712 3100 1776 3157 in
1820 3097 2067 3174 Ephem.
2114 3098 2276 3158 arch.
2322 3097 2416 3157 111
2458 3095 2677 3176 (1845)

346 3203 405 3258 p.
454 3184 569 3261 293
618 3183 815 3241 Anall.
864 3184 1024 3242 critt.
1056 3183 1133 3241 ad
1164 3182 1379 3241 Athen.
1414 3182 1606 3260 (Lips.
1643 3182 1830 3260 1867)
1862 3205 1919 3259 p.
1952 3180 2124 3262 331].
2200 3183 2261 3243 Is
2306 3184 2514 3244 statim
2548 3204 2605 3243 v.
2644 3186 2674 3240 1

346 3267 690 3327 felicissime
735 3268 1075 3328 emendavit
1117 3268 1386 3344 ineptum
1432 3267 1585 3326 illud
1628 3267 1830 3345 χροίας
1878 3264 2004 3326 τότε
2048 3266 2143 3343 αἶ,
2200 3269 2356 3343 quod
2402 3269 2464 3326 in
2509 3267 2680 3327 libris

346 3352 585 3428 legitur.
678 3351 1025 3411 Welckerus
1084 3353 1411 3427 permirum
1457 3356 1549 3411 est
1595 3351 1754 3427 quod
1797 3373 1857 3428 p.
1908 3354 2026 3411 511
2075 3357 2322 3428 excepto
2366 3350 2437 3409 αἵ
2472 3352 2679 3429 vulga-

345 3440 465 3495 tam
512 3436 799 3512 defendit,
846 3442 1041 3513 χροιᾶς
1089 3427 1224 3513 εἷμα
1270 3435 1495 3495 dictum
1541 3455 1668 3496 esse
1714 3440 1783 3495 ut
1829 3436 2225 3511 Sophocleum
2267 3438 2418 3496 illud
2463 3437 2679 3513 λευκῆς
2714 3446 2747 3494 8

343 3514 538 3596 χιόνος
583 3516 803 3599 πτέρυξ
844 3521 1201 3597 arbitratus,
1249 3525 1310 3580 et
1353 3516 1485 3579 τότε
1528 3521 1790 3581 referens
1835 3520 1910 3580 ad
1955 3521 2018 3580 id
2062 3525 2331 3600 tempus»,
2374 3539 2491 3599 quo
2538 3521 2680 3580 deae

343 3606 417 3664 ad
463 3604 699 3665 Paridis
762 3606 1003 3664 domum
1056 3624 1373 3683 aggressae
1429 3624 1554 3666 sese
1615 3610 1848 3666 ornent.
1939 3606 2096 3665 Nolo
2153 3626 2451 3682 premere,
2523 3609 2681 3665 certe

345 3696 547 3767 χροιῆς
602 3689 980 3750 scribendum
1035 3691 1219 3750 fuisse
1279 3723 1357 3732 —
1416 3690 1659 3749 omnino
1714 3694 1870 3751 enim
1926 3691 1991 3748 in
2047 3690 2140 3750 his
2198 3689 2531 3769 quisquiliis
2585 3692 2681 3751 vir

344 3793 611 3834 summus
670 3774 1082 3851 neglegentior
1125 3793 1254 3835 esse
1299 3775 1482 3850 solet,
1540 3775 1762 3852 quippe
1805 3776 1906 3851 qui
1950 3779 2013 3834 et
2054 3796 2113 3850 p.
2147 3776 2271 3837 510
2313 3779 2502 3853 χρυσῆ
2546 3775 2680 3834 reli·

343 3861 544 3934 querit
600 3863 662 3918 et
704 3880 762 3934 p.
813 3861 933 3920 556
978 3859 1077 3918 vel
1121 3856 1210 3917 δυ’
1223 3878 1255 3916 ο
1297 3855 1625 3936 ἄρρενας
1671 3858 1893 3929 ἵππους
1939 3877 2142 3919 versus
2186 3861 2509 3920 clausulam
2556 3877 2680 3920 esse

345 3944 633 4003 voluerit!
681 3963 791 4000 ——t
837 3944 943 4004 sed
982 3962 1094 4003 nee
1139 3944 1242 4003 illa
1285 3944 1508 4004 locutio
1552 3946 1710 4019 apud
1755 3947 1987 4023 epicum
2031 3945 2155 4004 ullo
2199 3948 2374 4020 pacto
2405 3945 2547 4003 ferri
2576 3964 2680 4020 po-

293 4017 312 4034 ’
343 4032 492 4104 test,
537 4046 651 4088 nec
693 4027 801 4087 ino
844 4029 1129 4104 temporis
1172 4032 1395 4105 puncto
1440 4029 1739 4091 confectas
1783 4033 1845 4091 et
1887 4029 2107 4088 tinctas
2154 4048 2279 4090 esse
2322 4031 2520 4089 vestes
2551 4048 2680 4088 cre-

343 4113 529 4173 dibile
575 4116 685 4173 est.
773 4110 997 4171 Verum
1041 4113 1093 4172 si
1138 4116 1297 4173 esset
1338 4112 1575 4192 χροιῆς,
1631 4120 1792 4176 certe
1836 4111 2071 4189 ἔμπλη
2087 4127 2226 4173 σαν
2268 4133 2381 4189 pro
2422 4112 2678 4190 ποίησαν

340 4198 528 4258 scribi
582 4197 858 4258 debebat.
949 4197 1066 4257 Sed
1119 4216 1212 4257 res
1269 4203 1473 4275 aperta
1518 4201 1628 4258 est.
1681 4235 1753 4244 —
1805 4200 1957 4260 Tum
2002 4216 2059 4256 v,
2107 4201 2144 4257 3
2188 4198 2499 4277 legebatur
2542 4219 2673 4273 φο-

342 4275 542 4356 ροῦσ’
599 4271 834 4359 Ὧραι.
919 4282 1318 4343 Posteriorem
1384 4301 1590 4343 vocem
1653 4283 1989 4346 minuscula
2040 4282 2243 4343 littera
2297 4284 2678 4344 scribendum

341 4386 470 4428 esse
527 4367 685 4427 idem
732 4366 1064 4427 Meinekius
1119 4367 1303 4442 vidit3
1369 4368 1470 4426 sed
1514 4375 1763 4447 propter
1806 4391 1935 4430 eam
1980 4366 2170 4441 ipsam
2215 4387 2451 4429 causam
2497 4369 2678 4427 etiam

338 4453 597 4512 verbum
643 4451 994 4511 mutandum
1042 4452 1176 4511 fuit.
1204 4486 1280 4494 —
1316 4452 1543 4511 Deinde
1589 4460 1730 4532 post
1774 4477 1827 4519 v.
1859 4459 1895 4515 5
1940 4451 2163 4527 aliquid
2207 4454 2492 4514 excidisse
2521 4454 2681 4512 idem

2171 4553 2275 4602 15*
