3132 5129
1337 381 1798 444 -163—

560 537 785 597 Contra
840 557 896 596 v.
949 539 1060 594 141
1109 556 1198 610 sq.
1256 536 1483 596 scilicet
1536 557 1606 595 ex
1662 534 1697 593 δ
1742 538 1862 596 559
1895 557 2014 612 sq.,
2087 538 2188 595 ubi
2254 536 2505 597 Proteus
2560 541 2726 597 vates

384 625 592 699 ignaro
655 623 922 682 Menelao
963 621 1332 696 respondens
1377 623 1601 697 optime
1645 624 1719 682 iis
1764 623 1955 681 utitur
1999 622 2070 680 de
2115 623 2244 697 ipso
2288 622 2463 681 Ulixe

794 791 873 801 --
917 752 951 814 ὃ
994 748 1051 814 δ’
1103 749 1175 815 οὐ
1221 752 1474 815 δύναται
1517 752 1600 834 ἢν
1642 755 1901 834 πατρίδα
1946 761 2128 834 γαῖαν
2174 753 2441 816 ἱκέσθαι·

690 836 763 901 οὐ
806 841 918 921 γάρ
964 841 1036 900 οἷ
1073 840 1234 918 πάρα
1280 842 1417 918 νῆες
1464 837 1772 920 ἐπήρετμοι
1815 839 1917 901 καὶ
1960 839 2210 919 ἑταῖροι,

613 1011 626 1022 ⁰
697 926 765 986 οῗ
797 924 904 986 κέν
944 948 1051 1003 μιν
1093 923 1380 1003 πέμποιεν
1424 919 1520 984 ἐπ’
1569 921 1741 1005 εὐρέα
1787 934 1945 985 νῶτα
1988 924 2338 1002 θαλάσσης,

385 1065 459 1122 ad
506 1063 900 1140 Calypsonem
946 1064 1112 1122 deam
1163 1064 1453 1123 Mercurio
1500 1064 1609 1121 deo
1655 1057 1836 1122 εἰδότι
1892 1057 1992 1120 καὶ
2038 1054 2200 1144 αὐτῷ
2245 1065 2318 1122 de
2362 1083 2469 1122 sua
2514 1064 2717 1122 condi-

388 1150 555 1209 cione
597 1150 1002 1225 exposituram
1045 1150 1244 1224 inepte
1288 1147 1597 1208 traductos
1640 1149 1798 1225 quod
1843 1167 1953 1224 ego
1999 1150 2225 1222 primus
2271 1149 2480 1221 delevi,
2527 1149 2710 1207 nemi-

388 1255 526 1294 nem
570 1236 686 1294 iam
732 1239 839 1292 aut
881 1235 1235 1292 miraturum
1279 1238 1383 1291 aut
1426 1233 1903 1308 improbaturum
1949 1233 2223 1292 arbitror.

560 1320 760 1379 Unum
805 1323 1017 1393 restat,
1077 1317 1235 1394 quod
1281 1318 1513 1377 addam.
1604 1319 1783 1377 Nihil.
1814 1319 2010 1376 minus
2056 1318 2386 1393 quaesitum
2432 1337 2466 1375 a
2510 1338 2721 1394 propo-

397 1407 516 1465 sito
560 1406 651 1465 his
696 1405 1218 1464 dissertationibus
1264 1403 1380 1462 fine
1427 1404 1615 1462 videri
1660 1406 1876 1479 potest,
1927 1422 2103 1478 quam
2148 1407 2217 1462 ut
2259 1423 2294 1461 a
2335 1404 2493 1461 iusto
2527 1423 2725 1461 rerum

392 1491 602 1549 ordine
646 1490 1017 1549 restituendo
1062 1489 1423 1548 declinarem
1468 1508 1600 1547 cum
1647 1488 1887 1549 omnino
1918 1488 1992 1550 ad
2024 1489 2356 1564 singulares
2387 1489 2731 1563 quaestiun-

390 1576 552 1635 culas
609 1576 974 1648 tractandas,
1032 1579 1160 1633 tum
1219 1574 1294 1632 ad
1350 1574 1543 1648 illam,
1607 1593 1786 1649 quam
1830 1592 2005 1632 nemo
2053 1572 2193 1631 dum
2239 1576 2582 1632 constanter
2623 1591 2730 1649 ag-

390 1679 627 1737 gressus
682 1663 807 1734 est,
867 1659 1280 1719 difficillimam
1337 1659 1568 1718 scilicet
1624 1660 1695 1718 de
1752 1657 2051 1734 strophica
2094 1658 2547 1717 Homericorum
2605 1676 2732 1717 car-

393 1748 616 1805 minum
647 1745 1073 1820 compositione
1106 1744 1433 1802 doctrinam
1467 1743 1896 1819 explicandam.
1946 1742 2169 1802 Tamen
2194 1744 2296 1801 ubi
2329 1744 2389 1801 in
2423 1743 2733 1818 descriptis

394 1831 674 1906 antiquae
721 1829 1022 1906 Odysseae
1067 1829 1338 1904 partibus
1398 1832 1608 1904 aperta
1652 1830 1782 1887 eius
1828 1828 1974 1887 artis
2020 1830 2278 1904 vestigia
2322 1828 2483 1886 ultro
2530 1827 2732 1886 offere-

394 1916 642 1990 bantur,
699 1914 861 1990 quod
918 1915 1002 1973 ibi
1058 1913 1291 1986 eadem,
1362 1933 1542 1989 quam
1599 1933 1869 1988 parvae
1928 1912 2155 1971 Iliadi
2212 1933 2267 1971 a.
2322 1914 2476 1972 1861
2541 1912 2735 1970 editae

401 2001 675 2075 adhibui,
723 2001 953 2059 ratione
996 2019 1138 2058 usus
1180 1999 1402 2057 litteris
1447 2000 1742 2074 appositis
1787 1998 1923 2057 illos
1970 1997 2129 2057 locos
2174 1997 2499 2075 legentium
2547 1998 2733 2056 oculis

2768 1155 2831 1205 15

400 2085 838 2156 commendavi,
897 2084 956 2143 id
1011 2102 1119 2143 nec
1173 2083 1348 2142 huius
1403 2083 1670 2159 opusculi
1727 2083 1989 2142 indolem
2033 2084 2275 2141 turbare
2322 2085 2383 2140 et
2426 2081 2583 2140 haud
2630 2082 2735 2139 im·
2820 2100 2829 2108 ’

403 2170 717 2246 probabile
761 2170 851 2227 illi
896 2168 1296 2244 disquisitioni
1342 2168 1768 2226 adminiculum
1814 2168 2049 2226 adferre
2094 2167 2433 2226 videbatur.
2508 2165 2618 2240 Ita,
2666 2169 2734 2224 ut

398 2256 471 2313 de
531 2256 741 2316 ceteris
800 2255 943 2313 locis
998 2258 1249 2327 taceam,
1307 2254 1452 2327 quin
1504 2255 1687 2328 poeta
1739 2257 1801 2312 et
1843 2253 2120 2311 Mercurii
2178 2253 2293 2310 iter
2339 2253 2399 2310 et
2443 2250 2736 2326 Calypsus

401 2340 654 2398 insulam
724 2359 840 2398 uno
908 2343 1139 2414 septem
1206 2337 1669 2412 quaternionum
1724 2341 1931 2396 tenore
1985 2357 2043 2396 v.
2091 2337 2343 2395 43—75
2402 2335 2736 2395 describere

398 2426 670 2484 consulto
715 2443 953 2499 operam
1000 2423 1257 2495 dederit,
1306 2422 1568 2481 dubitari
1611 2442 1730 2481 non
1777 2424 2007 2497 potest,
2066 2424 2429 2497 quapropter
2471 2420 2733 2493 unicum,

403 2510 507 2586 qui
552 2528 682 2569 eum
726 2513 992 2568 tenorem
1038 2506 1532 2582 interrumpebat,
1557 2525 1815 2567 ·versum
1861 2508 1939 2566 67

803 2608 1072 2719 εἰνάλιαι,
1119 2641 1293 2725 τῇσίν
1337 2664 1393 2701 τε
1437 2639 1741 2700 θαλάσσια
1787 2638 1927 2720 ἔργα
1970 2637 2217 2717 μέμηλε,

401 2781 660 2840 recidere
701 2799 772 2838 eo
816 2781 1014 2839 minus
1043 2779 1328 2851 dubitavi,
1376 2780 1537 2854 quod
1579 2780 1798 2855 etipsa
1827 2780 2050 2837 locutio
2082 2799 2116 2836 a
2147 2777 2508 2836 Boeotiae
2552 2777 2737 2835 inter-

405 2867 670 2941 polatore
717 2864 765 2920 B
794 2866 917 2923 614
974 2869 1137 2923 recte
1197 2865 1269 2922 de
1325 2863 1662 2923 Arcadibus
1718 2865 1879 2923 dicta
1933 2863 2085 2921 male
2142 2863 2215 2920 ab
2273 2862 2609 2921 hominibus
2666 2892 2731 2904 -

405 2950 526 3009 vid.
572 2950 628 3006 E
672 2952 812 3009 876.
863 2949 900 3005 Ι
943 2951 1084 3007 228.
1141 2971 1182 3023 μ
1232 2951 1349 3007 116
1403 2982 1476 2991 —-
1526 2949 1602 3007 ad
1659 2948 1938 3021 animalia
1993 2948 2379 3021 transfertur,
2439 2966 2547 3005 nec
2603 2946 2741 3005 illae

403 3031 913 3111 tmvtiykoeo‘ooc
955 3039 1217 3111 κορῶναι
1264 3035 1533 3093 diversae
1579 3035 1761 3093 fuisse
1806 3033 2092 3093 videntur
2135 3051 2170 3090 a
2213 3031 2596 3090 celeberrima
2632 3030 2740 3089 illa

405 3120 528 3193 avi,
592 3137 741 3194 quae
787 3119 1048 3178 Hesiodo
1106 3115 1222 3196 ἔργ.
1273 3121 1392 3176 747
1440 3123 1502 3177 et
1558 3119 1772 3195 fragm.
1821 3119 1942 3175 222
1990 3117 2082 3175 ed.
2132 3115 2535 3174 Marckscheff.
2584 3113 2734 3193 (163

403 3203 500 3262 ed.
548 3201 908 3279 Goettling.)
968 3199 1252 3280 λακέρυζα
1306 3203 1473 3261 audit
1514 3206 1578 3261 et
1621 3198 1738 3280 ἔργ.
1785 3204 1906 3261 679
1954 3202 2303 3277 simpliciter
2357 3202 2739 3258 memoratur.

405 3289 614 3364 Itaque
661 3289 972 3347 nasutulus
1018 3289 1258 3363 quidam
1303 3288 1592 3346 naturalis
1637 3288 1919 3346 historiae
1965 3289 2260 3345 scrutator
2290 3304 2515 3344 memor
2543 3306 2584 3359 μ
2618 3286 2741 3341 418

408 3398 492 3421 ---·
523 3374 553 3445 ξ
586 3374 705 3433 308
740 3373 932 3432 Ulixis
964 3374 1172 3448 socios,
1221 3374 1322 3449 qui
1355 3392 1425 3431 ex
1454 3372 1592 3431 navi
1622 3372 1808 3447 elapsi
1853 3368 2116 3446 κύμασιν
2161 3365 2536 3445 ἐμφορέοντο,
2585 3374 2741 3427 οόηι-

411 3461 605 3532 parari
648 3454 1006 3538 κορώνῃσιν,
1047 3458 1143 3517 his
1174 3476 1411 3533 quoque
1440 3457 1719 3515 arborum
1749 3456 1959 3515 incolis
2004 3455 2172 3513 illam
2218 3455 2507 3513 marinam
2554 3455 2739 3512 vitam

405 3543 723 3619 benignius
767 3562 942 3618 quam
989 3545 1221 3602 cautius
1265 3541 1581 3600 adfluxisse
1626 3541 1877 3602 videtur.

575 3628 664 3686 De
731 3628 959 3703 reliqua
1022 3628 1195 3686 huius
1258 3626 1609 3702 rhapsodiae
1676 3630 1843 3701 parte
1910 3626 2076 3685 brevi
2144 3644 2271 3683 esse
2335 3624 2495 3682 licet.
2585 3622 2738 3679 Nam

406 3715 645 3788 praeter
687 3732 739 3771 v.
779 3714 894 3771 157

712 3826 961 3908 δάκρυσι
1005 3826 1102 3887 καὶ
1151 3836 1468 3911 στοναχῇσι
1512 3824 1611 3885 καὶ
1658 3819 1855 3905 ἄλγεσι
1899 3824 2104 3903 θυμὸν
2149 3822 2414 3903 ἐρέχθων

408 3955 472 4008 et
515 3951 575 4007 in
621 3952 846 4025 optimo
890 3968 1125 4024 quoque
1171 3949 1369 4008 codice
1414 3949 1700 4007 omissum
1748 3952 1808 4006 et
1838 3948 2075 4008 scholiis
2107 3945 2542 4020 Eustathioque
2575 3944 2742 4019 igno-

408 4039 560 4110 tum,
605 4039 785 4110 atque
832 4055 888 4093 v.
922 4036 1043 4093 337

713 4151 934 4235 αἰθυίῃ
980 4144 1040 4208 δ’
1087 4151 1284 4211 εἰκυῖα
1327 4158 1479 4233 ποτῇ
1521 4144 1845 4210 ἀνεδύσετο
1887 4148 2131 4226 λίμνης,

410 4272 510 4347 qui
567 4271 882 4332 scholiasta
935 4275 1090 4332 teste
1145 4264 1257 4330 οὐκ
1314 4267 1552 4348 ἐφέρετο
1611 4266 1677 4328 ἐν
1736 4274 1855 4339 τοῖς
1901 4267 2157 4341 πλείοσι,
2202 4287 2378 4344 quem
2425 4271 2744 4342 utrumque

415 4376 643 4417 versum
691 4358 807 4416 iam
852 4359 1209 4417 recentiores
1255 4359 1643 4415 removerunt
1693 4357 1969 4429 editoreS,
2018 4354 2116 4413 vix
2163 4372 2519 4428 quemquam
2564 4352 2747 4410 alium

412 4442 603 4500 aliena
658 4461 834 4501 manu
893 4443 1161 4501 additum
1225 4460 1352 4500 esse
1410 4442 1761 4516 putaverim.
1856 4441 2228 4514 Quamquam
2286 4458 2378 4496 me
2426 4456 2545 4496 non
2593 4437 2749 4511 sugit

2235 4534 2338 4587 11*
