3132 5129
1309 369 1776 431 -127-

366 524 469 583 ubi
529 542 662 582 cum
725 523 1112 583 iurisiurandi
1165 529 1584 601 argumentum
1630 526 1847 585 diserte
1892 526 2175 601 addatur,
2222 529 2428 586 noster
2469 528 2706 602 quidem

362 609 572 684 inepta
617 609 911 669 brevitate
969 604 1185 685 ὅρκια
1230 641 1308 651 --
1359 607 1503 668 ἴστω
1547 615 1868 670 contentus
1913 612 2031 669 fuit
2085 616 2390 686 sceptro
2433 617 2563 671 tum
2608 614 2706 671 ad»

362 694 665 768 scribens,
736 694 896 768 quod
952 697 1156 751 auctor
1211 695 1354 753 ibid.
1417 696 1535 754 461
1602 696 1674 753 de
1739 696 1943 770 spoliis
1999 697 2300 754 Minervae
2364 696 2707 756 dedicandis

361 784 714 838 narraverat
762 811 836 819 —
883 771 1177 857 Ἀθηναίῃ
1222 812 1303 821 --
1346 772 1669 849 Ὀδυσσεὺς
1714 812 1794 822 —
1839 773 2200 857 ἀνέσχεθε
2246 779 2408 857 χειρί.
2488 783 2706 840 Mirum

361 866 580 937 etiam,
637 864 795 939 quod
840 867 1137 938 sceptrum
1183 883 1302 923 non
1346 864 1504 939 Iovi,
1561 884 1735 940 quem
1793 865 1983 924 solum
2030 867 2361 939 invocavit,
2409 866 2510 924 sed
2557 866 2707 925 diis

363 950 713 1007 omnibus
766 949 1028 1006 sustulit.
1073 969 1084 978 “
1124 949 1364 1007 Scilicet
1407 950 1469 1007 in
1513 954 1713 1007 mente
1757 951 2013 1008 habebat
2056 951 2105 1006 Z
2136 953 2260 1009 200
2310 943 2710 1026 ἀπήχθετο

363 1042 543 1090 πᾶσι
588 1036 911 1090 θεοῖσιν.
1003 1033 1250 1107 Saepius
1297 1034 1412 1091 iam
1457 1036 1519 1092 in
1563 1034 1725 1093 hisce
1770 1034 2099 1094 artificibus
2145 1036 2431 1094 eiusmodi
2476 1038 2705 1096 inveni·

364 1139 499 1177 mus
545 1138 762 1177 casus
805 1118 1304 1180 memoriales,
1527 1195 1530 1196 ⁷

535 1203 660 1263 413
691 1229 773 1251 ==
807 1203 888 1259 M
913 1204 991 1261 74
1024 1199 1220 1280 (alibi)
1256 1202 1332 1279 ÷
1368 1204 1432 1258 N
1463 1206 1583 1262 657
1634 1200 1731 1279 (ut
1772 1205 1890 1262 iam
1934 1224 2115 1280 supra
2158 1204 2222 1261 Η
2253 1202 2383 1283 82).

538 1290 682 1346 414.
727 1287 1182 1346 Certe‘initium
1228 1288 1302 1345 ad
1350 1289 1406 1343 Γ
1435 1289 1551 1346 134
1599 1288 1670 1344 οἳ
1712 1286 1798 1364 δὴ
1848 1296 1964 1346 νῦν
2022 1285 2227 1346 ἕαται
2282 1295 2418 1368 σιγῇ
2475 1291 2704 1349 consor·

366 1376 569 1433 mavit.
664 1374 859 1449 Τρῶες
915 1368 1038 1429 καὶ
1087 1370 1624 1448 Δαρδανίωνες
1682 1374 1775 1432 hic
1836 1379 1897 1432 et
1953 1372 2004 1429 Θ
2052 1376 2165 1432 154
2227 1374 2499 1449 propriae
2567 1375 2704 1433 fari-

373 1478 484 1517 nae
530 1462 690 1517 sunt.

537 1543 659 1600 415
686 1568 768 1591 ==
795 1542 843 1597 Β
875 1543 995 1600 789
1030 1541 1120 1618 (et
1149 1543 1225 1601 cf.
1252 1544 1316 1600 ,Ω
1339 1544 1439 1601 84.
1476 1545 1554 1601 99
1588 1536 1757 1601 εἵαθ’
1805 1537 2142 1620 ὁμηγερέες)
2167 1543 2245 1621 -Ι-
2273 1560 2325 1615 ψ
2350 1546 2423 1602 91
2462 1534 2606 1620 ἧστο
2626 1577 2698 1585 -

360 1622 960 1704 ποτιδέγμενοςξ
991 1625 1065 1685 εἴ
1101 1648 1153 1684 τι
1198 1648 1304 1702 μιν
1348 1625 1551 1686 εἴποι
1589 1624 1598 1706 Ι
1637 1626 1861 1703 ἰφθίμη
1906 1624 2136 1704 ἄλοχος.
2282 1653 2285 1656 ·

537 1714 660 1771 416
706 1713 962 1772 confecit
1005 1713 1078 1771 ad
1123 1714 1458 1788 exemplum
1506 1714 1543 1768 Ι
1590 1715 1710 1772 649

668 1841 797 1906 ἀλλ’
846 1842 1015 1925 ὑμεῖς
1060 1843 1367 1926 ἔρχεσθε
1413 1847 1513 1907 καὶ
1556 1841 1909 1927 ἀγγελίην
1950 1841 2339 1923 ἀπόφασθε,

362 1986 598 2026 memor
636 1968 814 2025 simul
858 1986 904 2023 π
934 1969 1060 2026 340
1104 1963 1493 2044 ἐφημοσύνην
1533 1962 1883 2044 ἀπέειπε.

539 2053 677 2111 417.
726 2050 818 2109 cf.
865 2052 941 2110 ad
988 2041 1110 2110 384
1155 2060 1217 2112 et
1260 2051 1291 2121 ξ
1335 2054 1479 2112 526.
2744 2076 2805 2122 ιο

536 2139 658 2195 419
689 2162 772 2183 =
805 2138 1021 2195 A-215
1061 2132 1265 2238 galibi)
1298 2139 1376 2212 -4-
1410 2141 1459 2193 θ
1488 2140 1617 2198 500
1662 2136 1770 2213 (π
1802 2158 1849 2194 ω
1887 2136 2049 2210 117).

536 2224 679 2281 420.
727 2218 819 2278 Cf.
852 2222 1017 2280 Ψ49
1050 2243 1375 2298 οτρυνον
1410 2256 1478 2263 -
1526 2219 1535 2300 Ι
1575 2217 1765 2297 ὕλην
1794 2215 1845 2278 τ’
1877 2215 2148 2297 ἀξέμεναι
2172 2225 2234 2279 et
2269 2224 2381 2279 111
2418 2217 2702 2300 α’)’τρυνε

363 2339 444 2347 -
491 2299 705 2381 ἀξέμεν
746 2299 950 2381 ὕλην.

535 2393 650 2448 421
685 2409 777 2464 sq.
810 2416 893 2438 ===
925 2412 955 2448 τ
984 2393 1107 2452 433
1141 2415 1250 2469 sq„
1296 2412 1444 2468 quos
1475 2411 1684 2451 versus
1716 2395 1782 2450 ut
1812 2392 2171 2462 traduceret,
2222 2391 2401 2450 simili
2433 2394 2699 2452 euntium

364 2475 710 2535 condicione
755 2479 954 2535 motus
998 2496 1125 2536 esse
1169 2479 1436 2537 videtur:
1485 2476 1543 2534 οἳ
1587 2471 1647 2533 δ’
1697 2472 1756 2547 ἐς
1800 2477 2083 2554 βῆσσαν
2128 2472 2360 2534 ἵκανον.

536 2563 682 2621 423.
732 2559 825 2619 Cf.
858 2559 923 2618 Ω
955 2563 1075 2622 307
1121 2554 1384 2640 οὐρανὸν
1427 2558 1726 2621 εἰσανιών.

536 2648 678 2705 425.
726 2644 816 2704 Cf.
863 2649 924 2702 A
966 2648 1109 2707 829.
1157 2650 1280 2707 845
1312 2668 1403 2724 sq.
1459 2642 1568 2704 ἄπ’
1627 2640 1813 2704 αὐτοῦ
1869 2640 1929 2703 δ’
1999 2639 2147 2720 αἷμα
2200 2645 2476 2707 κελαινὸν
2523 2643 2535 2727 Ι
2587 2643 2702 2719 νίζ’

363 2726 569 2795 {mam
617 2735 743 2789 tum
789 2726 911 2788 ἄπο
954 2729 1169 2809 βρότον
1209 2729 1561 2808 αἱματόεντα
1608 2750 1681 2790 ex
1726 2729 1781 2793 Ξ
1822 2735 1877 2790 7.
1925 2734 1984 2788 Σ
2010 2734 2151 2792 345.
2206 2734 2274 2789 Ψ
2305 2736 2380 2790 41
2432 2736 2700 2809 sumpsit

540 2818 683 2875 426.
729 2815 980 2875 Initium
1027 2837 1096 2875 ex
1148 2819 1210 2874 11
1243 2820 1279 2877 3
1328 2817 1515 2894 (alibi,
1566 2820 1635 2874 ut
1663 2816 1841 2874 etiam
1874 2838 1921 2874 ω
1952 2814 2063 2897 46)
2111 2817 2496 2894 deprompsit,
2544 2819 2698 2877 clau-

365 2900 556 2959 sulam
622 2901 694 2959 ad
760 2899 1210 2962 similitudinem
1271 2904 1306 2958 I
1349 2905 1470 2960 214
1537 2894 1970 2977 κρατευτάων
2049 2898 2267 2960 ε’παεί
2276 2925 2403 2981 ρας
2470 2904 2704 2962 effinxit

365 2987 685 3126 ωερέοὶςῃξ
727 2984 903 3081 simul
950 2984 1014 3042 Ω
1046 2988 1168 3046 589
1201 3005 1291 3061 sq.
1337 2983 1590 3062 λεχέων
1634 2982 1969 3061 ἐπέθηκεν
2009 2981 2264 3064 ἀείρας
2315 3021 2390 3031 --
2436 2984 2703 3065 ἤειραν

373 3102 441 3110 -
535 3091 580 3127 π
651 3090 914 3147 απηνην.

535 3156 678 3212 427.
734 3146 871 3212 οὐδ’
931 3152 1026 3214 εἴα
1083 3157 1359 3215 similiter
1413 3156 1646 3230 saepius
1704 3157 1988 3229 occurrit,
2044 3161 2115 3215 ut
2155 3178 2194 3231 η
2227 3159 2378 3232 274;
2430 3154 2699 3234 Πρίαμος

363 3234 551 3313 μέγας
596 3258 668 3297 ex
712 3239 777 3297 ,Ω
805 3241 926 3298 477
973 3242 1282 3300 succurrit.
1909 3263 1915 3268 “

533 3324 661 3382 442
691 3349 774 3372 ===
809 3324 861 3379 E
889 3326 970 3384 84
1002 3326 1197 3402 (alibi)
1231 3324 1308 3400 4-
1345 3325 1395 3381 Β
1425 3326 1546 3383 323
1580 3321 1805 3405 (alibi).

536 3408 982 3469 Contionem
1037 3410 1337 3469 deorum
1396 3411 1732 3470 443-464
1793 3428 1999 3469 omnes
2043 3410 2429 3471 Alexandrini
2485 3412 2698 3470 reiece-

363 3498 535 3552 runt:
588 3489 698 3569 τὴν
742 3500 862 3551 τῶν
903 3498 1073 3553 θεῶν
1114 3488 1338 3572 ἀγορὰν
1379 3487 1647 3571 ἠθέτουν
1676 3494 1737 3552 οἵ
1772 3492 1905 3573 περὶ
1936 3493 2275 3570 Ζηνόδοτον
2303 3493 2404 3554 καὶ
2443 3487 2696 3573 Ἀριστο-

363 3572 528 3653 φάνη
553 3575 652 3636 καὶ
673 3571 854 3647 αὐτὸς
877 3572 1263 3656 Ἀρίσταρχος.
1298 3580 1553 3639 Causam
1575 3579 1909 3638 atheteseos
1928 3581 2085 3639 aliud
2111 3583 2377 3640 continet
2401 3581 2694 3639 scholion:

363 3662 424 3720 οἵ
445 3658 513 3719 δὲ
555 3659 692 3722 θεοὶ
743 3652 865 3739 παρ
895 3662 1051 3737 Ζηνί
1088 3658 1198 3734 ἕως
1253 3670 1362 3723 τοῦ
1400 3659 1529 3740 ,,ὡ“ς
1571 3661 1635 3720 οἵ
1667 3658 1778 3740 μὲν
1808 3665 2094 3723 τοιαῦταί(
2125 3657 2485 3724 ἄθετοῦνται
2516 3664 2700 3739 στίχοι

362 3743 498 3824 κβ’,
545 3743 637 3805 ὅτι
668 3744 798 3824 περὶ
841 3753 946 3823 τῆς
988 3741 1344 3825 ἀναιρέσεως
1401 3756 1506 3807 τοῦ
1552 3748 1782 3825 τείχους
1826 3744 1975 3825 λέγει
2022 3746 2134 3827 πρὸ
2184 3757 2285 3826 τῆς
2331 3748 2697 3825 τειχομαχίας

363 3827 470 3911 (Μ
501 3834 538 3889 4
572 3831 762 3909 sqq.),
820 3825 902 3901 ὥς
931 3826 1026 3891 ’ὃν
1066 3827 1146 3908 μὴ
1202 3828 1570 3911 προειρηκώς
1617 3829 1859 3892 ἐνθάδε.
1949 3835 2071 3909 „Et
2113 3835 2449 3910 discrepant
2494 3834 2694 3908 haec“,

363 3917 563 3993 inquit
604 3917 977 3977 Friedlaend.
1023 3917 1291 3977 Ariston.
1338 3939 1400 3994 p.
1451 3920 1587 3992 135,
1648 3920 1764 3992 „ab
1821 3920 1922 3993 iis,
1983 3939 2134 3994 quae
2193 3920 2339 3978 dicit
2382 3918 2696 3994 Neptunus

365 4002 437 4061 de
479 4020 655 4061 muro
700 4022 736 4060 a
779 4021 840 4061 se
888 4006 949 4061 et
991 4002 1277 4077 Apolline
1321 4004 1687 4064 exstruct0.“
1774 4003 1898 4061 Nec
1940 4006 2141 4062 tamen
2187 4004 2450 4062 rationes
2496 4003 2697 4062 defue-

363 4090 522 4161 runt,
571 4086 788 4163 quibus
835 4088 936 4146 alii
980 4091 1218 4163 poetam
1263 4089 1508 4149 ductum
1552 4088 1959 4163 perhibebant,
2006 4092 2075 4146 ut
2119 4089 2269 4146 hanc
2298 4089 2698 4147 narrationem

366 4171 793 4246 interponeret,
840 4189 985 4246 quas
1033 4173 1295 4233 rationes
1340 4193 1410 4232 ex
1455 4172 1696 4233 scholiis
1739 4174 1909 4247 petat
1951 4175 2052 4248 qui
2084 4172 2486 4231 huiuscemodi
2518 4192 2698 4249 nuga·

365 4275 494 4313 rum
552 4257 808 4331 cupidus
865 4260 976 4317 est.
1066 4257 1191 4316 Nos
1245 4259 1484 4333 quidem
1540 4257 1989 4332 interpolatoris
2034 4275 2275 4315 manum
2323 4257 2418 4316 hic
2462 4276 2698 4333 quoque

362 4343 771 4417 agnoscimus,
828 4341 933 4416 qui
989 4344 1320 4417 argumenti
1379 4362 1671 4402 summam
1717 4374 1793 4384 -
1841 4342 2147 4419 neglectos
2203 4342 2346 4401 deos
2405 4348 2561 4400 νεών
2617 4376 2697 4384 -—

364 4420 697 4503 ἑκατόμβας
743 4428 867 4484 449
901 4446 993 4501 sq.
1025 4452 1105 4475 ε
1139 4426 1218 4483 Μ
1241 4430 1278 4486 5
1309 4446 1403 4504 sq.
1435 4432 1497 4487 et
1526 4428 1792 4501 Neptuni
1823 4426 1969 4503 iram
2007 4459 2073 4467 —
2115 4446 2185 4490 ex
2218 4427 2696 4487 Teichomachiae
