3132 5129
363 3609 424 3658 16

1389 390 1682 456 —526
1774 427 1846 437 --

453 542 749 625 ἐπωμίδας
793 549 998 609 statim
1044 549 1352 626 attingunt
1392 552 1613 625 χεῖρες,
1669 553 1740 609 ιιι
1791 549 1941 608 nihil
1998 548 2157 608 inter
2211 541 2477 623 ἐπωμίδα
2520 550 2582 606 et
2623 550 2792 625 χεῖρα

453 636 828 694 interiectum
873 634 993 694 sit‘?
1069 634 1222 693 Tum
1266 636 1464 710 χεῖρας
1507 629 1743 711 γυμνὰς
1785 652 1888 694 eos
1932 634 2226 707 habuisse,
2275 633 2448 692 facile
2493 631 2791 692 credimus

452 722 629 779 etiam
673 738 796 779 nen
839 719 1080 785 moniti;
1126 719 1441 779 dicendum
1484 723 1614 780 erat
1653 713 1891 798 γυμνὰς
1935 710 2155 788 ὠλένας
2197 718 2294 779 vel
2337 736 2603 796 γνμνους
2646 717 2791 794 βρα-

453 803 673 880 χίονας.
680 804 721 839 “
807 804 996 864 Ιιιιιιιο
1039 805 1347 865 verissime
1389 805 1512 880 hic,
1573 805 1677 866 sed
1720 804 1861 864 addi
1903 806 2086 864 etiam
2127 807 2369 879 poterat
2409 803 2507 862 hic
2552 804 2794 879 quidem

453 894 652 966 χεῖρας
708 889 950 967 proprio
1006 908 1182 949 sensu
1251 889 1685 967 intellegendas
1740 908 1869 950 esse
1934 893 2182 966 propter
2244 888 2558 964 sequentia
2616 884 2795 967 κώπῃ

452 972 989 1053 προσαρμόσαντες,
1038 976 1259 1050 quippe
1289 992 1423 1034 cum
1467 993 1723 1034 manus
1767 973 2284 1034 non'bracchia
2326 992 2626 1032 remorum
2668 992 2791 1031 ma—

453 1059 684 1119 nubriis
739 1060 1133 1135 applicentur.
1230 1059 1355 1118 Nec
1423 1060 1621 1119 minus
1686 1062 1848 1119 recte
1906 1060 2062 1120 idem
2121 1060 2370 1117 alteram
2430 1057 2792 1133 scripturam

455 1137 950 1220 ἐκβαλόντες,
1019 1163 1199 1220 quam
1262 1144 1680 1220 explicationis
1736 1163 1912 1204 causa
1975 1144 2050 1204 ad
2116 1139 2632 1237 προσαρμόσαντες
2691 1143 2793 1199 ad-

454 1231 745 1305 scriptum
789 1248 918 1289 esse
960 1246 1136 1290 nemo
1182 1227 1446 1289 Seidlero
1492 1230 1726 1301 credet,
1786 1230 2090 1305 amplexus
2147 1231 2242 1288 est
2295 1217 2529 1304 γυμνοὶς
2574 1223 2649 1285 ἐκ
2662 1226 2704 1304 β
2717 1246 2793 1282 α

452 1312 711 1385 λόντες
771 1308 909 1372 ωλέ
924 1334 1056 1384 νας
1113 1313 1452 1389 scribendO,
1508 1334 1628 1390 qua
1683 1315 1977 1390 scriptura
2031 1333 2166 1373 cum
2210 1313 2341 1372 veri
2384 1316 2617 1388 partem
2661 1331 2791 1387 rep-

452 1401 723 1475 perisset,
755 1400 883 1475 ipse
913 1399 1157 1458 tamen
1140 1418 1269 1457 lure
1297 1398 1746 1458 dubitabundus
1775 1400 2123 1475 adscripsit.
2152 1398 2278 1474 „At
2304 1398 2462 1456 unde
2493 1391 2791 1472 ἐπωμίδας

454 1489 725 1544 exortum
778 1482 1025 1544 dicas?“
1113 1483 1198 1541 Et
1252 1486 1444 1561 magis
1500 1485 1680 1544 etiam
1724 1483 1797 1542 de
1842 1503 1948 1544 sua
1991 1484 2331 1544 coniectura
2374 1482 2788 1541 dubitaturum

455 1570 638 1629 fuisse
692 1569 1048 1644 prudentem
1104 1568 1393 1627 editorem
1447 1568 1734 1645 arbitror,
1791 1569 1842 1629 si
1897 1589 2028 1628 eam
2084 1586 2215 1627 cum
2271 1570 2557 1643 sequente
2611 1585 2791 1626 versu

455 1671 806 1729 componere
850 1652 1010 1711 haud
1056 1642 1276 1712 oblitus
1322 1658 1506 1713 esset:
1562 1653 1679 1713 duo
1725 1655 1885 1713 enim
1927 1653 2241 1730 participia
2281 1672 2511 1729 γυμνας
2569 1647 2795 1729 ἐκβα-

457 1735 706 1807 λόντες
749 1730 971 1807 ὠλένας
1015 1756 1185 1818 κωπῃ
1227 1734 1886 1816 προσαρμόσαντες
1915 1737 2211 1814 quomodo
2241 1736 2407 1797 nulla
2434 1737 2795 1811 interposita

455 1824 664 1898 copula
706 1822 870 1880 iuxta
913 1822 1057 1897 poni
1101 1823 1425 1898 potuerint,
1470 1842 1647 1882 nemo
1695 1823 1870 1883 facile
1914 1823 2147 1884 dixerit.
2241 1821 2444 1881 Sensit
2487 1821 2597 1880 hoc
2642 1820 2793 1879 Har·

456 1913 696 1984 tungus,
746 1907 851 1983 qui
881 1905 1193 1966 Matthiaei
1223 1909 1404 1983 atque
1435 1907 1767 1984 Musgravii
1798 1910 2151 1968 commentis
2196 1907 2529 1966 coniunctis
2560 1925 2795 1982 γυμνας

456 1986 739 2061 ωλένας
784 1985 1180 2067 ἐπωμίδων
1223 1993 1477 2077 scripsit,
1523 1992 1781 2052 feliciter
1807 1994 2098 2068 profecto,
2138 2011 2499 2069 quamquam
2543 1991 2595 2050 ei
2640 2010 2793 2067 quo-

454 2096 569 2152 que
613 2075 763 2135 illud
809 2072 1161 2152 ἐκβαλόντες
1204 2068 1418 2137 merito
1463 2076 1896 2138 dubitationem
1941 2079 2150 2150 movit,
2198 2077 2357 2152 quod
2402 2097 2472 2135 ex
2518 2069 2795 2144 ὠλένας

455 2163 801 2237 corruptum
846 2180 970 2221 esse
1015 2162 1162 2221 satis
1204 2161 1681 2237 improbabiliter
1725 2163 2132 2223 demonstrare
2176 2161 2398 2221 studet.
2473 2161 2555 2220 Et
2592 2160 2797 2220 obstat

454 2248 769 2323 utriusque
830 2249 1163 2306 commento
1206 2246 1393 2322 idem,
1438 2246 1598 2323 quod
1640 2248 1815 2308 modo
1858 2249 2209 2321 memoravi,
2268 2264 2388 2307 non
2446 2245 2795 2305 bracchia

454 2331 558 2391 sed
601 2328 859 2391 manus
902 2333 1084 2391 remis
1128 2331 1289 2391 inici.

622 2416 848 2476 Verum
905 2417 1017 2476 hoc
1073 2417 1267 2493 ipsum
1314 2435 1424 2476 nos
1467 2436 1537 2476 eo
1586 2417 1780 2493 ducit,
1827 2417 1985 2476 unde
2028 2417 2357 2477 certissima
2397 2414 2657 2491 petenda
2700 2417 2795 2473 est

455 2501 746 2561 medicina
802 2500 1113 2578 desperato
1167 2501 1327 2578 loce,
1386 2502 1448 2561 in
1503 2521 1621 2578 quo
1677 2503 1853 2579 plura
1908 2502 2121 2578 etiam,
2181 2520 2358 2578 quam
2403 2519 2556 2577 quae
2601 2499 2794 2560 adhuc

457 2587 857 2660 offenderunt,
915 2586 1185 2646 laborare
1240 2588 1370 2662 ipse
1425 2589 1786 2648 narrationis
1832 2587 1974 2647 ordo
2022 2588 2223 2664 docet,
2282 2588 2355 2645 ad
2401 2606 2576 2663 quem
2618 2603 2794 2645 nemo

453 2673 847 2747 interpretum
903 2671 1182 2731 attendit.
1271 2670 1427 2730 Nam
1485 2672 1658 2748 quid,
1707 2691 1923 2748 quaeso
1942 2718 1958 2746 ‚
2017 2672 2128 2732 hoc
2183 2675 2303 2748 est,
2363 2670 2522 2747 quod
2576 2673 2794 2729 nautae

457 2755 709 2831 virginis
752 2754 1028 2831 precibus
1071 2774 1295 2831 paeana
1337 2756 1692 2816 acclamasse
1736 2757 2045 2833 dicuntur,
2104 2760 2498 2834 postquam
2542 2773 2793 2814 manus

459 2840 685 2898 remis
751 2839 1167 2900 iniecerint
1227 2860 1308 2899 ex
1374 2841 1868 2901 celeusmate?
1952 2842 2113 2901 Num
2164 2842 2406 2902 tandem
2471 2841 2649 2901 remis
2703 2840 2794 2897 in-

461 2923 735 2983 cumbere
790 2927 1168 2984 cessaverunt
1219 2925 1503 3011 remiges,
1575 2945 1721 3002 quos
1777 2930 1839 2986 et
1892 2946 2035 2987 voce
2089 2927 2193 2985 illa
2246 2927 2533 2987 excitatos
2588 2925 2794 2985 statim

462 3027 722 3086 aequora
778 3010 1046 3084 pulsasse
1091 3029 1146 3070 v.
1192 3003 1357 3070 1390
1386 3029 1477 3086 sq.
1534 3016 1598 3069 et
1651 3013 1861 3071 contra
1916 3011 2160 3072 ventum
2215 3013 2458 3087 repente
2514 3009 2792 3069 obortum

461 3096 703 3152 strenue
746 3094 1091 3170 remigando
1132 3112 1429 3171 pugnasse
1472 3115 1529 3154 v.
1566 3097 1728 3155 1395
1753 3116 1845 3173 sq.
1889 3097 2065 3156 modo
2081 3081 2498 3156 audivimus?
2583 3095 2694 3169 Et,
2742 3095 2792 3153 si

465 3178 706 3253 quidem
749 3178 840 3237 illi
885 3198 921 3237 a
961 3179 1307 3256 remigando
1365 3183 1773 3256 cessaverunt,
1832 3181 1996 3241 cuius
2048 3181 2135 3240 rei
2188 3183 2251 3241 in
2304 3183 2477 3240 tanto
2532 3179 2792 3255 periculo

463 3263 1006 3338 importunissimae
1063 3282 1173 3324 nec
1215 3265 1578 3324 mentionem
1622 3285 1731 3326 nec
1774 3285 2007 3327 causam
2051 3267 2352 3341 videmus,
2409 3283 2515 3325 cur
2569 3283 2795 3338 paeana

463 3352 619 3406 tum
678 3348 959 3407 demum
1015 3349 1435 3425 insonuerunt,
1492 3353 1809 3427 postquam
1853 3351 1930 3409 ad
1975 3350 2561 3411 vehementissimum
2602 3348 2793 3407 redie-

351 3484 359 3490 .
463 3436 608 3492 runt
672 3433 1005 3509 remigandi
1069 3432 1365 3511 laborem,
1434 3454 1552 3510 quo
1610 3437 1739 3511 ipso
1795 3436 1999 3495 labore
2055 3438 2119 3495 et
2172 3454 2386 3496 vocum
2444 3436 2795 3495 concentum

461 3518 648 3593 probe
690 3517 1117 3577 modulandum
1171 3519 1508 3596 praepediri
1562 3524 1625 3581 et
1667 3539 1878 3580 manus
1931 3540 2005 3580 ex
2049 3521 2321 3580 sollemni
2376 3521 2502 3579 ritu
2546 3519 2621 3578 ad
2665 3537 2793 3578 cae·

464 3604 591 3661 lum
646 3602 943 3663 tollendas
995 3604 1271 3680 occupari
1325 3623 1560 3665 necesse
1615 3605 1783 3666 erat?
1870 3605 2061 3666 Immo
2114 3605 2270 3666 hunc
2320 3606 2515 3681 ipsum
2570 3621 2793 3663 morem

460 3687 644 3747 etiam
689 3708 725 3747 a
766 3688 964 3748 nautis
1009 3691 1269 3748 extrema
1321 3691 1671 3750 necessitate
1726 3692 2021 3767 oppressis
2072 3692 2449 3750 observatum
2508 3693 2568 3750 et
2619 3689 2793 3747 remi-

461 3773 643 3849 gandi
697 3772 992 3848 laborem,
1049 3772 1189 3832 dum
1246 3793 1433 3850 paean
1475 3775 1823 3853 Iphigeniae
1866 3775 2141 3851 precibus
2195 3777 2589 3849 accineretur,
2649 3793 2795 3850 pau·

459 3857 650 3918 lulum
720 3859 1128 3917 intermissum
1200 3861 1331 3918 tum
1400 3878 1540 3920 vero
1612 3862 1784 3921 novis
1855 3861 2084 3921 viribus
2155 3864 2460 3938 receptum
2533 3879 2659 3920 esse
2725 3862 2795 3917 ιιι

461 3942 580 4001 iam
622 3962 732 4018 per
773 3961 836 4002 se
878 3945 1047 4019 patet
1082 3944 1170 4002 ita
1223 3944 1404 4004 etiam
1448 3963 1519 4004 ex
1565 3945 1956 4022 discrepantis
2000 3947 2325 4022 scripturae
2366 3946 2638 4023 vestigiis
2689 3964 2791 4020 ap·

460 4031 650 4102 pmet.
749 4025 895 4097 Quis
955 4029 1113 4088 enim
1165 4030 1348 4089 semel
1403 4030 1668 4091 monitus
1724 4031 1991 4107 dubitet,
2060 4033 2207 4110 quin
2261 4032 2567 4108 Euripidis
2628 4030 2792 4089 locus

457 4130 580 4170 non
635 4113 828 4172 solum
882 4117 1198 4190 corruptus
1252 4115 1355 4175 sed
1410 4116 1590 4175 etiam
1638 4117 1946 4177 mutilatus
1992 4117 2147 4176 olim·
2181 4117 2312 4176 hoc
2366 4117 2522 4176 fere
2581 4114 2790 4175 modo

459 4198 720 4272 scriptus
763 4198 975 4259 fuerit.

864 4366 1077 4427 ναῦται
1121 4358 1181 4427 δ’
1230 4365 1665 4448 ἐπευφήμησαν
1707 4365 1980 4449 εὐχαῖσιν
2021 4368 2202 4450 κόρης

862 4472 1119 4530 παιανα,
1166 4476 1394 4531 γυμνας
1437 4449 1723 4527 ωλένας
1767 4452 2084 4533 ἐπωμίδων
