3132 5129
1344 329 1763 394 -26-

386 495 487 543 560
634 480 956 564 Ἑρμιόνην
994 481 1240 564 Ἀσίνην
1283 508 1343 547 τε
1385 484 1598 584 βαθὺν
1638 483 1790 546 κατὰ
1833 484 2055 546 κόλπον
2099 482 2382 564 ἐχούσας,

646 567 923 650 Τροιζῆν’
967 566 1209 644 Ἠιόνας
1255 593 1312 631 τε
1357 570 1457 631 καὶ
1502 561 1855 649 ἇμπελόεντ’
1899 565 2296 650 Ἐπίδαυρον,

643 654 711 714 οἴ
744 651 797 715 τ’
846 653 980 760 ἔχον
1028 655 1287 736 Αἴγιναν
1332 653 1602 733 Μάσητά
1647 678 1706 716 τε
1750 663 1958 730 κοῦροι
1996 652 2282 734 Ἀχαιοῖν,

642 749 761 802 τών
803 733 959 801 αὖθ’
1006 737 1325 820 ἡγεμόνευε
1368 740 1522 820 βοὴν
1564 737 1798 844 ἀγαθὸς
1847 741 2187 820 Διομήδης,

790 823 891 884 καὶ
934 823 1241 897 Σθένελος
1286 827 1616 906 Καπανῆος
1659 821 2007 906 ἀγακλειτοῦ
2052 827 2224 903 φίλος
2269 825 2420 899 υἵός·

388 919 488 966 565
652 915 800 970 τοῖσι
846 906 906 969 δ’
952 905 1069 987 αμ’
1122 905 1429 988 Εὐρύαλος
1478 912 1740 991 τρίτατος
1781 911 1931 988 κίεν,
1977 909 2217 984 ἰσόθεος
2263 913 2422 987 φώς,

642 992 985 1070 Μηκιστέος
1031 993 1158 1068 υἱὸς
1209 997 1600 1057 Ταλαϊονίδαο
1640 993 1924 1068 ἄνακτος·

642 1077 1009 1156 συμπάντων
1050 1076 1112 1140 δ’
1160 1075 1356 1158 ηγεῖτο
1400 1075 1549 1160 βοὴν
1593 1078 1828 1160 ἀγαθὸς
1879 1078 2203 1158 Διομήδης

642 1169 795 1224 τοῖσι
839 1159 901 1224 δ’
947 1161 1057 1240 αμ’
1106 1159 1445 1243 ὀγδώκοντα
1486 1163 1761 1244 μέλαιναι
1804 1175 1945 1245 νῆες
1989 1161 2219 1227 ἕποντο.

556 1247 613 1310 8.
788 1249 869 1310 Οἳ
911 1248 978 1311 δὲ
1020 1248 1327 1326 Μυκήνας
1372 1245 1556 1330 εἶχον,
1603 1251 1948 1328 ἐυκτίμενον
1985 1251 2360 1332 πτολίεθρον,

386 1343 484 1390 571
640 1329 904 1438 Ορνειᾶς
949 1330 1002 1395 τ’
1050 1330 1326 1412 ἐνέμοντο
1366 1331 1770 1442 Ἀραιθυρέην
1812 1330 1869 1396 τ’
1920 1333 2246 1436 ἐρατεινήν,

640 1440 695 1478 οι
744 1413 813 1478 θ’
853 1416 1213 1499 Υπερησίην
1254 1443 1315 1482 τε
1358 1417 1457 1480 καὶ
1501 1421 1794 1526 αἰπεινὴν
1827 1414 2166 1482 Γονόεσσαν

642 1503 958 1604 Πελλήνην
1000 1500 1056 1564 τ’
1106 1499 1297 1582 εἶχον,
1345 1501 1446 1584 ἠδ’
1496 1505 1717 1610 Αἴγιον
1757 1501 2199 1612 ἆμφενέμοντσ,

386 1597 483 1644 575
644 1582 931 1668 Αἰγιαλόν
974 1586 1025 1649 τ’
1074 1585 1190 1650 ανὰ
1233 1589 1430 1650 πάντα
1474 1590 1576 1652 καὶ
1620 1587 1777 1670 ἀμφ’
1817 1589 2063 1667 Ἑλίκην
2106 1585 2377 1670 εὐρεῖαν,

793 1673 914 1734 τών
958 1672 1171 1736 ἑκατὸν
1212 1683 1381 1750 νηῶν
1422 1667 1563 1754 ἦρχε
1609 1677 1822 1756 κρείων
1860 1671 2249 1755 Ἀγαμέμνων

636 1754 966 1838 Ἀτρεΐδης·
1004 1757 1133 1864 ἅμα
1178 1767 1257 1844 τῷ
1300 1782 1365 1840 γε
1408 1759 1561 1821 πολὺ
1605 1766 1870 1822 πλεῖστοι
1911 1759 2012 1821 καὶ
2053 1757 2287 1839 ἄριστοι

642 1842 774 1904 λαοι
819 1837 1039 1904 εποντ’·
1090 1843 1155 1904 ἐν
1199 1822 1256 1905 δ’
1304 1841 1483 1917 αὐτὸς
1528 1843 1770 1908 ἐδύσετο
1815 1843 2056 1924 νώροπα
2101 1841 2318 1922 χαλκὸν

640 1924 933 2002 κυδιόων,
978 1937 1166 1991 πᾶσιν
1208 1926 1275 1990 δὲ
1317 1929 1677 2010 μετέπρεπεν
1719 1928 2056 2010 ἡρώεσσιν,

387 2025 489 2073 580
644 2007 844 2075 ούνεκ’
892 2013 1131 2093 ἄριστος
1176 2013 1305 2093 ἔην,
1346 2013 1499 2076 πολὺ
1546 2013 1614 2076 δὲ
1656 2016 1966 2087 πλείστους
2010 2036 2117 2093 αγε
2163 2010 2369 2089 λαούς.

556 2097 613 2161 9.
792 2099 875 2159 Οἳ
917 2096 976 2158 δ’
1026 2092 1184 2177 εἶχον
1227 2100 1437 2176 κοίλην
1482 2101 1915 2180 Λακεδαίμονα
1957 2098 2331 2178 κητώεσσαν,

646 2183 845 2264 Φᾶρίν
889 2206 948 2245 τε
994 2184 1287 2288 Σπαρτην
1330 2209 1390 2247 τε
1432 2181 1860 2290 πολυτρήρωνά
1904 2207 1963 2246 τε
2011 2181 2291 2264 Μέσσην,

644 2269 936 2348 Βρυσειάς
980 2264 1036 2328 τ’
1086 2267 1360 2366 ἐνέμοντο
1402 2271 1504 2332 καὶ
1520 2267 1814 2373 Αὐγειὰς
1859 2267 2192 2346 ἕρατεινας,

641 2353 709 2414 οῗ
755 2349 803 2413 τ’
850 2349 955 2434 ἄρ’
996 2347 1291 2433 Ἀμύκλας
1336 2349 1495 2434 εἶχον
1520 2350 1703 2429 ’Ἕλος
1749 2352 1800 2416 τ’
1851 2353 2072 2434 ἔφαλον
2113 2355 2501 2436 πτολίεθρον,

390 2453 488 2501 585
647 2439 716 2499 οἴ
754 2461 809 2500 τε
855 2439 1039 2502 Λάαν
1082 2434 1240 2518 εἶχον
1282 2434 1382 2518 ἠδ’
1434 2440 1697 2501 Οἴτυλον
1737 2437 2182 2544 ἀμφενέμοντο,

794 2528 915 2587 τῶν
957 2524 1021 2585 οἱ
1056 2519 1347 2602 αδελφεὸς
1391 2512 1564 2605 ἦρχε,
1609 2523 1764 2606 βοὴν
1807 2521 2038 2607 ἀγαθὸς
2087 2521 2399 2600 Μενέλαος
2422 2570 2438 2601 ,

642 2606 927 2688 ἑξήκοντα
972 2611 1152 2670 νεῶν·
1200 2607 1503 2719 απᾶτερθε
1548 2610 1615 2672 δε
1657 2611 2062 2693 θωρήσσοντο.

642 2694 709 2755 ἐν
753 2690 811 2754 δ’
858 2690 1039 2766 αὐτὸς
1084 2695 1214 2755 κίεν
1254 2686 1359 2778 ᾗσι
1402 2697 1778 2776 προθυμίῃσι
1821 2693 2136 2768 πεποιθώς
2157 2737 2173 2770 ,

643 2776 913 2858 ὀτρύνων
958 2756 1313 2857 πόλεμόνδε·
1356 2780 1604 2859 μάλιστα
1650 2779 1716 2841 δὲ
1761 2782 1882 2842 ἵετο
1926 2787 2107 2879 θυμῷ

390 2878 490 2925 590
648 2864 933 2924 τίσασθαι
968 2860 1209 2942 Ἑλένης
1254 2861 1561 2945 ὁρμήματά
1607 2886 1666 2925 τε
1710 2861 1994 2944 στοναχάς
2041 2888 2122 2927 τε.

520 2950 617 3013 10.
794 2950 873 3009 Οἳ
916 2946 981 3009 δὲ
1024 2949 1235 3009 Πύλον
1278 2946 1332 3010 τ’
1383 2948 1659 3029 ἐνέμοντο
1703 2950 1804 3011 καὶ
1841 2946 2103 3029 Ἀρήνην
2149 2946 2460 3031 ἐρατεινὴν

572 3097 585 3111 ,
639 3032 743 3094 καὶ
791 3033 994 3113 Θρύον
1032 3030 1329 3105 Ἀλφειοῖο
1369 3034 1560 3115 πόρον
1602 3058 1704 3095 και
1751 3034 2015 3096 ἐύκτιτον
2063 3030 2263 3113 Αἶπυ,

640 3142 743 3179 και
786 3120 1295 3221 Κυπαρισσήεντα
1339 3118 1441 3181 καὶ
1479 3117 1900 3201 Ἀμφιγένειαν
1945 3119 2148 3181 ἔναιον

642 3201 743 3264 καὶ
791 3203 1055 3265 Πτελεὸν
1096 3228 1194 3267 και
1222 3198 1400 3279 Έλος
1444 3204 1545 3265 καὶ
1596 3205 1863 3285 Δώριον,
1911 3204 2066 3266 ἔνθα
2109 3228 2172 3266 τε
2217 3210 2472 3267 Μοῦσαι

388 3302 489 3348 595
644 3286 971 3365 αντόμεναι
1015 3286 1287 3371 Θαμυριν
1330 3289 1435 3351 τὸν
1480 3290 1710 3393 Θρήικα
1753 3298 1999 3351 παῦσαν
2037 3280 2277 3369 ἆοιδῆς,

645 3372 1016 3451 Οἰχαλίηθεν
1058 3375 1227 3437 ἰόντα
1270 3372 1415 3455 παρ’
1464 3372 1746 3454 Εὐρύτου
1794 3376 2136 3454 Οἰχαλιῆος·

647 3459 855 3519 στεῦτο
898 3456 1010 3562 γὰρ
1055 3457 1371 3540 εὐχόμενος
1418 3458 1764 3538 νικησέμεν,
1810 3459 1876 3519 εἴ
1912 3482 2022 3535 περ
2063 3456 2145 3521 α“ν
2187 3456 2364 3522 αὐταὶ

648 3547 902 3603 Μοῦσαι
945 3538 1233 3616 αείδοιεν,
1278 3553 1495 3624 κοῦραι
1543 3542 1689 3617 Διὸς
1731 3542 2050 3623 αἰγιόχοιο·

644 3629 713 3689 αἲ
758 3626 825 3688 δὲ
868 3628 1269 3709 χολωσαμεναι
1313 3627 1510 3708 πηρὸν
1551 3626 1780 3697 θέσαν,
1824 3626 2013 3709 αὐτὰρ
2055 3625 2271 3710 αοιδὴν

389 3724 491 3772 600
646 3714 979 3819 θεσπεσίην
1020 3710 1310 3792 αφέλοντο
1352 3737 1455 3773 και
1500 3712 1827 3775 ἐκλέλαθον
1868 3714 2259 3795 κιθαριστύν·
2313 3750 2383 3760 -

645 3822 763 3859 των
806 3791 963 3858 αὖθ’
1012 3795 1332 3895 ἡγεμόνευε
1380 3800 1664 3877 Γερήνιος
1711 3798 1932 3859 ἱππότα
1979 3798 2256 3879 Νέστωρ·

642 3906 720 3966 τῳ
765 3879 823 3943 δ’
872 3876 1225 3982 ἐνενήκοντα
1270 3880 1569 3963 γλαφυραὶ
1618 3881 1744 3958 νέες
1791 3880 2146 3987 ἐστιχόωντο.

524 3968 620 4029 11.
794 3968 877 4027 Οἳ
920 3960 981 4027 δ’
1029 3990 1165 4047 εχον
1202 3964 1525 4045 Ἀρκαδίην
1566 3964 1689 4030 ὑπὸ
1736 3966 2047 4048 Κυλλήνης
2091 3968 2225 4050 ὅρος
2269 3963 2453 4043 αἰπύ,

646 4049 945 4111 Αἰπύτιον
988 4052 1144 4133 παρὰ
1192 4050 1433 4132 τύμβον,
1482 4077 1545 4115 ιν
1617 4049 1823 4135 ἀνέρες
1867 4050 2298 4134 ἀγχιμαχηταί,

392 4148 489 4196 605
648 4138 707 4197 οἳ
750 4134 978 4200 Φένεόν
1024 4164 1052 4201 τ
1124 4136 1397 4217 ἐνέμοντο
1440 4137 1542 4199 καὶ
1579 4133 1932 4217 Ὀρχομενὸν
1975 4138 2318 4218 πολύμηλον

390 4354 469 4393 570
539 4355 574 4391 a
642 4332 890 4405 αφνειόν
928 4358 985 4392 τε
1024 4336 1334 4422 Κόρινθον
1358 4332 1699 4421 έυκτιμένας
1737 4359 1796 4393 τε
1836 4334 2136 4419 Κλεωνάς,

392 4421 469 4461 572
540 4407 588 4458 A
644 4407 742 4461 καὶ
786 4402 1060 4473 Σικυῶν’,
1098 4399 1199 4463 σθ’
1241 4428 1313 4473 αρ
1364 4400 1668 4475 ’Ἄδρηστος
1705 4402 1882 4476 πρῶτ
1923 4380 2316 4478 ἐμβασίλευεν,
