3132 5129
1356 335 1772 398 „12-

699 515 746 552 ω
793 491 1071 569 φίλοι,η
1033 489 1224 570 ἥρωες
1273 491 1536 568 Δαναοί,
1581 489 1953 568 θεράποντες
1985 488 2236 568 ’Ἀρηος·

698 571 859 655 λώβη
904 574 1017 655 γὰρ
1062 575 1200 637 τάδε
1242 572 1302 655 γ’
1353 574 1474 636 ἐστὶ
1518 574 1620 636 καὶ
1664 574 2027 653 ἐσσομένοισι
2072 572 2425 654 πυθέσθαι,

700 659 835 738 μὰψ
882 660 1039 722 οὕτω
1090 697 1165 706 --

397 798 657 859 Omnino
717 800 841 860 eius
898 801 1013 859 viri
1069 801 1266 871 crisis,
1326 820 1475 876 quae
1534 819 1709 875 quam
1770 799 1922 857 male
1980 799 2164 874 vulgo
2222 798 2424 856 audiat
2478 802 2730 871 constat,

396 885 551 941 haud
598 885 717 942 scio
762 903 836 942 an
882 885 1064 944 simili
1110 886 1342 944 nitatur
1386 885 1457 943 de
1488 885 1977 949 Pisistrateorum
2022 884 2331 943 hominum
2377 903 2555 959 opera
2600 887 2731 960 opi-

394 970 589 1041 nioni,
648 989 824 1045 quam
878 971 1112 1046 qualem
1179 989 1286 1029 nos
1341 970 1518 1028 hodie
1570 969 2041 1029 Lachmanniani
2100 968 2490 1028 defendimus.
2577 969 2732 1030 Illuc

395 1056 574 1112 etiam
620 1055 910 1130 pertinet,
959 1056 1116 1130 quod
1164 1054 1387 1131 legitur
1432 1055 1493 1112 in
1525 1054 1573 1113 L
1622 1054 1693 1113 ad
1727 1043 2193 1123 v.141:013109
2239 1047 2271 1110 ὁ
2316 1052 2507 1129 στίχος
2551 1049 2731 1111 άναι-

396 1142 492 1216 ρεῐ
529 1135 642 1214 τὴν
685 1132 1080 1217 ἀμφιβολίαν·
1142 1135 1233 1196 διὸ
1281 1135 1345 1196 ἔν
1390 1154 1546 1197 τισιν
1590 1135 1660 1196 οὖ
1708 1135 1962 1216 φέρεται.
2045 1138 2266 1197 Contra
2319 1158 2439 1198 non
2496 1139 2728 1212 dubito,

393 1225 539 1300 quin
588 1244 656 1282 ex
701 1225 1047 1284 Aristarcho
1094 1225 1222 1301 ipso
1279 1224 1499 1283 referat
1540 1224 1598 1283 A
1642 1224 1716 1282 ad
1760 1226 2023 1284 v.1:24
2091 1216 2426 1281 άθετεῖται·
2495 1217 2564 1281 οὐ
2617 1220 2732 1301 γὰρ

395 1302 496 1365 ἐπ’
540 1301 828 1385 ἀληθείας
874 1304 1098 1387 λέγεται
1153 1302 1288 1366 ἄλλ’
1345 1303 1749 1386 ὑπερβολικῶς
1816 1331 1883 1366 τα
1939 1315 2062 1367 τῶν
2118 1303 2417 1367 δεκάδων·
2473 1304 2618 1385 πρὸς
2678 1307 2737 1367 τί

393 1384 508 1451 οὖν
550 1414 751 1470 ορκια;
816 1395 997 1453 Recte
1041 1396 1144 1455 ille
1189 1395 1504 1454 iudicavit:
1565 1414 1805 1455 versum
1866 1394 2118 1454 inseruit
2174 1394 2256 1467 is,
2313 1395 2417 1469 qui
2457 1390 2731 1471 Ὄνειρον

392 1483 530 1538 ante
558 1474 818 1556 Ὅρκους
863 1480 1196 1539 collocavit.

566 1582 1038 1657 Agamemnonis
1084 1583 1335 1641 orationi
1388 1601 1562 1641 nemo
1621 1582 2005 1657 contradicit3
2065 1583 2220 1641 serio
2278 1601 2410 1639 eum
2466 1582 2729 1640 locutum

396 1685 523 1725 esse
568 1666 839 1725 arbitrati
887 1664 1095 1725 Graeci
1137 1668 1213 1725 ad
1265 1686 1445 1726 naves
1490 1671 1817 1742 properant
1871 1686 2087 1742 easque
2132 1668 2368 1726 nemine
2412 1666 2730 1726 resistente

395 1751 469 1807 ad
535 1752 942 1827 navigandum
1019 1752 1365 1827 expediunt3
1447 1771 1689 1811 securus
1755 1752 1923 1811 sedet
1991 1752 2268 1827 Iuppiter
2329 1752 2391 1809 in
2454 1750 2732 1827 Olymp0‚

395 1836 647 1895 Achillis
693 1837 901 1912 suique
933 1837 1163 1896 consilii
1196 1838 1532 1906 immemor,
1580 1842 1649 1894 ut
1690 1838 1917 1895 reditus
1947 1838 2042 1896 vel
2072 1831 2375 1912 ὑπέρμορα
2407 1837 2733 1909 accidisset,

348 1922 510 1999 ‚nisi
557 1921 705 1980 Iuno
752 1922 1083 1981 Minervam
1126 1922 1451 1981 dimisisset
1480 1922 1800 1980 exercitum
1832 1926 2226 1994 retenturam,
2273 1921 2434 1997 quod
2479 1922 2582 1979 illa
2624 1940 2734 1995 per

370 2004 636 2063 'Ulixem
682 2005 1061 2064 efficiendum
1106 2009 1293 2065 curat.
1367 2006 1530 2065 Haec
1560 2008 1790 2078 omnia,
1837 2008 1888 2065 si
1932 2007 2005 2064 ab
2052 2025 2171 2065 uno
2204 2006 2526 2080 eodemque
2557 2010 2734 2081 poeta

395 2091 654 2165 primum
712 2095 770 2150 et
825 2092 1148 2150 secundum
1206 2092 1424 2149 librum
1489 2092 1710 2150 nedum
1767 2092 1952 2150 totius
2006 2091 2212 2149 Iliadis
2278 2091 2733 2150 continuitatem

396 2175 640 2233 consilio
688 2179 746 2235 et
791 2179 919 2234 arte
965 2178 1355 2251 compositam
1412 2179 1719 2251 putamus,
1777 2176 2150 2250 ineptissime
2196 2195 2324 2235 esse
2382 2177 2732 2251 excogitata,

393 2260 642 2335 quisque
686 2261 946 2333 videret,
1006 2262 1124 2320 nisi
1168 2265 1291 2319 tam
1337 2261 1578 2320 difficile
1623 2264 1780 2320 esset
1831 2262 2082 2319 traditas
2128 2261 2582 2335 superstitiones
2627 2260 2732 2318 de—

394 2363 631 2420 ponere.
709 2344 822 2403 Sed
856 2346 1092 2423 singula
1122 2347 1446 2406 videamus.
1523 2346 1692 2417 Quod
1722 2345 2150 2422 Naegelsbach.
2182 2366 2242 2421 p.
2282 2346 2397 2403 145
2432 2349 2491 2403 et
2517 2365 2576 2420 p.
2613 2348 2732 2403 161

395 2431 599 2488 attulit
655 2431 729 2489 ad
787 2432 1198 2506 explicandam
1255 2432 1593 2507 principum
1652 2432 1956 2501 inertiam,
2028 2449 2129 2489 eos
2187 2430 2385 2489 subito
2442 2430 2737 2489 exercitus

394 2517 625 2590 impetu
683 2515 958 2592 abreptos
1015 2520 1075 2576 et
1135 2518 1303 2591 quasi
1361 2518 1645 2576 attonitos
1705 2536 1862 2589 esse,
1920 2516 1981 2574 id
2037 2516 2153 2574 iam
2209 2516 2563 2574 Aristoteles
2615 2534 2737 2574 mo·

395 2604 607 2659 nuerat
637 2632 718 2641 -—
762 2601 882 2659 vid.
930 2601 1125 2663 Schol.
1156 2602 1207 2659 B
1253 2602 1327 2659 ad
1376 2621 1429 2659 v.
1482 2605 1559 2659 73
1616 2624 1721 2660 -ι
1767 2597 2215 2695 προληφθέντες
2260 2595 2374 2678 γὰρ
2417 2604 2546 2670 ταῖς
2558 2589 2735 2702 ,πρὸς

396 2678 583 2743 αὑτὸν
627 2678 997 2762 ὁμολογίαις,
1039 2682 1250 2743 ἄτοποι
1295 2680 1676 2761 εὑρίσκονται
1738 2676 1819 2785 μὴ
1865 2683 2122 2744 κωλυταὶ
2165 2680 2491 2762 γινόμενοι,
2539 2680 2740 2777 ω’σπερ

396 2764 756 2844 συνέθεντο,
804 2766 1250 2872 συμπράκτορες
1295 2765 1362 2828 δὲ
1407 2777 1529 2828 τῶν
1559 2768 1930 2848 φευγόντων.
1984 2804 2057 2812 —-
2107 2767 2332 2847 συνέβη
2378 2764 2444 2826 δὲ
2487 2764 2534 2826 ἁ
2578 2758 2736 2840 εἰκος

394 2845 505 2930 ἧν,
563 2852 663 2911 διά
722 2873 781 2911 τε
836 2853 901 2913 τὸ
958 2848 1142 2933 ὀργάν
1196 2877 1295 2914 και
1350 2850 1413 2913 τὸ
1469 2851 1551 2931 μὴ
1622 2852 1844 2914 εἰδέναι
1903 2855 1957 2914 εἰ
2018 2849 2407 2932 ἀπεπειρᾶτο,
2463 2847 2736 2950 ἁσμένως

396 2934 652 2997 ἀκοῦσαι
707 2936 809 2997 καὶ
862 2937 1103 3013 φθάσαι
1156 2935 1529 3011 ἀναστάντας
1576 2939 1719 3018 πρίν
1783 2962 1915 2998 τινα
1971 2934 2049 3020 τῷ
2099 2933 2489 3017 Ἀγαμέμνονι
2548 2929 2735 2998 ἄντει-

394 3028 549 3083 πεῖν.
628 3024 745 3083 Sed
801 3028 1000 3084 tamen
1056 3027 1197 3084 haec
1253 3028 1554 3085 excusatio
1613 3046 1765 3086 vana
1818 3029 1939 3098 est,
1999 3026 2254 3101 primum
2312 3026 2506 3101 quod
2532 3029 2741 3084 contra

397 3109 598 3184 epicae
645 3109 842 3185 poesis
901 3110 1162 3169 indolem
1208 3112 1355 3169 nihil
1403 3112 1475 3170 de
1531 3130 1601 3170 ea
1644 3131 1707 3169 re
1752 3111 1907 3187 apud
1963 3114 2197 3185 poetam
2253 3111 2451 3186 ipsum
2494 3110 2734 3185 legitur,

396 3195 611 3253 deinde
656 3194 815 3269 quod
860 3214 955 3255 res
1026 3195 1173 3254 adeo
1217 3197 1303 3255 ita
1345 3200 1650 3268 narratur,
1717 3200 1781 3255 ut
1825 3196 1914 3254 illi
1959 3195 2323 3253 excusationi
2368 3195 2737 3253 adversetur.

394 3279 547 3337 Nam
592 3283 653 3338 et
696 3280 1108 3355 Agamemnon
1154 3283 1478 3340 orationem
1528 3282 1613 3339 ita
1657 3280 1906 3352 claudit,
1979 3284 2048 3338 ut
2092 3299 2328 3339 omnem
2372 3279 2740 3339 deliberandi

399 3367 504 3421 aut
568 3364 929 3439 obloquendi
996 3369 1276 3425 conatum
1341 3367 1665 3441 reprimere
1734 3366 2032 3438 videatur,
2099 3384 2206 3423 nec
2271 3365 2468 3423 contio
2538 3368 2741 3423 tamen

306 3458 366 3504 16
399 3449 602 3507 audita
647 3450 912 3508 oratione
957 3450 1161 3508 statim
1209 3451 1563 3526 dissipatur,
1612 3449 1716 3509 sed
1759 3469 1869 3525 per
1913 3450 2151 3524 aliquod
2197 3453 2430 3524 tempus
2462 3481 2543 3491 —-
2576 3449 2740 3525 quod

397 3535 597 3608 ipsum
642 3535 736 3592 vel
783 3534 1044 3606 duobus,
1094 3536 1144 3593 si
1180 3535 1311 3594 Diis
1356 3536 1584 3611 placet,
1642 3536 1935 3594 similibus
1980 3535 2321 3593 illustratur
2352 3566 2431 3575 —
2462 3536 2738 3593 movetur

397 3622 456 3676 et
523 3619 829 3691 turbatur,
898 3624 1028 3678 tum
1085 3620 1351 3693 demum,
1420 3639 1553 3678 cum
1610 3639 1784 3679 nemo
1846 3621 1995 3678 alius
2065 3619 2296 3694 prodit,
2368 3619 2739 3677 dissolvitur.

398 3701 632 3773 Quanto
677 3704 911 3762 facilius
956 3723 1138 3775 nunc,
1197 3725 1373 3779 quam
1417 3708 1627 3781 postea
1671 3705 1885 3764 fuisset
1929 3704 2090 3763 Ulixi
2137 3704 2442 3762 silentium
2487 3704 2600 3762 sibi
2646 3704 2740 3761 fa-

401 3786 559 3848 cere!
609 3788 898 3847 Tumultu
946 3792 1051 3848 aut
1093 3791 1349 3848 clamore
1394 3808 1565 3848 voces
1611 3789 1776 3866 loqui
1807 3790 2151 3849 conantium
2183 3789 2429 3848 obtusas
2474 3807 2617 3859 esse,
2664 3789 2739 3846 de

397 3892 464 3932 eo
507 3893 583 3932 ne
627 3881 740 3950 γρῦ
783 3875 1040 3949 quidem.
1119 3875 1372 3947 Iterum,
1429 3894 1578 3949 quae
1626 3875 1847 3949 scripta
1892 3878 2059 3946 sunt,
2108 3874 2375 3950 neglegi,
2423 3893 2572 3948 quae
2616 3891 2738 3931 non

402 3959 621 4033 scripta
666 3964 839 4030 sunt,
888 3959 1169 4036 fingendo
1216 3959 1352 4018 addi
1400 3957 1700 4019 videmus!

569 4059 646 4118 V.
699 4064 846 4132 143,
893 4081 1070 4137 quem
1116 4080 1248 4119 cum
1285 4061 1476 4142 βουλῇ
1506 4062 1838 4121 eiciendum
1883 4080 2010 4120 esse
2039 4061 2272 4119 monuit
2302 4060 2738 4130 Lachmannus‚

398 4146 514 4203 iam
561 4146 942 4204 Aristarchus
987 4147 1389 4218 transfixerat,
1450 4143 1539 4204 ὅτι
1597 4153 1786 4216 κενῶς
1833 4142 2214 4223 έπεξηγεῖται.
2291 4145 2449 4203 Addi
2506 4148 2746 4220 poterat

397 4230 843 4305 interpolatoris
889 4232 1184 4291 inscitiam
1241 4232 1411 4307 prodi
1469 4232 1575 4290 illo
1632 4227 1774 4307 μετὰ
1832 4227 2112 4306 πληθύν,
2171 4231 2331 4306 quod
2390 4231 2439 4288 si
2496 4228 2741 4304 proprio

395 4334 576 4373 sensu
621 4315 822 4390 posuit
851 4316 1053 4374 inter
1093 4317 1684 4388 multitudinem,
1732 4318 1930 4392 inepte
1961 4316 2159 4390 plures
2191 4316 2415 4373 indicat
2438 4334 2507 4373 ex
2537 4313 2734 4371 multi-

400 4400 610 4458 tudine
656 4400 903 4459 consilio
960 4402 1328 4475 interfuisse,
1388 4403 1482 4462 sin
1528 4402 1736 4475 duces,
1784 4402 1888 4477 qui
1932 4420 2053 4460 non
2098 4400 2539 4473 interfuissent,
2589 4398 2740 4457 indi-
