3132 5129
1240 385 1705 448 „509—

305 562 437 601 mus
485 543 814 603 vindicavit.
856 542 1255 602 HermannuS.
1330 542 1492 601 Idem
1549 561 1691 602 vero
1748 541 1902 601 male
1946 533 2284 620 τριγλύφων
2313 563 2448 604 cum
2491 547 2644 601 καθ-

300 630 456 685 εῖναι
530 631 939 689 constructum
1022 628 1290 704 putavit,
1371 627 1531 702 quod
1593 645 1663 687 eo
1746 626 1945 703 magis
2023 629 2287 704 mireris,
2362 630 2643 705 quoniam

305 713 869 773 Winckelmannum
922 713 1191 788 aliosque
1257 715 1490 772 secutus
1558 712 1710 771 illud
1776 707 1960 771 κενόν
2011 717 2169 773 recte
2222 714 2520 773 intellexit
2573 714 2646 771 de

307 799 642 859 intervallis
688 800 855 858 inter
910 796 1250 876 triglyphos
1294 798 1651 872 interiectiS,
1721 816 1872 873 quae
1918 799 2024 856 aut
2065 799 2323 874 metopis
2366 798 2644 875 praefixis

303 883 729 944 claudebantur
789 887 893 943 aut
959 886 1166 959 aperta
1233 881 1756 959 relinquebantur,
1827 883 2025 958 qualia
2076 885 2314 958 praeter
2354 884 2511 943 hunc
2556 884 2643 941 lo·

305 987 439 1027 cum
484 968 803 1044 Euripides
845 968 1027 1028 etiam
1086 969 1147 1026 in
1192 966 1406 1027 Oreste
1450 987 1506 1027 v.
1559 969 1719 1027 1371
1755 986 1842 1043 sq.
1874 967 2101 1044 innuit,
2148 968 2252 1027 ubi
2296 967 2498 1044 Phryx
2543 967 2644 1026 ille

301 1053 579 1130 effugisse
624 1072 688 1113 se
731 1052 1038 1131 praedicat

706 1167 971 1269 κεδρωτὰ
1016 1167 1341 1229 παστάδων
1384 1164 1538 1245 ὑπὲρ
1586 1166 1831 1250 τέρεμνα

710 1249 992 1335 Δωρικάς
1037 1276 1096 1315 τε
1140 1250 1514 1336 τριγλύφους.

303 1393 398 1451 Ita
441 1395 760 1469 postquam
805 1393 971 1452 locus
1013 1395 1170 1452 recte
1200 1393 1530 1469 explicatus
1576 1394 1731 1467 erat,
1776 1392 2041 1469 graviter
2084 1392 2352 1468 profecto
2397 1393 2441 1451 ii
2485 1412 2643 1452 erra-

305 1481 550 1554 verunt,
596 1478 698 1553 qui
728 1477 1070 1538 Blomfieldi
1116 1479 1513 1537 coniecturam
1568 1481 1775 1555 γεῖσα
1829 1495 1936 1554 pro
1980 1470 2042 1555 γ’
2092 1474 2234 1535 εἴσω
2278 1481 2384 1537 aut
2425 1478 2643 1554 proba-

305 1564 523 1621 verunt
563 1565 671 1621 aut
713 1562 891 1638 adeo,
947 1566 1018 1621 ut
1060 1562 1406 1621 Dindorfius
1451 1566 1630 1638 atque
1674 1562 2005 1637 Nauckius‚
2065 1563 2255 1622 textui
2310 1562 2645 1622 intulerunt

301 1647 528 1708 scilicet
570 1647 773 1706 Dorici
819 1647 1027 1724 templi
1057 1647 1450 1708 architectura
1492 1665 1737 1723 prorsus
1779 1647 2072 1724 neglecta.
2150 1648 2418 1705 Γεῖσυν
2462 1648 2641 1724 enim,

301 1742 478 1807 quam
523 1751 875 1791 coronam
918 1732 1118 1791 Latini
1164 1736 1555 1808 vocaverunt,
1612 1735 1901 1809 perpetuo
1947 1734 2142 1792 tractu
2188 1751 2370 1808 supra
2414 1733 2643 1809 capitu-

298 1816 423 1875 lum
492 1820 556 1875 et
620 1816 945 1893 triglyphis
1011 1821 1072 1877 et
1125 1817 1461 1877 intervallis
1527 1822 1634 1877 aut
1686 1817 1944 1894 metopis
1997 1818 2352 1893 impositum
2409 1836 2528 1895 qua
2572 1817 2644 1876 de

301 1920 479 1962 causa
536 1900 770 1961 Orestis
837 1902 1024 1962 oculis
1087 1901 1514 1978 speculandum
1570 1903 2051 1978 commendetur,
2108 1921 2218 1962 nec
2275 1903 2479 1963 Davus
2534 1922 2643 1961 nec

303 1984 569 2061 Oedipus
616 1987 905 2045 extricare
948 1988 1191 2063 poterit.
1268 1986 1384 2045 Sed
1430 1988 1880 2064 speculandi
1924 1989 2233 2047 notionem
2274 1993 2454 2065 atque
2485 2006 2642 2048 com-

303 2071 742 2130 mendationem
788 2071 1101 2147 particulis
1147 2067 1210 2129 δέ
1252 2090 1319 2148 γε
1373 2072 1577 2147 inepte
1622 2072 1844 2132 elatam
1889 2102 1969 2115 —-
2014 2091 2161 2148 quas
2205 2075 2362 2133 certe
2393 2066 2645 2133 Kvicala

306 2156 563 2216 removit
628 2156 940 2215 scribendo
1005 2149 1120 2233 ὅρα
1181 2149 1241 2213 δ’
1311 2151 1553 2215 ἐκεῖσε
1602 2188 1682 2200 -
1729 2157 1970 2216 omnino
2035 2155 2108 2215 ab
2176 2157 2285 2216 hac
2352 2159 2643 2218 sermonis

301 2244 469 2316 parte
525 2240 779 2300 alienam
825 2259 985 2317 esse,
1046 2260 1164 2318 qua
1219 2241 1293 2299 de
1339 2258 1441 2315 en,
1500 2242 1659 2317 quod
1712 2244 1921 2317 postea
1973 2248 2155 2301 noctu
2210 2241 2641 2302 faciendum

303 2326 412 2401 sit,
458 2327 554 2403 agi
597 2344 835 2385 necesse
879 2325 986 2401 sit,
1045 2328 1207 2385 recte
1267 2325 1571 2384 intellexit
1613 2325 1997 2402 HartunguS,
2058 2325 2380 2385 dummodo
2435 2345 2512 2385 ne
2568 2326 2643 2384 ad

301 2411 635 2488 apographi
693 2410 953 2470 Parisini
1007 2410 1063 2466 E
1119 2411 1242 2469 sive
1298 2428 1559 2470 errorem
1615 2412 1739 2470 sive
1794 2411 2195 2470 coniecturam
2252 2406 2403 2490 ὥρα
2458 2406 2524 2467 δέ
2578 2404 2636 2487 γ’

301 2492 440 2552 εἴσω
485 2494 853 2573 confugisset
891 2496 1013 2553 iam
1059 2495 1132 2553 ab
1177 2495 1521 2555 Hermanno
1583 2495 1900 2573 explosam.
1976 2494 2315 2555 Desiderari
2358 2500 2491 2555 tum
2536 2513 2639 2572 po·

301 2581 421 2640 tius
465 2576 593 2658 ὥρα
639 2575 705 2638 δὲ
760 2576 922 2638 τότε
980 2581 1166 2660 probe
1211 2581 1448 2641 monuit
1500 2581 2032 2640 Rauchensteinius
2088 2602 2147 2657 p.
2193 2578 2279 2656 V,
2347 2582 2450 2656 qui
2507 2600 2639 2640 cum

301 2666 567 2763 proxime
609 2685 816 2724 verum
859 2667 1134 2743 attigerit
1163 2666 1477 2726 scribendo
1509 2662 1722 2724 ἔσται
1765 2662 1832 2724 δέ
1871 2657 1931 2744 γ’
1982 2662 2124 2723 εἴσω
2153 2660 2278 2725 εῒ.”
2240 2684 2460 2742 σπου,
2503 2685 2639 2725 eum

301 2752 418 2809 iam
477 2769 708 2810 mecum
763 2751 835 2811 de
889 2751 1246 2848 perficienda
1300 2751 1413 2810 loci
1471 2751 1888 2810 emendatione
1958 2769 2386 2811 consensurum
2443 2770 2638 2828 spero,

237 2874 248 2883 ·
304 2834 456 2894 Vide
502 2836 691 2894 enim:
738 2856 849 2912 ορα
893 2835 989 2895 vel
1038 2826 1162 2913 ὥρα
1204 2834 1357 2896 nihil
1404 2836 1569 2896 aliud
1616 2839 1708 2896 est
1750 2836 1869 2896 nisi
1913 2835 2123 2895 infelix
2166 2837 2508 2897 litterarum
2555 2856 2641 2907 ρα

301 2911 809 2996 supplementum,
878 2938 1027 2996 quae
1083 2923 1146 2980 in
1202 2919 1485 2981 mutilato
1542 2921 1866 2997 archetypo
1923 2925 2338 2981 remanserunt
2393 2942 2463 2981 ex
2515 2919 2638 3002 ρᾷ-

302 3020 509 3081 στον,
556 3006 716 3080 quod
761 3007 1047 3081 scriptum
1105 3006 1290 3067 fuisse
1344 3007 1420 3066 ab
1464 3006 1757 3082 Euripide
1800 3005 1987 3066 totius
2032 3006 2149 3065 loci
2195 3010 2366 3066 tenor
2408 3008 2495 3065 ita
2539 3006 2637 3064 de·

304 3093 624 3165 monstrat,
670 3091 740 3148 ut
780 3090 1074 3166 probandi
1118 3091 1317 3169 gratia
1361 3112 1495 3150 eum
1537 3091 1922 3166 adscripsisse
1968 3091 2114 3150 satis
2158 3091 2442 3151 habeam:

708 3203 856 3268 ’ὅταν
898 3203 966 3266 δὲ
1020 3202 1237 3282 νυκτὸς
1282 3200 1441 3286 ὄμμα
1484 3207 1730 3288 λυγαίας
1773 3203 1959 3292 μόλῃ,

705 3290 1023 3370 τολμητέον
1065 3317 1167 3354 vm
1226 3291 1429 3368 ξεστὸν
1473 3291 1537 3353 ἐκ
1584 3295 1735 3353 ναοῦ
1778 3295 1989 3373 λαβεῖν

705 3375 945 3457 αγαλμα
987 3371 1182 3452 πάσας
1225 3376 1630 3458 προσφέροντε
1672 3378 1971 3477 μηχανάς·

708 3464 982 3607 ἓῗστον
1010 3461 1119 3607 gb
1132 3459 1198 3543 γ’
1248 3463 1421 3541 εἴσω,
1467 3458 1806 3544 τριγλυφων
1850 3483 2025 3524 οπου
2068 3458 2277 3541 κενόν,
2668 3472 2729 3519 14

771 3571 887 3626 μας
930 3570 1006 3608 κα
1058 3571 1235 3611 ειναι.

306 3679 417 3743 Noti
460 3705 517 3745 v.
569 3687 686 3744 111
747 3704 880 3744 cum
935 3685 1244 3746 Dindorfio
1301 3685 1408 3763 pro'
1463 3683 1530 3746 τὸ
1584 3688 1678 3747 vel
1736 3706 1821 3744 τοι
1877 3686 2116 3761 scripsi,
2175 3680 2350 3743 ’ὅπου
2410 3705 2463 3746 v.
2519 3686 2636 3742 113

302 3772 420 3829 iam
465 3771 1199 3848 Elmsleiusemendavit,
1245 3772 1405 3848 quod
1449 3791 1523 3832 ne
1565 3774 1800 3831 retento
1845 3771 2087 3846 quidem
2123 3765 2237 3847 ὅρα
2280 3770 2419 3829 ullis
2465 3788 2634 3846 argu-

303 3857 405 3917 tiis
449 3860 589 3932 apte
634 3855 875 3916 defendi
919 3859 1138 3932 potest.

469 4027 848 4105 Iphigeniam
892 4027 955 4085 in
1010 4029 1185 4086 cantu
1231 4025 1498 4101 funebri,
1555 4043 1676 4085 non
1722 4025 1786 4085 in
1830 4044 2096 4086 sermone
2152 4025 2228 4084 ab
2285 3983 2638 4086 adveniente

302 4114 517 4173 nuntio
560 4114 956 4187 interruptam
1000 4111 1160 4170 haud
1204 4112 1348 4172 satis
1393 4113 1533 4187 apte
1577 4131 1634 4171 v.
1684 4111 1810 4170 240

707 4228 768 4288 τί
805 4223 864 4286 δ’
913 4225 1033 4290 ἔστι
1077 4237 1183 4288 τοῦ
1224 4226 1516 4307 παρόντος
1561 4223 1894 4307 ἐκπλῆσσον
1937 4222 2190 4310 λόγους

306 4365 673 4443 interrogare
716 4370 878 4428 solus
911 4367 1180 4428 Klotzius
1226 4369 1440 4442 sensit,
1489 4366 1592 4442 qui
1622 4361 1803 4444 λόγον
1828 4384 1951 4426 non
1979 4367 2173 4426 solum
2204 4384 2634 4442 sermonem,

301 4471 510 4512 verum
553 4453 731 4512 etiam
776 4454 1326 4529 cogitationem
1370 4471 1438 4511 ac
1482 4451 2143 4511 ratiocinationem
2202 4452 2534 4528 significare
2577 4457 2639 4512 et
