3132 5129
1328 303 1403 312 -
1496 265 1787 330 309-

385 422 597 499 Inepte
653 424 838 481 vertit
894 423 1350 484 Rittershusius:
1408 425 1693 500 „tertium
1750 442 1893 484 vero
1947 426 2238 501 sanquine
2288 427 2512 503 nigri.“
2584 427 2722 487 Non

391 507 550 566 enim
597 507 669 566 de
715 508 1056 585 sanguinis,
1103 508 1206 567 sed
1238 508 1311 568 de
1341 508 1674 585 superficiei
1719 528 2216 587 squamarumque
2261 511 2457 570 colore
2501 512 2718 588 agitur.

386 590 449 649 Si
494 582 643 668 αἷμα
687 611 893 652 verum
940 598 1121 670 esset,
1183 594 1464 670 explicari
1521 594 1763 653 deberet
1817 614 1949 653 cum
1996 595 2315 655 scholiasta
2371 614 2480 671 per
2533 591 2719 674 γένος.

386 675 504 735 Sed
548 694 653 735 cur
697 678 781 735 ita
822 668 968 755 αἷμα
997 679 1057 736 h.
1090 680 1129 739 l.
1162 697 1285 738 non
1327 680 1592 755 potuerit
1637 680 1807 754 poni,
1855 679 2012 738 haud
2043 680 2358 740 obscurum
2406 686 2515 741 est.
2589 681 2721 740 Nisi

385 760 693 837 Oppianus
750 762 1108 822 adiectivum
1163 765 1366 839 posuit
1420 763 1564 823 alibi
1619 782 1739 823 non
1799 764 2071 824 obvium:
2142 763 2622 839 αἰμοκελαινοί,
2679 768 2717 825 i.

386 865 436 904 e.
466 846 795 922 sanguineo
833 847 1026 907 colore
1058 849 1339 924 praediti,
1386 849 1887 908 verisimillimum
1930 852 2050 925 est,
2098 869 2231 908 eum
2259 849 2516 911 dedisse:
2547 844 2720 927 εἷμα

381 928 810 1074 κελαιζῖοί,23ἓί
852 933 1056 991 statim
1087 952 1142 991 v.
1179 933 1300 992 259
1335 934 1515 992 dixit:
1566 935 1915 1011 σκληροῖσιν
1953 921 2215 1013 ἆρηρότα
2255 938 2398 1013 γυῖα
2437 935 2714 1014 χιτῶσι.

614 1066 626 1078 .
828 1035 917 1091 sq.

771 1151 853 1159 —
896 1106 1039 1194 μετὰ
1084 1110 1144 1175 δ’
1191 1108 1362 1189 αὖτις
1406 1110 1776 1197 ἀγειρόμενοι
1820 1111 1968 1177 νόον
2009 1116 2128 1197 ἤδη

690 1198 870 1280 βαιὸν
912 1195 1322 1278 θαρσήσαντες
1367 1193 1487 1262 ἀπὸ
1529 1200 1850 1281 ψαμάθοιο
1894 1196 2183 1264 πάσαντο.

382 1304 531 1363 Post
582 1304 726 1363 haec
783 1324 937 1364 unus
992 1325 1198 1366 versus
1252 1306 1586 1382 intercidit,
1644 1325 1761 1383 quo
1820 1308 2154 1382 expositum
2215 1312 2371 1383 erat,
2432 1308 2713 1384 quidnam

380 1389 500 1449 cibi
545 1390 754 1465 paguri
787 1424 790 1429 ·
819 1390 891 1450 de
934 1410 1113 1449 arena
1156 1392 1501 1468 suscipiant.
1577 1392 2001 1468 Neque-mim
2047 1393 2175 1467 ipsa
2228 1412 2410 1451 arena
2466 1412 2713 1453 vescun—

381 1479 502 1549 tur,
535 1478 595 1533 et
622 1475 949 1549 requiritur
990 1476 1189 1551 aliqua
1232 1476 1547 1552 sententia,
1596 1478 1692 1536 cui
1722 1478 1786 1535 in
1830 1479 2272 1552 comparatione
2316 1478 2716 1553 respondeant

379 1580 437 1619 v.
473 1561 597 1618 300
626 1578 717 1634 sq.
749 1559 958 1618 verba:
1003 1553 1195 1634 αὐτὰρ
1227 1557 1429 1618 ἔπειτα
1466 1557 1477 1640 Ι
1516 1557 1709 1619 τυτθὰ
1739 1562 1924 1639 βορῆς
1956 1557 2134 1638 ὤρεξε
2166 1555 2429 1640 νοσήλια.
2491 1562 2583 1622 Cf.
2618 1564 2714 1621 in-

379 1644 473 1702 fra
515 1662 572 1701 v.
605 1643 724 1702 311
771 1640 1066 1720 γλυκερόν
1110 1665 1171 1704 τε
1214 1645 1426 1716 φυτῶν
1465 1642 1589 1705 ἄπο
1642 1644 1875 1725 καρπὸν
1919 1643 2127 1705 ἔδοντα
2172 1650 2234 1706 et
2275 1647 2365 1723 11,
2411 1649 2566 1723 451,
2611 1647 2715 1706 ubi

380 1728 453 1787 de
495 1728 715 1788 muscis
759 1727 1003 1788 dicitur:
1716 1740 1721 1743 ’

984 1813 1052 1872 αἳ
1095 1807 1152 1872 δ’
1201 1808 1381 1873 οὐδὲν
1422 1804 1727 1892 ἀναιδείης
1766 1813 2052 1892 χαλόωσι,

697 1895 842 1973 πρὶν
882 1895 1129 1957 θανέειν
1170 1893 1213 1977 ἢ
1257 1897 1542 1972 ξουθὸν
1596 1893 1711 1957 ἄπ’
1760 1895 2029 1976 ἀνέρος
2072 1894 2254 1978 αἷμα
2298 1894 2709 1961 πάσασθαι.

547 2003 621 2064 V.
668 2004 790 2062 319
829 2021 916 2079 sq.

687 2098 841 2173 Τοὺς
888 2100 948 2162 εἴ
988 2124 1074 2174 τις
1118 2099 1220 2162 καὶ
1268 2093 1459 2162 τυτθᾶ
1506 2098 1825 2180 διατμήξας
1871 2099 1959 2161 ἐνὶ
2004 2101 2202 2184 πόντῳ

681 2187 908 2268 ῥίψει,
953 2185 1249 2266 συμφυὲες
1295 2209 1354 2248 τε
1398 2182 1581 2247 πάλιν
1624 2186 1765 2259 ζωοί
1806 2207 1865 2246 τε
1912 2184 2202 2264 νέμονται.

375 2293 489 2352 Hic
533 2293 792 2368 primum
837 2310 869 2350 e
914 2292 1184 2368 plurimis
1245 2292 1413 2351 libris
1458 2291 1863 2351 restituendus
1916 2294 2008 2350 est
2062 2292 2476 2351 coniunctivus
2533 2289 2709 2371 ῥίψῃ,

374 2398 550 2455 quem
594 2377 853 2437 mutavit
893 2377 1292 2437 Schneidems.
1355 2377 1509 2435 Tum
1554 2395 1762 2435 versus
1818 2355 2059 2435 suavius
2104 2376 2394 2450 decurrit,
2456 2376 2504 2435 si
2552 2378 2705 2435 anti-

377 2483 495 2540 qua
538 2463 714 2522 lectio
759 2461 986 2519 παλίν
999 2460 1140 2531 ζωοί
1182 2482 1243 2521 τε
1286 2466 1625 2537 revocatur,
1682 2479 1833 2537 quae
1880 2480 1984 2519 cur
2028 2461 2271 2535 expulsa
2314 2462 2425 2537 sit,
2474 2480 2707 2520 causam

370 2568 493 2608 non
537 2548 731 2611 video.
785 2580 856 2591 —
907 2547 1178 2624 Denique
1224 2547 1280 2610 h.
1330 2547 1370 2608 1.
1427 2548 1697 2625 ineptum
1742 2550 1835 2608 est
1878 2544 2127 2606 verbum
2187 2544 2527 2622 νέμονται,
2583 2567 2707 2607 non

372 2633 530 2692 enim
580 2633 652 2692 de
688 2637 870 2708 pastu
925 2651 1139 2692 sermo,
1221 2631 1377 2702 Quid
1428 2634 1796 2708 requiratur,
1855 2632 2042 2708 probe
2099 2631 2424 2708 intellexit,
2484 2632 2588 2709 qui
2643 2634 2705 2691 in

372 2718 563 2777 Palat.
614 2720 643 2776 1
694 2717 1152 2794 suprascripsit:
1198 2738 1293 2796 γρ.
1339 2717 1625 2796 γίνονται.
1700 2717 1873 2777 Unde
1920 2719 2054 2793 quis
2099 2735 2221 2776 non
2264 2717 2464 2792 videt,
2510 2737 2705 2777 emen-

371 2802 631 2862 dandum
675 2821 832 2862 esse:
880 2798 1216 2860 πέλονται.

545 2887 617 2945 V.
666 2889 786 2946 324
819 2907 950 2964 sqq.
996 2886 1159 2946 Haec
1203 2887 1354 2945 male
1401 2887 1685 2975 distinct-a
1729 2887 1816 2946 ita
1859 2886 2226 2962 disponenda
2270 2889 2437 2946 sunt:

672 2994 802 3063 εὖτε
844 2996 957 3082 γαρ
1001 2993 1318 3082 ἅθρήσωσι
1361 3000 1735 3080 λελειμμένον
1779 2994 2049 3082 ὀρφανὸν
2092 2998 2290 3074 αὕτως

674 3082 1001 3166 ὄστρακον,
1046 3089 1360 3166 οἶκητῆρος
1403 3081 1672 3148 ἀνέστιον
1716 3085 2075 3165 οἰχομένοιο,
2743 3107 2805 3154 14

673 3173 740 3232 αἳ
783 3168 840 3231 δ’
889 3171 1031 3233 εἴσω
1073 3173 1400 3234 καταδῦσαι
1443 3167 1554 3233 ὑπ’
1602 3168 1993 3251 ἀλλοτρίοισιν
2035 3166 2300 3248 ἐλύτροις

674 3253 944 3337 ἕζόμεναι
989 3258 1258 3337 ναίουσι,
1304 3256 1406 3317 καὶ
1451 3254 1490 3318 ὃ
1534 3254 1827 3334 κτήσαντο
1871 3255 2211 3335 μέλαθρον,

674 3343 819 3427 τῷδ
832 3364 856 3402 ε
904 3338 1365 3423 συνερπύζουσι,
1409 3340 1508 3402 καὶ
1557 3340 1810 3403 ἔνδοθεν
1854 3340 2020 3423 ἕρκος
2060 3340 2314 3423 ἄγουσιν
2357 3347 2466 3402 etc.

374 3463 461 3522 Αῗ
484 3456 540 3520 δ’
567 3465 678 3524 iam
707 3465 765 3523 in
788 3465 1051 3541 antiquis
1073 3463 1434 3524 editionibus
1456 3464 1698 3540 legitur,
1718 3470 1897 3539 atque
1921 3458 1978 3539 ὅ,
2000 3465 2158 3540 quod
2182 3468 2274 3524 est
2287 3464 2700 3540 necessarium,

378 3550 494 3608 iam
542 3551 914 3626 propositum
958 3550 1130 3609 video
1174 3569 1210 3607 a
1236 3550 1643 3609 Rittershusio.
1718 3549 2003 3607 Extremo
2037 3568 2210 3608 versu
2239 3568 2315 3608 ne
2362 3549 2495 3625 quis
2524 3568 2698 3625 prop-

372 3639 466 3693 ter
507 3655 565 3695 v.
615 3636 736 3695 333
782 3624 981 3693 οὐκέτι
1026 3636 1227 3691 κεῖνον
1272 3630 1420 3711 ἔχει
1465 3628 1683 3709 δόμον,
1729 3634 1981 3693 coniciat
2010 3628 2176 3712 ἕρκος
2219 3629 2530 3708 ἔχουσινι
2577 3652 2699 3692 rec-

369 3719 597 3781 tissime
642 3720 864 3779 dictum
910 3723 1030 3780 est:
1092 3716 1348 3777 ἔνδοθεν
1391 3714 1560 3794 ἕρκος
1616 3714 1868 3797 ἄγουσιν
1925 3719 1997 3778 de
2042 3718 2482 3793 carcinadibus,
2527 3738 2697 3793 quae,

373 3803 510 3863 dum
554 3806 718 3865 intus
761 3809 931 3880 sunt,
976 3808 1286 3880 reptantes
1330 3808 1572 3880 tegmen
1617 3823 1815 3863 secum
1859 3803 2161 3875 auferunt.

538 3890 614 3950 V.
660 3890 780 3949 347
814 3909 943 3966 sqq.

1267 4005 1340 4015 —
1390 3961 1578 4050 αὐτὰρ
1624 3968 1832 4048 ἔνερθε

673 4052 823 4115 δοιοὶ
866 4048 1009 4126 ἆλὸς
1052 4052 1381 4133 ψαύοντες,
1426 4052 1683 4127 ἐοικότες
1727 4048 2019 4129 οἰήκεσσι,

672 4142 903 4218 πομποί
938 4133 993 4201 τ’
1043 4137 1324 4202 ὂθύνουσι
1373 4138 1555 4218 δόμον
1601 4138 1702 4198 καὶ
1748 4148 1864 4218 νῆα
1908 4135 2009 4196 καὶ
2057 4133 2263 4216 ἰχθύν.

372 4245 586 4321 Inepta
629 4246 922 4321 particula
965 4265 1071 4319 τε,
1115 4263 1291 4321 quam
1322 4245 1705 4304 Schneidcrus
1734 4244 1796 4302 in
1839 4241 2038 4318 priore
2082 4243 2340 4301 editione
2384 4261 2518 4301 cum
2565 4243 2694 4320 Syl·

368 4329 546 4407 burg.
599 4335 662 4389 et
719 4331 912 4408 Mosq.
971 4331 1253 4390 omittens
1308 4348 1427 4389 non
1482 4331 1635 4390 bene
1686 4329 1885 4389 versui
1941 4328 2261 4388 consuluit.
2336 4324 2577 4403 Πομποὶ
2631 4319 2689 4387 δ’
