3132 5129
1418 385 1878 448 —294—

473 546 689 606 fluctus
733 564 937 604 rursus
982 546 1286 603 revertens
1330 542 1488 602 intra
1535 543 1811 618 scopulos
1873 541 2179 602 deduxit.“
2268 540 2434 612 Quae
2478 543 2813 603 emendatio

474 633 538 691 et
579 630 992 707 interpretatio
1019 629 1136 688 loci
1167 628 1407 705 egregie
1438 628 1756 687 adiuvatur
1785 645 1873 703 ec,
1920 627 2079 704 quod
2110 631 2424 703 postquam
2457 627 2624 704 Argo
2655 629 2817 687 unda

476 736 546 775 ex
590 716 838 775 adverso
885 713 1116 775 obviam
1165 716 1375 774 ruente
1420 732 1627 774 rursus
1669 731 1741 771 ex
1785 712 1995 773 mediis
2041 713 2541 789 Symplegadibus
2597 714 2815 773 reiecta

477 804 572 861 est
615 798 704 878 (v.
738 802 933 859 580-
949 799 1131 877 587),
1190 799 1408 858 iterum
1465 798 1675 858 heroes
1721 797 1948 858 tamdiu
1992 798 2339 875 remigando
2385 798 2608 858 frustra
2650 798 2810 858 labo-

477 889 644 961 rant,
702 886 789 944 ita
847 887 913 943 ut
961 885 1113 953 remi
1155 900 1397 942 arcuum
1456 883 1634 943 modo
1676 883 2093 958 incurventur,
2153 883 2339 943 donec
2396 883 2614 942 iterum
2657 884 2818 942 unda

480 972 768 1048 ingruens
813 988 1026 1028 navem
1071 988 1272 1029 secum
1319 968 1516 1028 aufert
1557 969 1718 1027 intra
1760 970 1961 1043 petras
2004 963 2093 1046 (v.
2128 962 2469 1046 588—96).

644 1054 765 1114 Pro
820 1048 1053 1125 πόνος
1108 1056 1306 1112 autem
1362 1054 1542 1113 etiam
1602 1055 1663 1112 et
1717 1048 1946 1123 κόπος
1992 1056 2054 1111 et
2095 1050 2318 1130 μόνος
2363 1052 2540 1112 scribi
2584 1054 2816 1128 potuit3

479 1139 735 1216 praetuli
803 1142 1001 1198 tamen
1063 1138 1242 1213 illud,
1308 1139 1450 1214 quia
1507 1138 1600 1197 his
1663 1138 1905 1214 quidem
1971 1137 2274 1198 vocabulis
2338 1156 2460 1195 non
2524 1156 2669 1198 usus
2727 1145 2820 1197 est

478 1224 852 1301 Apollonius,
899 1223 1053 1282 haud
1104 1223 1492 1283 dissimilibus
1536 1223 1686 1283 loeis
1732 1223 1778 1299 1,
1812 1223 1934 1282 246
1979 1214 2108 1279 ἀλλ’
2168 1213 2239 1279 οὗ
2294 1216 2492 1297 φυκτὰ
2536 1218 2818 1298 κέλευθα,

477 1306 709 1380 πόνος
763 1302 834 1363 ’δ’
903 1305 1201 1385 ἄπρηκτος
1266 1305 1465 1366 ἰοῦσιν
1529 1311 1593 1368 et
1657 1307 1763 1384 IV,
1823 1309 1945 1368 586
2013 1300 2291 1378 πόνους
2367 1304 2607 1383 δολιχῆς
2672 1301 2818 1378 ἆλός

478 1395 734 1472 scripsit.
787 1428 861 1437 —-
906 1395 1056 1453 Rem
1100 1392 1339 1453 conficit
1379 1391 1485 1470 IV,
1535 1395 1699 1453 1268
1743 1386 1892 1451 ἄλλά
1933 1413 2040 1470 μιν
2081 1386 2269 1469 αὐτὴ
2317 1387 2329 1470 Ι
2379 1389 2708 1469 πλημμυρὶς
2753 1388 2822 1451 ἐκ

481 1477 725 1540 πόντοιο
766 1476 1172 1558 μεταχθονίην
1214 1473 1546 1555 ἐκόμισσεν.

652 1564 809 1624 Ibid.
856 1565 999 1626 882.

738 1675 1076 1760 Δαιμόνιοι,
1121 1679 1181 1740 τί
1218 1702 1295 1740 νυ
1337 1677 1566 1753 πένθος
1614 1677 1861 1741 ἐτώσιον
1905 1677 2149 1758 ἴσχομεν
2189 1678 2414 1752 αὔτωςς

733 1767 795 1826 οἳ
835 1763 947 1845 μὲν
988 1763 1104 1845 γάρ
1148 1770 1300 1824 ποθι
1343 1773 1577 1843 τοῦτον,
1623 1761 1696 1825 ὃν
1739 1762 2002 1868 ἔλλαχον,
2047 1756 2209 1823 οἶτον
2250 1762 2484 1825 ὄλοντο·

734 1848 880 1929 ἡμῖν
919 1847 1031 1929 μὲν
1071 1848 1185 1929 γὰρ
1228 1847 1358 1910 ἔασι
1401 1852 1835 1929 κυβερνητῆρες
1880 1849 2063 1932 ομίλφ

737 1934 841 1995 καὶ
879 1932 1105 2008 πολέες.

654 2056 815 2115 Haec
869 2056 1105 2132 quidem
1161 2057 1248 2114 ita
1304 2055 1444 2114 ferri
1514 2074 1635 2114 non
1692 2074 1864 2131 posse
1920 2054 2181 2114 editores
2238 2056 2650 2131 consentiunt,
2720 2058 2826 2115 sed

485 2142 854 2202 dissentiunt
899 2142 972 2200 de
1016 2139 1372 2200 emendandi
1403 2141 1501 2198 via
1532 2159 1600 2199 ac
1630 2142 1880 2200 ratione.
1957 2141 2220 2200 Brunck.
2253 2141 2442 2200 altero
2476 2160 2650 2199 versu
2680 2133 2827 2217 ἡμῖν

355 2278 376 2292 Ι
484 2222 547 2283 δ’
595 2223 638 2283 ἅ
648 2228 724 2285 λλ
743 2246 809 2284 οι
855 2222 985 2283 ἔασι
1029 2225 1298 2302 scripsit,
1357 2244 1509 2300 quae
1551 2225 1708 2284 bona
1751 2245 1891 2285 sane
1935 2228 2029 2285 est
2073 2226 2444 2301 coniectura,
2507 2227 2623 2284 nisi
2666 2226 2823 2302 quod

486 2313 613 2371 sine
670 2313 1020 2372 necessitate
1074 2312 1256 2370 nimis
1299 2309 1574 2369 recedere
1617 2310 1858 2370 videtur
1899 2331 1936 2370 a
1977 2310 2269 2371 librorum
2313 2311 2588 2370 lectione.
2678 2310 2826 2369 Ger-

486 2397 705 2458 hardus
749 2399 970 2472 tamen,
1017 2397 1110 2455 cui
1155 2395 1558 2471 adstipulatur
1599 2394 1993 2471 Wellaue‘ruS,
2042 2415 2097 2453 v.
2134 2396 2251 2454 881
2291 2415 2359 2454 ex
2390 2396 2587 2471 priore
2626 2414 2827 2453 recen·

485 2484 649 2542 sione
693 2483 1050 2541 remansisse
1093 2482 1310 2554 censet,
1358 2480 1420 2538 in
1467 2499 1587 2555 qua
1618 2501 1672 2539 v.
1707 2481 1829 2538 882
1860 2483 1966 2538 aut
1992 2481 2096 2556 ita,
2142 2483 2212 2540 ut
2239 2479 2572 2539 Brunckius
2615 2481 2824 2555 voluit,

487 2571 592 2627 aut
646 2568 826 2628 etiam
873 2568 1049 2626 aliter
1108 2567 1396 2641 scriptum
1454 2564 1655 2625 fuisse.
1749 2564 1905 2638 Quid
1961 2564 2118 2641 quod
2166 2564 2541 2626 Wellauerus
2597 2586 2653 2625 v.
2703 2567 2819 2624 881

487 2653 663 2729 plane
719 2653 794 2711 ab
848 2653 960 2712 hoc
1015 2653 1149 2710 loco
1208 2651 1467 2710 alienum
1524 2650 1970 2726 pronuntiavit,
2027 2651 2193 2727 quia,
2252 2669 2384 2710 cum
2444 2651 2827 2728 Argonautae

490 2741 720 2796 tantum
754 2737 825 2795 de
857 2755 925 2796 eo
970 2737 1233 2813 lugeant,
1279 2735 1437 2811 quod
1481 2736 1853 2812 gubernator
1895 2737 2068 2794 navis
2110 2737 2375 2812 perierit,
2421 2736 2496 2794 de
2540 2737 2652 2795 hoc
2697 2736 2827 2794 solo

490 2841 589 2881 eos
633 2822 928 2881 consolari
972 2821 1246 2880 debuerit
1288 2820 1532 2895 Peleus3
1581 2823 1641 2880 et
1681 2820 1792 2879 hoc
1835 2820 2029 2880 solum
2074 2820 2147 2879 ab
2192 2821 2402 2880 Iasone
2433 2820 2827 2897 respondente

490 2927 546 2966 v.
594 2908 716 2966 886
748 2926 878 2984 sqq.
924 2907 1159 2982 respici.
1248 2904 1410 2964 Haec
1467 2906 1668 2964 omnia
1721 2905 1893 2964 nihili
1950 2909 2109 2965 sunt.
2199 2904 2380 2976 Quasi
2435 2924 2575 2965 vero
2619 2905 2829 2964 Peleus

489 3010 612 3051 non
643 2992 950 3066 aptissime
994 2992 1080 3050 ita
1120 2992 1436 3066 loquatur:
1484 2990 1668 3066 „quid
1699 2993 1810 3060 est,
1858 2991 2016 3066 quod
2046 2991 2448 3066 nequidquam
2480 2990 2821 3066 lugeamus:

491 3077 584 3135 illi
629 3075 869 3152 quidem
916 3075 1082 3134 fatali
1131 3079 1291 3135 sorte
1333 3074 1521 3133 functi
1570 3079 1712 3134 sunt
1756 3072 1902 3154 (quo
1948 3075 2198 3148 indicat,
2246 3076 2411 3134 luctu
2457 3093 2558 3134 eos
2603 3094 2722 3134 non
2765 3076 2831 3134 in

392 3172 456 3220 ιο
495 3161 680 3219 vitam
726 3162 1070 3221 restitutum
1113 3159 1245 3237 iri);
1303 3159 1478 3218 nobis
1536 3163 1733 3218 autem
1779 3158 2211 3236 gubernatores
2256 3163 2398 3220 sunt
2439 3161 2572 3234 alii3
2630 3160 2830 3235 itaque

495 3247 610 3303 iam
668 3264 875 3305 navem
933 3243 1455 3305 conscendamus.“
1543 3244 1625 3303 Et
1676 3245 1832 3320 quod
1890 3247 2195 3320 postremo
2240 3245 2615 3304 Wellauerus
2660 3245 2829 3319 dixit,

492 3333 700 3406 aperte
744 3330 957 3390 falsum
1003 3333 1124 3390 est:
1168 3329 1412 3406 respicit
1453 3329 1611 3388 enim
1656 3329 1832 3388 Iason
1876 3349 1934 3388 v.
1969 3331 2090 3388 889
2136 3329 2371 3389 dicens:

746 3455 827 3532 τῷ
870 3444 970 3506 καὶ
1016 3441 1170 3525 ὁμοῦ
1213 3442 1564 3523 φθιμένοισι
1608 3443 1804 3525 κακὴν
1846 3441 2269 3525 προτιόσσομαι
2311 3443 2482 3522 ἄτην.

663 3568 783 3628 Sed
827 3567 1208 3642 Brunckium,
1254 3567 1344 3625 uti
1390 3567 1506 3624 iam
1552 3566 1696 3642 dixi,
1744 3567 1922 3627 nimis
1967 3567 2245 3627 audacem
2292 3568 2475 3628 fuisse
2520 3568 2833 3645 existim03

498 3654 730 3713 facilius
776 3652 956 3713 scribi
1001 3670 1172 3727 posse
1215 3652 1586 3729 putaverim:

796 3760 942 3849 ἡμῖν
984 3765 1047 3828 δ’
1093 3760 1174 3828 αὖ
1218 3763 1534 3849 παρέασι
1578 3768 2007 3848 κυβερνητῆρες
2053 3763 2254 3851 ὁμίλῳ.

664 3890 817 3950 Ibid.
868 3890 1051 3951 1127.

801 3983 1015 4070 Πόντῳ
1055 3986 1169 4068 γὰρ
1213 3993 1476 4068 τρηχεῖαι
1519 3986 1897 4069 ἐπιβρίσασαι
1936 3984 2141 4050 όῖελλαι

801 4073 950 4152 νηὸς
993 4068 1284 4152 ἀεικελίης
1332 4071 1429 4134 διὰ
1474 4073 1736 4154 δούρατα
1779 4070 1975 4134 πάντα
2018 4069 2341 4151 κέδασσαν,

805 4152 848 4244 ᾖ
891 4158 981 4218 ἔνι
1022 4156 1342 4238 τειρόμενοι
1385 4153 1496 4236 ἅμ’
1544 4157 1643 4220 ἐπὶ
1684 4156 1850 4238 χρέος
1896 4155 2281 4238 ἐμβεβαῶτες.

671 4281 965 4340 Ultimum
1010 4298 1247 4341 versum
1291 4279 1400 4340 hoc
1445 4281 1623 4339 modo
1669 4280 1808 4339 ferri
1855 4298 1977 4340 non
2021 4298 2214 4354 posse,
2262 4279 2419 4339 inter
2462 4297 2670 4338 omnes
2699 4297 2844 4339 con-

502 4368 688 4427 venit.
767 4366 850 4424 Et
893 4364 1157 4441 plerique
1201 4366 1462 4441 quidem,
1509 4368 1581 4425 ut
1622 4365 1975 4440 Brunckius,
2022 4363 2427 4441 Ruhnkenius,
2473 4363 2842 4441 Gerhardus,

502 4471 571 4510 ex
616 4451 814 4529 priore
857 4450 1199 4510 recensione
1243 4449 1520 4510 relictum
1563 4451 1678 4510 rati
1723 4450 2040 4509 delendum
2085 4452 2463 4510 censuerunt.
2551 4448 2668 4509 Sed
2711 4449 2845 4510 iure
