3132 5129
1437 372 1900 436 -182—

499 531 728 591 cautius
774 531 1216 607 pronuntiavit,
1266 530 1584 605 quicquam
1640 530 1967 604 proficitur.
2042 528 2195 586 Nam
2241 530 2290 587 si
2336 547 2515 605 supra
2556 550 2593 586 κ
2629 531 2818 588 137-

503 619 621 676 139
680 617 888 676 tollere
945 615 1262 690 vellemus,
1321 614 1479 690 quod
1543 633 1683 673 sane
1742 635 1813 674 ex
1879 614 2111 689 vulgari
2181 616 2537 673 nostratium
2590 615 2822 690 quidem

499 720 675 760 sensu
721 702 847 760 sine
893 700 1205 776 dispendio
1249 700 1375 759 fieri
1432 702 1671 774 posset,
1730 699 2005 759 sollemni
2058 698 2506 758 adversaremur
2562 700 2822 775 antiquo-

499 806 632 843 rum
677 788 985 861 poetarum
1031 785 1182 844 mori
1226 786 1288 843 in
1333 784 1580 842 heroum
1624 783 2121 859 heroinarumque
2165 784 2459 859 prosapiis
2503 784 2824 843 indicandis

439 881 470 926 4
501 870 1114 946 diligentissimorum.
1203 869 1286 928 At
1341 870 1500 927 enim
1563 887 1809 944 prorsus
1878 867 2053 926 aliam
2108 868 2209 927 ille
2264 867 2466 926 Circae
2519 868 2826 944 adscripsit

501 956 826 1031 originem,
875 975 1053 1031 quam
1101 956 1202 1030 qui
1248 953 1636 1012 continebant
1680 972 1889 1013 versus
1919 953 2151 1028 expulsi
2196 957 2344 1012 sunt
2384 953 2488 1027 iis,
2538 973 2687 1029 quos
2730 954 2824 1013 ho·

500 1040 597 1098 die
640 1040 925 1117 legimus,
972 1039 1045 1097 ab
1094 1039 1524 1114 interpolatore
1554 1039 1811 1113 quodam
1858 1038 2105 1097 intrusis
2135 1056 2202 1097 eo
2234 1037 2513 1113 consilio,
2559 1041 2628 1096 ut
2656 1039 2826 1098 tritos

499 1125 596 1182 hic
641 1143 875 1200 quoque
933 1124 1182 1184 inferret
1241 1123 1440 1182 Circes
1496 1124 1745 1182 natales,
1830 1123 2056 1198 Audio,
2114 1122 2218 1182 sed
2274 1140 2564 1198 quaenam
2621 1143 2829 1181 arcana

499 1209 604 1268 illa
649 1213 829 1285 atque
875 1209 1107 1268 diversa
1151 1209 1337 1267 fuerit
1385 1208 1708 1283 originatio
1741 1209 1891 1267 scire
1937 1208 2116 1265 velim
2161 1208 2287 1266 eius
2333 1208 2505 1281 deae,
2553 1226 2728 1283 quam
2757 1209 2828 1266 ad

503 1294 659 1353 Solis
702 1313 891 1371 genus
937 1294 1295 1369 pertinuisse
1342 1292 1722 1352 consentiens
1779 1297 1871 1351 est
1927 1293 2194 1351 omnium
2253 1295 2556 1368 poetarum
2601 1296 2662 1352 et
2705 1313 2829 1369 my-

498 1379 877 1456 thologorum
939 1379 1375 1452 testimonium,
1449 1395 1704 1452 quorum
1773 1378 1834 1437 in
1895 1378 2285 1437 unanimitate
2348 1377 2499 1437 nihil
2566 1378 2829 1453 profecto

499 1464 710 1540 refert,
758 1465 915 1539 quod
959 1463 1229 1538 quidam,
1285 1463 1358 1521 de
1404 1461 1625 1537 quibus
1680 1462 1803 1522 vid.
1856 1462 2053 1521 Schol.
2109 1461 2183 1520 ad
2230 1462 2429 1537 Apoll.
2489 1463 2677 1522 Rhod.
2725 1463 2829 1540 III,

500 1551 651 1623 200,
700 1548 911 1608 Circen
953 1549 1175 1607 Aeetae
1218 1551 1398 1623 atque
1430 1547 1689 1606 Hecatae
1735 1548 1917 1605 filiam
1959 1548 2164 1623 itaque
2195 1547 2353 1606 Solis
2396 1551 2638 1623 neptem
2684 1549 2828 1608 fece·

498 1637 657 1691 runt.
733 1634 943 1709 Neque
997 1634 1314 1709 quicquam
1372 1632 1696 1708 lucramur,
1766 1633 1815 1691 si
1877 1632 2000 1690 vice
2058 1650 2227 1691 versa
2290 1653 2332 1707 μ
2378 1632 2704 1690 127—141
2762 1654 2831 1693 ex

501 1717 701 1778 Circes
747 1719 1017 1777 oratione
1061 1717 1371 1791 tollamus,
1419 1718 1638 1793 quippe
1684 1717 1851 1776 cuius
1896 1717 2317 1775 admonitionis
2362 1736 2593 1775 summa
2638 1719 2757 1777 iam
2798 1740 2831 1778 a

500 1803 728 1862 Tiresia
784 1805 815 1860 λ
865 1804 1198 1861 104-114
1265 1806 1327 1861 et
1379 1802 1590 1861 iisdem
1645 1803 1868 1877 partim
1925 1802 2200 1861 versibus
2256 1803 2287 1858 λ
2353 1803 2706 1860 110-114
2755 1833 2829 1852 --

497 1910 540 1963 μ
589 1889 920 1946 137-141
970 1890 1051 1948 sit
1093 1887 1497 1963 pronuntiata.
1586 1886 1772 1946 Poeta
1816 1888 1975 1945 enim
2020 1888 2071 1946 si
2115 1888 2512 1963 periculorum
2558 1889 2832 1948 redeunti

501 1972 663 2032 Ulixi
719 1973 1158 2033 imminentium
1229 1974 1458 2048 partem
1519 1969 1754 2047 Circae,
1812 1974 2042 2047 partem
2102 1970 2364 2031 Tiresiae
2420 1974 2832 2049 exponendam

499 2058 637 2116 dare
683 2058 887 2133 itaque
931 2057 1216 2117 edocendi
1273 2056 1466 2117 herois
1511 2056 1880 2131 provinciam
1925 2057 2081 2116 inter
2123 2056 2326 2116 ambas
2370 2057 2506 2117 illas
2551 2077 2835 2133 personas

497 2142 712 2219 partiri
755 2142 1069 2218 voluisset,
1117 2141 1566 2216 perversissime
1610 2143 1877 2217 profecto
1918 2161 2039 2201 rem
2089 2142 2480 2218 instituisset,
2527 2145 2576 2202 si
2623 2142 2833 2203 Circen

497 2227 738 2303 quidem
787 2226 943 2286 Solis
987 2227 1171 2285 filiam
1217 2228 1288 2285 de
1334 2226 1544 2286 ceteris
1577 2228 1854 2286 omnibus
1886 2227 2189 2287 laboribus
2233 2229 2673 2287 accuratissime
2722 2229 2834 2288 dis·

498 2315 830 2388 serentem,
888 2313 1309 2388 gravissimum
1355 2330 1493 2371 vero
1539 2311 1860 2372 discrimen
1903 2312 1967 2371 in
2024 2311 2213 2387 ipsius
2258 2314 2445 2387 patris
2491 2313 2685 2372 insula
2732 2314 2834 2373 ob·

497 2397 757 2456 eundum
813 2401 918 2455 aut
973 2399 1352 2473 ignorantem
1410 2400 1516 2456 aut
1573 2398 1751 2456 tacite
1798 2396 2056 2456 Tiresiae
2113 2401 2519 2456 reservantem
2574 2397 2834 2461 fecisset.

502 2483 740 2554 Quanto
786 2482 1005 2542 rectius
1052 2486 1181 2542 erat
1223 2501 1543 2558 rerumque
1590 2484 1835 2541 naturae
1880 2482 2402 2559 accommodatius,
2450 2484 2501 2542 si
2532 2482 2699 2543 Circe
2745 2504 2834 2544 so·

499 2568 624 2625 lum
670 2568 819 2627 illud
867 2568 1129 2627 dedisset
1170 2572 1559 2644 praeceptum
1617 2568 1690 2626 ad
1749 2568 1939 2644 patris
1984 2569 2076 2628 sui
2139 2568 2321 2628 boves
2365 2569 2705 2646 pertinens,
2765 2571 2836 2630 de

500 2653 710 2712 ceteris
755 2672 895 2712 vero
941 2654 1119 2711 rebus
1171 2654 1240 2712 in·
1289 2653 1486 2712 reditu
1543 2653 1931 2713 observandis
1988 2653 2215 2713 scilicet
2268 2654 2383 2713 sibi
2440 2654 2551 2730 ipsi
2610 2654 2835 2731 ignotis

500 2736 736 2797 Ulixem
782 2738 855 2795 ad
903 2737 1192 2798 Tiresiam
1248 2738 1490 2814 eiusque
1536 2738 1820 2798 vaticinia
1863 2737 2214 2816 ablegasset.
2290 2740 2465 2799 Nunc
2510 2758 2648 2799 vero
2696 2760 2835 2801 con-

499 2823 682 2880 traria
724 2825 787 2880 et
832 2827 1216 2898 praepostera
1262 2827 1403 2883 sunt
1434 2824 1656 2882 omnia.
1732 2822 1900 2883 Circe
1945 2825 2132 2898 enim,
2181 2827 2501 2900 postquam
2546 2845 2673 2884 eam
2708 2826 2833 2886 Uli-

498 2926 627 2982 xeS,
675 2910 744 2964 ut
788 2926 915 2966 sese
967 2907 1264 2984 dimittat,
1322 2909 1589 2984 rogavit,
1649 2909 1906 2985 primum
1963 2910 2203 2983 quidem
2258 2908 2318 2966 id
2376 2928 2495 2968 non
2548 2910 2715 2986 prius
2774 2933 2835 2971 se

501 2992 790 3050 facturam
856 3011 982 3051 esse
1028 2993 1203 3068 dicit,
1263 3012 1451 3069 usque
1517 2993 1660 3051 dum
1730 2993 1830 3053 ille
1894 3012 2027 3052 cum
2095 2993 2266 3052 sociis
2321 2995 2717 3054 necessarium
2776 2997 2836 3054 in

502 3076 640 3136 Orci
686 3077 928 3135 domum
971 3078 1088 3137 iter
1130 3077 1472 3154 perfecerit,
1530 3082 1600 3137 ut
1644 3078 1905 3137 Tiresiae
1949 3078 2205 3136 animam
2253 3079 2524 3138 consulat
2552 3112 2632 3120 ——
2664 3088 2837 3162 ψυχῇ

501 3155 900 3239 χρησομένους
951 3160 1224 3239 Θηβαίου
1277 3160 1580 3240 Τειρεσίαο
1623 3184 1659 3221 κ
1706 3164 1829 3221 492
1859 3189 1941 3211 =
1975 3162 2098 3222 565
2149 3187 2259 3240 -3
2307 3164 2381 3222 de
2427 3182 2546 3239 qua
2585 3184 2729 3224 vero
2778 3186 2839 3224 re

502 3247 898 3306 consulendus
944 3248 1024 3307 sit
1065 3247 1388 3308 Thebanus
1433 3251 1627 3322 vates,
1675 3248 1922 3307 alterius
1968 3248 2258 3307 orationis
2287 3249 2403 3308 fine
2447 3248 2590 3311 ibid.
2626 3249 2834 3310 538-

503 3330 629 3391 540
672 3335 794 3390 tam
840 3332 997 3390 clare
1042 3334 1320 3409 exponit,
1380 3336 1450 3391 ut
1490 3333 1659 3392 nulla
1702 3332 1957 3408 relinqui
2013 3334 2288 3395 videatur
2341 3334 2652 3394 dubitandi
2712 3356 2837 3395 ma-

502 3417 671 3476 teria.
745 3416 858 3475 Illa
901 3417 1061 3475 enim
1105 3449 1190 3460 —

757 3555 911 3617 ἔνθα
957 3579 1044 3618 τοι
1087 3555 1302 3619 αὐτίκα
1345 3559 1558 3638 μάντις
1609 3557 1927 3637 ἐλεύσεται,
1971 3557 2189 3639 ὄρχαμε
2233 3564 2432 3639 λαῶν,

754 3640 824 3715 ὅς
869 3640 976 3704 κέν
1019 3664 1107 3703 τοι
1150 3643 1393 3727 εἴπῃσιν
1433 3642 1618 3707 ὁδὸν
1659 3644 1761 3705 καὶ
1799 3642 2027 3724 μέτρα
2071 3644 2446 3706 κελεύθου

756 3726 1029 3789 νόστον
1069 3723 1169 3808 θ’,
1214 3725 1306 3802 ὥς
1353 3725 1472 3792 ἐπὶ
1513 3727 1793 3791 πόντον
1836 3727 2176 3791 ἐλεύσεαι
2219 3730 2623 3808 ἰχθυόεντα
2674 3767 2747 3775 —-

499 3875 606 3951 qui
649 3876 1000 3953 perlegerit,
1057 3876 1201 3952 quid
1245 3877 1486 3937 tandem
1532 3876 1695 3936 aliud
1741 3878 2173 3953 exspectaverit
2223 3899 2261 3938 a
2317 3879 2547 3938 Tiresia
2601 3879 2837 3953 exposi-

503 3963 633 4019 tum
677 3962 781 4037 iri,
839 3962 986 4035 nisi,
1048 3980 1436 4036 quaecunque
1492 3961 1655 4021 Ulixi
1712 3983 1746 4020 a
1789 3962 1956 4022 Circe
2015 3963 2280 4038 profecto
2337 3967 2399 4023 et
2453 3963 2726 4023 facienda
2777 3966 2840 4022 et

508 4045 753 4105 vitanda
797 4046 946 4122 sint,
994 4050 1064 4104 ut
1107 4047 1424 4106 incolumis
1471 4048 1532 4105 in
1578 4049 1834 4122 patriam
1862 4048 2205 4123 perveniat,
2254 4050 2482 4124 omnia,
2529 4051 2840 4126 praeterea

502 4149 706 4275 ἶοτῶο
712 4130 904 4190 nihil?
991 4131 1117 4191 Nec
1179 4130 1343 4191 aliud
1397 4132 1717 4208 quicquam
1784 4132 2043 4193 indicere
2096 4133 2335 4194 videtur
2390 4135 2516 4210 ipse
2575 4133 2837 4192 Tiresias

735 4234 825 4291 sq.

753 4346 1027 4409 νόστον
1070 4349 1269 4428 δίζηαι
1309 4347 1620 4429 μελιηδέα,
1665 4345 1906 4427 φαίδιμ’
1950 4347 2271 4413 Ὀδυσσεῦ·

754 4429 864 4493 τὸν
905 4431 973 4494 δέ
1017 4455 1104 4495 τοι
1147 4431 1521 4515 ἀργαλέον
1561 4431 1742 4514 θήσει
1784 4433 1961 4508 θεός·
2006 4433 2081 4497 οὐ
2124 4434 2237 4517 γὰρ
2280 4432 2386 4497 ὀίω
