3132 5129
1528 1196 1740 1282 XIV.

1068 1368 1589 1440 Emendatienes
1629 1368 2119 1459 Apellenianae
2135 1362 2210 1465 ¹).

411 1539 444 1586 3
644 1525 1008 1583 Litterarum
1035 1517 1425 1583 'Graecarum
1483 1523 1771 1582 historiae
1831 1542 1966 1598 pars
2032 1523 2388 1599 gravissima
2444 1542 2808 1598 quamquam

474 1609 653 1669 taedii
698 1610 793 1667 hic
837 1609 959 1668 illic
1004 1609 1181 1684 plena
1223 1627 1344 1667 non
1390 1608 1601 1667 dubito
1646 1608 1791 1683 quin
1834 1610 2109 1667 accurata
2137 1608 2336 1683 epicae
2369 1626 2613 1682 poeseos
2643 1627 2810 1666 enar·

471 1695 703 1753 ratione
759 1694 1146 1752 contineatur.
1236 1694 1421 1768 Epica
1475 1694 1632 1752 enim
1690 1694 1916 1768 poesia,
1977 1713 2043 1751 ex
2104 1713 2249 1768 qua,
2315 1697 2386 1751 ut
2446 1711 2517 1751 ex
2577 1691 2810 1751 Oceano

472 1778 794 1838 secundum
863 1777 1187 1836 Homerum
1253 1796 1456 1836 omnes
1522 1778 1690 1835 fluvii
1753 1778 2015 1853 rivique,
2082 1783 2276 1836 cetera
2342 1778 2561 1853 ligatae
2628 1779 2809 1851 atque

470 1863 763 1939 pedestris
805 1863 1090 1922 orationis
1135 1881 1353 1937 genera
1398 1862 1658 1920 derivari
1703 1864 1765 1920 et
1808 1865 2059 1937 possunt
2100 1864 2163 1920 et
2205 1881 2342 1921 vero
2389 1861 2625 1935 debent,
2672 1862 2811 1919 inde

474 1967 512 2007 a
557 1948 769 2023 primis
799 1947 1009 2006 Graeci
1052 1947 1312 2005 nominis
1358 1947 1734 2005 incunabulis
1780 1965 1967 2021 usque
2012 1947 2086 2005 ad
2133 1947 2471 2022 ingruentis
2514 1947 2809 2005 barbariei

473 2033 753 2091 tenebras
796 2051 907 2106 per
949 2032 1204 2091 sedecim
1250 2032 1373 2089 fere
1417 2031 1786 2090 saeculorum
1835 2032 2089 2106 spatium
2147 2050 2319 2089 cursu
2373 2032 2628 2089 multum
2681 2032 2808 2105 qui-

474 2115 607 2175 dem
651 2116 883 2176 variato
929 2134 1051 2175 non
1094 2116 1433 2191 interrupto
1479 2119 1680 2173 tamen
1726 2116 1985 2174 devenit.
2066 2116 2302 2190 Quippe
2344 2136 2493 2190 eam,
2540 2120 2609 2174 ut
2638 2114 2812 2173 initia

473 2205 791 2275 taceamus,
838 2203 976 2276 post
1017 2203 1274 2259 aetatem
1306 2199 1701 2275 Homericam,
1751 2219 1903 2275 quae
1949 2219 2126 2275 opera
2169 2200 2274 2258 illa
2316 2200 2458 2258 tulit
2491 2219 2598 2275 per
2627 2204 2811 2258 aeter-

472 2305 610 2344 nam
668 2287 862 2344 omnis
907 2285 1276 2356 posteritatis
1320 2287 1666 2343 memoriam
1724 2284 2087 2358 admiranda,
2148 2284 2357 2343 iisdem
2411 2284 2535 2342 sere
2591 2284 2810 2342 finibus

475 2373 821 2430 contentam
851 2373 1337 2446 propagaverunt
1360 2367 1604 2444 Cyclici,
1637 2388 1771 2427 cum
1803 2369 1982 2428 variis
2013 2369 2334 2444 lyricorum
2367 2367 2808 2442 blandimentiS,

476 2456 693 2531 quibus
738 2455 843 2513 illa
885 2458 1048 2513 aetas
1093 2454 1345 2511 maxime
1392 2453 1825 2527 delectabatur,
1871 2472 1991 2512 non
2035 2472 2279 2528 prorsus
2325 2453 2645 2512 infeliciter
2688 2472 2811 2512 cer-

474 2543 700 2615 tantes3
748 2538 1034 2598 mutando
1081 2542 1509 2598 conservarunt
1537 2538 1599 2596 in
1631 2556 1861 2598 summo
1894 2538 2250 2597 dramaticae
2282 2537 2424 2597 flore
2455 2541 2806 2597 ceterarum-

475 2644 589 2700 que
644 2624 1116 2699 disciplinarum,
1187 2642 1336 2698 quae
1396 2641 1574 2698 prosa
1631 2623 1899 2682 oratione
1962 2623 2361 2698 explicantur,
2427 2624 2812 2682 incrementis

478 2709 748 2768 sollertia
791 2708 1162 2784 singulorum
1207 2708 1579 2782 quorundam
1625 2710 1942 2782 poetarum
1985 2708 2253 2782 ingenia3
2300 2709 2472 2766 novis
2504 2708 2811 2782 doctisque

476 2794 743 2852 materiis
787 2792 1223 2867 adaptaverunt
1265 2811 1463 2849 rerum
1510 2793 1888 2867 antiquarum
1933 2791 2089 2849 haud
2136 2792 2509 2851 immemores
2556 2792 2809 2851 Alexan-

475 2878 628 2936 drini
689 2880 750 2936 et
801 2878 904 2951 qui
951 2896 1048 2934 eos
1092 2877 1278 2935 secuti
1337 2878 1478 2934 sunt
1533 2877 1933 2935 Romanorum
1988 2881 2321 2952 temporum
2376 2880 2618 2952 poetae3
2674 2878 2808 2934 reli-

473 2962 753 3038 gionibus
799 2962 922 3020 suis
952 2960 1326 3020 vindicandis
1359 2961 1761 3020 adhibuerunt
1787 2980 1910 3020 non
1941 2962 2068 3020 sine
2099 2962 2373 3020 dictionis
2402 2980 2808 3020 numerorum·

474 3065 587 3121 que
648 3046 1008 3104 detrimento
1063 3045 1320 3103 labentis
1367 3045 1706 3121 Paganismi
1763 3050 1827 3104 et
1881 3046 2182 3122 surgentis
2240 3045 2680 3104 Christianismi
2730 3079 2804 3087 -

474 3131 554 3189 sit
596 3130 692 3189 bic
734 3132 908 3190 venia
935 3129 1026 3189 his
1069 3130 1267 3188 verbis
1301 3162 1376 3170 --
1409 3133 1916 3206 propugnatores;
1962 3133 2447 3189 restauraverunt
2477 3131 2806 3202 novissimi,

477 3234 628 3289 quos
659 3213 872 3274 Graiae
898 3213 1208 3288 Camenae,
1235 3216 1554 3289 antequam
1586 3216 2078 3288 obmutescerent,
2112 3215 2573 3289 inspiraverunt,
2602 3218 2812 3290 poetae

477 3301 730 3370 Quintus
786 3304 848 3357 et
891 3300 1172 3373 NonnuS,
1232 3299 1386 3356 haud
1443 3299 1598 3358 male
1642 3302 1713 3357 ut
1766 3299 1885 3358 illis
1942 3300 2307 3373 temporibus
2362 3302 2642 3375 uterque,
2705 3299 2809 3357 sed

474 3403 580 3459 pro
628 3403 733 3442 suo
780 3385 1032 3459 quisque
1076 3384 1316 3459 ingenio
1361 3384 1593 3442 ratione
1640 3402 1878 3458 prorsus
1923 3383 2175 3442 diversa.

645 3468 764 3526 Sed
823 3468 894 3526 de
952 3468 1044 3525 his
1097 3469 1336 3542 quidem
1396 3473 1534 3542 post
1587 3469 1787 3545 magni
1831 3468 2162 3526 Hermanni
2209 3466 2470 3543 Orphica
2528 3487 2661 3527 cum
2707 3470 2809 3526 alii

475 3554 713 3629 egregie
759 3553 1214 3627 disputaverunt
1256 3552 1414 3609 haud
1458 3554 1661 3628 pauci,
1708 3557 1838 3610 tum
1882 3571 1992 3628 ego
2035 3572 2225 3627 nuper
2267 3554 2328 3610 in
2371 3554 2811 3629 prolegomenis

473 3643 535 3696 et
581 3638 801 3708 Quinto
847 3641 909 3695 et
955 3636 1296 3695 Manethoni
1342 3637 1679 3712 praemissis
1736 3638 2020 3712 quaedam
2067 3637 2260 3696 attuli.
2346 3635 2512 3695 Inter
2558 3639 2812 3696 Alexan-

475 3722 678 3781 drinos
723 3740 863 3781 vero
908 3721 1111 3780 nullus
1155 3721 1257 3796 qui
1303 3723 1634 3780 accuratius
1678 3726 2065 3798 pernoscatur
2097 3722 2333 3796 dignior
2363 3726 2455 3779 est
2485 3723 2809 3798 Apollonio

473 3805 740 3882 Rhodi03
785 3823 907 3864 non
952 3806 1142 3864 solum
1190 3810 1535 3880 propterea,
1583 3806 1740 3880 quod
1789 3826 1858 3866 ex
1904 3809 2072 3865 tanto
2118 3810 2425 3881 poetarum
2473 3807 2806 3882 deperdito-

473 3911 609 3950 rum
665 3909 911 3950 numero
970 3909 1124 3948 unus
1179 3894 1300 3962 est,
1359 3892 1524 3949 cuius
1584 3909 1816 3950 carmen
1874 3892 2178 3965 integrum
2231 3890 2306 3948 ad
2351 3909 2461 3948 nos
2505 3892 2800 3967 pervenit,

476 3977 575 4034 sed
623 3977 799 4036 etiam
847 3975 1005 4049 quod
1052 3975 1101 4031 is
1147 3976 1292 4049 iam,
1342 3979 1409 4033 ut
1451 3979 1661 4049 postea
1707 3975 1981 4049 QuintuS,
2029 3975 2358 4049 periculum
2403 3975 2548 4035 fecit
2592 3976 2808 4038 Home·

474 4063 657 4119 ricam
713 4061 919 4136 poesin
975 4059 1172 4118 sobrie
1234 4062 1619 4136 temperatam
1664 4079 1905 4119 suorum
1950 4060 2282 4134 aequalium
2329 4061 2542 4120 studiis
2585 4079 2807 4119 accom-

609 4224 660 4290 1)
703 4223 808 4292 [Ad
854 4221 1189 4275 audiendam
1228 4222 1538 4277 orationem
1569 4239 1735 4292 quam
1767 4225 2106 4277 Graecarum
2137 4225 2197 4275 et
2229 4222 2550 4277 Latinarum
2593 4224 2810 4278 littera-

473 4309 594 4343 rum
635 4290 966 4370 professoris
1013 4291 1131 4343 ord.
1179 4308 1380 4343 munus
1427 4291 1485 4342 in
1532 4293 1682 4370 alma
1729 4293 1874 4345 univ.
1929 4291 2113 4368 Turio:
2160 4291 2266 4343 rite
2320 4292 2711 4368 auspicaturus
2756 4292 2810 4344 d.

474 4358 686 4480 ὲέἐίιιιιὶιὲ
714 4359 942 4478 ξῖιίιωῗ.
966 4357 1280 4494 ἕῦΚίῗῗΟΙι.
1320 4359 1386 4412 Η.
1422 4358 1517 4415 ΧΙ.
1571 4377 1628 4412 m
1674 4360 1805 4413 aula
1858 4359 2181 4414 academica
2225 4358 2460 4413 habebit
2506 4362 2803 4414 observan-
