3132 5129
1408 375 1873 438 —276—

779 524 1027 610 ἐσχατιῇ
1068 526 1220 608 πρὸς
1267 524 1547 607 Νυκτός,
1594 525 1680 588 ἵν’
1723 519 2065 604 Ἑσπερίδες
2109 529 2468 610 λιγύφωνοι,

475 615 576 688 qui
639 616 707 671 ut
751 633 932 690 supra
977 616 1355 690 importunus
1400 617 1516 675 fuit
1558 617 1644 675 ita
1688 617 1783 676 hic
1826 636 1948 677 non
1992 619 2184 677 solum
2230 618 2532 694 strophica
2573 637 2813 695 compo·

474 700 687 756 sitione
748 700 852 758 sed
899 701 1077 759 etiam
1123 720 1330 760 sensus
1375 703 1727 761 necessitate
1771 703 2110 777 requiritur.
2198 704 2395 762 Unum
2439 704 2815 764 admonuisse

473 783 699 857 placet:
759 786 1259 859 quemadmodum
1317 788 1529 846 300—
1551 788 1674 846 305
1730 787 1878 846 duos
1923 788 2225 847 terniones
2267 788 2672 864 agglutinatus
2726 790 2815 848 in·

476 869 763 943 venimus,
811 871 896 928 ita
942 872 1122 928 etiam
1155 871 1394 930 illarum
1427 872 1833 946 quinariarum
1866 874 2246 948 stropharum
2278 874 2460 932 tertia
2497 874 2813 948 adsumpto

470 956 573 1010 aut
617 954 738 1012 307
769 959 874 1012 aut
904 956 1046 1030 312,
1096 960 1309 1030 quarta
1353 956 1671 1015 coniuncto
1707 958 1850 1032 318,
1898 962 2064 1015 sexta
2107 960 2353 1016 retentis
2399 960 2629 1034 32sssq.
2663 959 2811 1018 totis

471 1038 532 1094 in
591 1038 757 1096 binas
814 1041 1192 1098 ternarias
1237 1042 1487 1116 dispesci
1532 1045 1826 1117 possunt,
1885 1042 2040 1101 unde
2086 1041 2241 1101 haud
2287 1044 2409 1102 scio
2452 1062 2527 1101 an
2576 1043 2808 1102 conclu·

471 1120 730 1180 dendum
774 1125 855 1182 sit
898 1123 991 1183 his
1032 1126 1556 1201 interpolatoribus
1593 1145 1710 1202 quo
1726 1146 1842 1202 que
1873 1127 2102 1203 aliquid
2132 1128 2386 1187 subinde
2416 1127 2488 1186 de
2514 1128 2814 1202 strophica

467 1205 599 1282 lege
643 1207 998 1269 suboluisse.

639 1290 1010 1360 Quattuor
1031 1296 1431 1354 terniones
1455 1297 1808 1355 869-871.
1834 1297 2191 1356 872-874.
2218 1298 2572 1356 875-877,
2602 1298 2809 1357 878-
2871 1321 2880 1327 ·

469 1375 595 1435 880
638 1377 906 1438 efficiunt
961 1381 1063 1455 qui
1108 1379 1286 1439 modo
1330 1381 1495 1439 allati
1542 1383 1688 1438 sunt
1733 1380 1805 1440 de
1848 1382 2045 1441 ventis
2091 1382 2359 1458 Typhoei
2403 1381 2542 1440 filiis
2588 1402 2807 1458 versus,

469 1461 531 1516 in
574 1462 794 1535 quibus
838 1464 989 1523 nihil
1033 1464 1367 1523 tollendum
1428 1465 1582 1540 fuit,
1646 1465 1749 1523 sed
1804 1466 1977 1541 plura
2032 1466 2425 1525 emendanda.
2485 1469 2636 1542 873,
2692 1486 2809 1543 quo

467 1563 642 1604 versu
698 1550 888 1607 omnis
943 1550 1411 1625 perniciosorum
1474 1553 1804 1609 ventorum
1861 1556 2077 1610 natura
2133 1512 2682 1628 comprehenditur,
2740 1550 2811 1608 οἳ

467 1623 523 1683 δ’
581 1625 778 1690 ἄλλοι
828 1640 1148 1709 μαψαῦραι
1204 1653 1339 1693 cum
1399 1634 1812 1693 Schoemanno
1874 1633 2153 1711 [Opuscc.
2213 1637 2272 1694 II
2332 1656 2391 1711 p.
2440 1632 2621 1715 363];
2685 1638 2809 1695 875

464 1710 665 1818 ἄλλῃ
697 1711 852 1773 ὅῖεισι
898 1737 967 1777 ex
1012 1719 1431 1821 Etymologico
1467 1720 1685 1795 Magno
1738 1718 1822 1796 [p.
1850 1722 1950 1795 22,
1990 1715 2097 1799 14]
2149 1717 2480 1798 (Muetzell.
2527 1742 2585 1818 p.
2619 1717 2806 1800 496);

466 1802 588 1861 878
634 1796 851 1859 ἄλλαι
896 1791 956 1858 δ’
1014 1792 1094 1864 αὖ
1159 1824 1230 1862 ex
1296 1805 1662 1878 optimorum
1726 1804 2017 1863 librorum
2073 1807 2375 1882 vestigiis,
2444 1808 2547 1881 qui
2611 1804 2677 1862 αἳ
2739 1800 2802 1862 δ’

464 1907 542 1943 av
587 1889 822 1946 tantum
866 1888 1089 1949 habent
1134 1889 1351 1948 omisso
1397 1887 1550 1964 καί,
1596 1888 1756 1964 quod
1801 1888 1897 1948 hic
1941 1888 2183 1965 quidem
2227 1892 2290 1950 in
2333 1890 2624 1966 bipartita
2667 1909 2807 1950 ven-

465 1975 666 2031 torum
712 1972 1108 2049 descriptione
1153 1992 1273 2033 non
1319 1974 1464 2033 satis
1514 1974 1790 2049 quadrat.

630 2057 940 2117 Postremo
996 2060 1071 2118 ad
1124 2059 1234 2117 hoc
1276 2058 1725 2134 genealogicum
1779 2077 1967 2134 genus
2022 2060 2328 2134 pertinent
2377 2080 2529 2135 quae
2573 2060 2711 2119 inde
2769 2080 2805 2118 a

464 2163 519 2201 v.
568 2143 692 2202 930
738 2161 923 2217 usque
967 2145 1042 2202 ad
1086 2145 1264 2202 finem
1327 2143 1555 2201 adiecta
1611 2143 1896 2218 leguntur
1950 2144 2382 2220 fragmenta
2438 2144 2804 2204 diversis-

464 2226 648 2286 sima
693 2227 1179 2326 undecunque
1239 2228 1564 2286 collecta
1621 2232 1694 2285 et
1748 2246 2079 2288 corrasa.
2159 2228 2322 2300 Quae
2377 2229 2495 2287 iam
2552 2229 2802 2288 Alexan-

461 2312 650 2371 drinis
694 2313 919 2372 criticis
964 2315 1291 2389 suspiciosa
1346 2313 1527 2371 fuisse
1586 2332 1656 2371 ex
1718 2331 1875 2387 una,
1934 2332 2085 2388 quae
2138 2320 2438 2389 superest,
2498 2315 2806 2373 notatione

460 2399 627 2472 patet
669 2397 966 2490 adscripta
1009 2399 1084 2457 ad
1140 2418 1196 2457 v.
1246 2398 1397 2455 943:
1458 2387 1825 2455 ἆθετοῦνται
1893 2394 2104 2471 ἐφεξῆς
2161 2397 2346 2474 στίχοι
2407 2393 2606 2456 ἐννέα·
2665 2416 2803 2469 τους

456 2501 574 2557 γαρ
621 2476 680 2552 ἐξ
724 2472 1078 2556 ἀμφοτέρων
1119 2485 1295 2540 θεαῖν
1336 2481 1712 2558 γενεαλογεῖν
1756 2470 1919 2562 αὐτῷ
1978 2474 2321 2558 πρόκειται,
2378 2502 2527 2558 quae
2570 2484 2802 2542 notatio

461 2566 706 2625 mirifice
762 2567 1092 2627 ludificavit
1148 2568 1505 2627 recentiores
1565 2585 1798 2642 omneS,
1858 2585 1990 2625 cum
2051 2587 2147 2628 res
2208 2569 2647 2666 simplicissima
2702 2570 2801 2631 sit.

462 2652 764 2727 Antiquus
810 2651 912 2711 ille
944 2670 1075 2711 cum
1109 2653 1267 2711 infra
1297 2652 1633 2710 965—968
1665 2654 1942 2710 natorum
1997 2670 2071 2710 ex
2103 2652 2325 2713 deabus
2370 2656 2431 2712 et
2472 2654 2617 2712 viris
2647 2672 2802 2712 mor-

461 2736 682 2793 talibus
727 2739 790 2793 et
834 2742 1135 2810 postremo
1173 2738 1333 2797 1019
1372 2755 1504 2812 sqq.
1556 2754 1627 2795 ex
1657 2735 1771 2795 diis
1818 2739 1881 2794 et
1926 2736 2164 2796 feminis
2210 2737 2562 2796 mortalibus
2592 2737 2801 2796 inferri

458 2819 713 2879 indicem
760 2820 1017 2896 videret,
1064 2822 1389 2881 rectissime
1433 2820 1574 2879 inde
1608 2820 1897 2879 conclusit
1948 2821 2045 2896 agi
2092 2825 2266 2881 antea
2310 2822 2382 2881 de
2427 2822 2499 2880 iis
2544 2826 2799 2898 tantum,

458 2923 713 2978 quorum
758 2906 969 2965 ambo
1014 2909 1290 2980 parentes
1336 2905 1418 2963 dii
1477 2908 1696 2964 essent.
1774 2905 1872 2964 Ita
1929 2923 2073 2964 vero
2119 2925 2321 2965 omnes
2365 2925 2605 2982 versus,
2651 2925 2801 2983 quos

458 2988 636 3046 hodie
683 2990 1018 3049 940—955
1066 2990 1384 3065 habemuS,
1431 2989 1544 3048 huc
1592 3007 1715 3048 non
1761 2990 2067 3065 pertinere
2110 2994 2301 3066 patet:
2363 3009 2500 3049 nam
2543 3009 2653 3050 nec
2697 2990 2802 3050 Se-

459 3075 610 3132 mele
655 3092 763 3133 nec
807 3075 1091 3134 Alcmene
1135 3093 1244 3134 nec
1276 3035 1542 3133 Ariadne
1577 3074 1722 3132 deae
1768 3075 2045 3150 fuerunt,
2094 3094 2452 3151 quamquam
2496 3075 2556 3134 id
2602 3077 2801 3170 ipsum

459 3158 531 3216 de
579 3159 809 3217 Semele
854 3163 1012 3219 certe
1056 3160 1382 3256 praedicari
1439 3159 1659 3234 voluit,
1717 3159 1819 3234 qui
1863 3120 2132 3236 ineptiim
2177 3179 2413 3219 versum
2461 3161 2581 3218 942
2625 3147 2795 3216 α’θοὲ-

460 3261 644 3300 νατον
688 3236 918 3319 θνητή,
966 3250 1085 3301 νῦν
1128 3236 1185 3301 δ’
1246 3233 1671 3319 ἀμφότεροι
1716 3241 1894 3301 θεοί
1934 3240 2083 3300 εἰσιν
2126 3244 2372 3317 adiecit,
2419 3263 2528 3303 nec
2571 3244 2799 3303 Baccho

459 3331 564 3385 aut
608 3328 846 3387 Herculi
892 3329 986 3388 hic
1047 3329 1210 3388 locus
1271 3329 1389 3386 fuit
1446 3346 1555 3386 nec
1610 3328 1757 3387 adeo
1815 3327 2082 3387 Volcano
2139 3346 2272 3387 cum
2332 3327 2539 3387 Gratia
2594 3331 2798 3388 sterile

457 3413 903 3472 matrimonium
945 3414 1198 3472 ineunti.
1277 3413 1487 3487 Itaque
1519 3415 1624 3469 aut
1654 3412 2043 3471 novenarium
2072 3413 2278 3472 scholii
2323 3433 2638 3473 numerum
2669 3433 2795 3473 cor-

458 3499 701 3571 ruptum
749 3516 879 3559 esse
909 3498 1291 3558 statuendum
1334 3502 1426 3557 est
1468 3501 1575 3555 aut
1604 3498 1907 3571 criticum,
1954 3498 2286 3573 quicunque
2333 3499 2478 3574 fuit,
2523 3498 2632 3558 hos
2665 3503 2795 3558 tan-

355 3589 421 3638 29
454 3584 582 3639 tum
626 3601 839 3641 novem
887 3602 1093 3643 versus
1157 3583 1430 3641 habuisse
1478 3582 1602 3640 940
1645 3601 1732 3657 sq.
1804 3583 2167 3657 943—949,
2232 3583 2453 3659 quibus
2488 3597 2616 3642 'cur
2670 3585 2790 3642 942

457 3668 847 3742 interpositus
892 3668 1076 3726 fuerit
1121 3668 1239 3725 iam
1282 3666 1573 3739 indicavi,
1630 3667 1732 3740 qui
1776 3669 1908 3726 tum
1952 3666 2165 3725 adiecti
2209 3666 2494 3743 leguntur
2538 3668 2611 3727 de
2642 3668 2791 3726 Her-

457 3751 607 3810 culis
651 3755 715 3810 et
759 3751 956 3810 Hebes
1003 3752 1230 3827 nuptiis
1278 3752 1614 3811 950—955
1658 3769 1904 3827 prorsus
1949 3751 2100 3809 alius
2145 3755 2285 3810 sunt
2328 3752 2566 3811 indolis.

627 3836 714 3894 De
759 3839 886 3895 tota
930 3838 1119 3914 igitur
1160 3836 1267 3894 hac
1295 3839 1599 3912 postrema
1626 3839 1796 3911 parte
1841 3835 1990 3894 nihil
2035 3835 2129 3894 hic
2173 3836 2403 3896 adicere
2448 3837 2645 3911 placet
2675 3838 2789 3896 nisi

456 3922 566 3980 hoc
612 3941 823 3996 unum,
870 3922 966 3980 vel
1011 3922 1073 3979 in
1118 3920 1212 3979 his
1255 3922 1437 3980 variis
1470 3920 1791 3996 mixtisque
1838 3921 2215 3995 fragmentis,
2262 3921 2520 3996 qualia
2564 3922 2789 3982 hodie

456 4006 769 4082 leguntu
790 4025 844 4081 r,
902 4006 1265 4081 strophicam
1326 4006 1520 4081 legem
1581 4006 1801 4080 ubique
1845 4023 2158 4080 apparere,
2220 4008 2288 4064 ut
2342 4007 2406 4064 in
2466 4025 2531 4064 re
2585 4010 2791 4082 aperta

454 4109 732 4150 numeros
800 4091 1181 4166 adscripsisse
1247 4090 1505 4149 sufficiat
1559 4089 1683 4148 fere
1749 4090 1823 4148 ab
1882 4089 2223 4149 Hermanno
2279 4090 2400 4148 iam
2461 4090 2785 4149 indicatos:

458 4176 839 4235 terniones
871 4177 1158 4236 habemus
1187 4175 1365 4235 solito
1395 4194 1559 4235 more
1588 4175 1652 4233 in
1684 4175 2082 4250 quinarias
2128 4174 2402 4249 strophas
2446 4179 2553 4234 aut
2580 4175 2790 4250 ampli-

453 4258 659 4318 ficatos
690 4263 793 4318 aut
824 4261 1267 4336 amplificandos
1298 4262 1438 4320 hos:
1487 4260 1823 4319 940--942
1855 4263 1917 4318 et
1947 4260 2299 4335 940—944,
2348 4261 2683 4320 947—949
2729 4263 2791 4318 et

455 4344 806 4418 945—949,
855 4347 981 4406 950
1009 4365 1098 4421 sq.
1146 4365 1277 4405 cum
1325 4347 1446 4404 953
1479 4349 1541 4404 et
1572 4346 1695 4403 950
1725 4363 1816 4420 sq.
1863 4363 1998 4403 cum
2045 4346 2399 4419 953—955,
2448 4347 2778 4404 969—971

454 4430 515 4485 et
559 4430 679 4485 969
713 4447 801 4502 sq.
859 4449 989 4486 cum
1050 4431 1404 4504 972—974‚
1467 4430 1800 4489 992-994
1848 4434 1909 4488 et
1954 4430 2305 4504 992-996,
2373 4431 2787 4490 1000—1002
