3132 5129
1440 336 1733 399 -464
1824 373 1899 383 —

671 492 744 553 V.
791 495 909 552 311
971 506 1078 552 nec
1136 493 1296 570 quod
1349 494 1532 570 vulgo
1588 493 1809 587 legitur
1865 490 1940 567 δή
2006 488 2132 550 τότε
2180 488 2513 570 Λείανδρός
2555 513 2686 571 περ
2731 514 2843 554 nec

501 562 661 652 quod
709 578 1024 637 Passovius
1067 599 1139 638 ex
1187 578 1412 637 Veneto
1457 578 1666 638 intulit
1712 568 1783 655 δή
1828 576 1960 635 τότε
2006 575 2131 636 καὶ
2169 577 2501 657 Λειάνδρος
2547 581 2684 637 ferri
2732 599 2834 654 po·

502 667 642 721 test.
701 663 774 722 In
817 657 877 722 P
924 664 1164 723 dubiam
1208 664 1558 739 particulam
1608 664 1884 722 omissam
1932 664 2219 723 vidimus.
2267 665 2485 740 quippe
2532 665 2706 723 initio
2739 684 2841 722 ex-

501 748 677 823 cidit,
720 750 1153 824 scripseratque
1202 749 1477 807 Musaeus
1521 745 1648 805 καὶ
1694 742 1819 804 τότε
1863 743 1939 824 δὴ
1985 746 2339 825 Λείανδρος.

671 833 786 893 Sed
832 835 949 891 iam
994 843 1126 892 cum
1161 834 1400 891 Musaeo
1444 833 1623 891 etiam
1671 834 1818 892 hanc
1866 834 2213 909 disputandi
2261 835 2512 892 formam
2544 834 2838 908 relinqua·

502 938 632 977 mus
677 922 1036 994 ceterasque,
1082 938 1230 994 quas
1273 918 1536 976 addituri
1585 937 1817 993 sumuS,
1863 920 2110 978 varias
2155 916 2535 978 lectiones
2565 924 2837 977 tantum-

500 1003 675 1062 modo
732 1003 1085 1079 simpliciter
1140 1021 1540 1079 proponamus
1600 1003 1766 1077 quasi
1825 1003 2070 1062 theses
2129 1004 2460 1063 sectioni
2517 1004 2839 1061 criticae

500 1088 882 1164 proposituri.
1845 1128 1864 1135 -

556 1230 557 1233 ,
669 1174 775 1249 Ab
820 1173 994 1234 Iove
1037 1174 1499 1248 principium
1544 1172 1731 1247 igitur
1761 1171 2060 1247 faciamus,
2093 1173 2167 1231 ab
2199 1173 2512 1232 Homero
2543 1192 2662 1231 non
2698 1192 2835 1231 vero

501 1259 739 1334 quidem
787 1259 891 1318 sed
936 1264 1250 1334 personato
1296 1259 1400 1316 illo
1440 1257 1685 1331 eiusque
1717 1257 2037 1332 sodalibus,
2086 1277 2337 1333 quorum
2370 1258 2629 1316 carmina
2657 1257 2835 1316 hodie

499 1344 560 1401 in
625 1343 926 1403 codicibus
987 1344 1268 1418 leguntur
1330 1346 1500 1403 vasto
1566 1342 1672 1399 illo
1739 1342 2106 1417 confusoque
2162 1344 2389 1400 unius
2444 1343 2831 1417 Apollinei

502 1429 769 1504 Hymni
824 1447 1070 1504 corpore
1126 1428 1568 1504 comprehensa.
1659 1426 1731 1483 In
1786 1426 1858 1485 iis
1916 1427 2318 1486 discernendis
2378 1432 2516 1502 post
2558 1428 2834 1503 egregios

501 1531 635 1572 cum
677 1514 930 1572 aliorum
976 1518 1104 1571 tum
1151 1515 1401 1572 maxime
1448 1510 2003 1570 Schneidewini
2049 1515 2109 1570 et
2136 1511 2436 1570 Lehrsii
2478 1511 2712 1570 labores
2759 1513 2832 1569 ti-

500 1597 718 1656 midior
771 1599 890 1657 fuit
942 1617 1202 1673 nuperus
1246 1598 1455 1659 editor.
1545 1595 1844 1670 videatis,
1903 1615 2044 1654 num
2091 1597 2236 1654 mihi
2285 1596 2521 1654 illorum
2571 1597 2833 1656 virorum

498 1682 754 1758 vestigia
797 1683 1066 1758 ingresso
1110 1701 1204 1741 res
1248 1683 1458 1742 melius
1503 1682 1766 1739 cesserit.
1831 1679 2234 1740 Continentur
2277 1700 2345 1740 ea
2387 1681 2541 1740 mole
2572 1683 2832 1756 primum

502 1767 776 1826 breviora
820 1768 969 1825 tria
1011 1768 1414 1842 prooemia:

668 1871 887 1911 unum
942 1850 1025 1920 εἰς
1073 1842 1491 1908 Ἀπόλλωνα
1529 1844 1853 1906 ‘'Enatov
1906 1852 2271 1926 v.,1—-13‚·
2310 1851 2412 1909 ubi
2468 1871 2523 1910 v.
2569 1852 2607 1909 8
2668 1843 2836 1919 τόξα

497 1935 945 2012 κατεκρέμασε
991 1956 1060 1995 ex
1102 1939 1152 1993 θ
1197 1938 1294 1995 67.
1345 1937 1465 1996 105
1510 1937 1574 1993 et
1619 1936 1821 2011 hymn.
1868 1936 2043 1994 Hom.
2076 1935 2321 2010 XXVII,
2361 1938 2434 1995 16
2481 1936 2831 2011 certissime,

452 2090 457 2094 ⁶
497 2017 669 2077 κίονα
711 2016 1005 2098 μακρὰν
1035 2019 1254 2079 ἰοῦσα
1284 2020 1517 2080 collatis
1551 2022 1599 2075 θ
1624 2022 1722 2081 66.
1784 2021 1905 2078 473
1937 2019 2326 2096 probabiliter
2356 2020 2676 2096 legendum
2705 2022 2829 2095 est3

668 2108 991 2165 alterum
1036 2105 1116 2175 εἰς
1155 2098 1578 2163 Ἀπόλλωνα
1608 2103 2063 2185 Κιθαρωδόν
2105 2126 2162 2165 v.
2191 2105 2518 2163 182—206
2551 2106 2624 2163 ab
2656 2105 2828 2163 initio

496 2193 699 2268 paucis
746 2192 1011 2251 versibus
1057 2191 1429 2266 mutilatum3

666 2278 976 2336 tertium
1021 2277 1084 2335 in
1126 2276 1485 2335 Latonam
1531 2296 1589 2337 v.
1630 2275 1784 2330 14-
1798 2276 1904 2350 18,

496 2367 626 2421 tum
693 2362 992 2438 longiores
1052 2361 1198 2420 duos
1265 2361 1602 2436 hymnos,
1670 2378 1856 2417 unum
1913 2356 1997 2428 εἰς
2047 2346 2460 2416 Ἀπόλλωνα
2511 2354 2830 2435 Δήλιον,

493 2449 751 2507 alterum
796 2445 879 2516 εἰς
906 2441 1246 2503 Ἀπόλλωνα
1280 2440 1664 2517 Πυθικόν,
1709 2463 1966 2518 quorum
2011 2445 2254 2503 commis
2259 2462 2431 2503 surae
2460 2444 2611 2502 miro
2650 2444 2830 2502 modo

495 2533 778 2592 conflatae
823 2535 885 2591 et
928 2530 1279 2591 commixtae
1324 2533 1482 2590 sunt.

666 2618 890 2676 Prioris
936 2617 1174 2676 initium
1215 2617 1423 2691 periit,
1471 2616 1637 2675 euius
1665 2617 2178 2690 argumentum
2210 2615 2388 2685 facile,
2412 2615 2665 2674 divinari
2697 2616 2828 2690 pot-

499 2706 607 2762 est.
699 2701 882 2760 Poeta
944 2704 1084 2777 post
1143 2702 1385 2759 solitum
1440 2699 1592 2758 illud
1646 2693 2025 2774 μνήσομαι
2082 2693 2256 2757 οὐδὲ
2310 2695 2618 2776 λάθωμα
2638 2720 2659 2756 ι
2714 2703 2830 2759 etc.

497 2806 600 2845 seu
645 2785 840 2865 simile
884 2786 1028 2860 quid
1070 2785 1182 2843 hoc
1226 2785 1345 2843 fere
1376 2786 1550 2844 modo
1584 2783 1785 2842 Delii
1815 2783 2050 2842 laudem
2081 2787 2262 2859 atque
2292 2784 2640 2844 beneficium
2673 2784 2824 2842 cele·

498 2870 670 2928 brare
715 2871 1019 2946 ingressus
1064 2872 1181 2929 est.
1169 2892 1182 2905 ·

391 3035 459 3083 ‘23
670 3048 764 3095 179
870 3031 951 3098 Ὦ
992 3060 1146 3115 ανα,
1193 3033 1291 3095 καὶ
1340 3037 1584 3111 Λυκίην
1624 3035 1725 3096 καὶ
1771 3036 2060 3131 Μῃονίην
2103 3034 2410 3118 ἐρατεινὴν

797 3121 897 3183 καὶ
942 3124 1222 3228 Μίλητον
1266 3119 1447 3200 ἔχεις,
1493 3120 1715 3197 ἔφαλον
1757 3114 1932 3180 πόλιν
1976 3121 2356 3226 ἱμερόεσσαν·

795 3203 974 3281 αὐτὸς
1019 3205 1080 3268 δ’
1128 3198 1209 3268 αὖ
1259 3206 1479 3284 Δήλοιο
1526 3205 1915 3284 περικλύστης
1957 3202 2090 3285 μέγ’
2135 3203 2438 3280 ἀνάσσεις.

794 3289 838 3368 ἢ
880 3316 1017 3374 γαρ
1060 3289 1367 3353 πασάων
1407 3289 1649 3370 μούνη
1693 3286 2094 3364 ἀνεδέξατο
2144 3290 2392 3371 νήσων

794 3376 1068 3459 μητέρα
1114 3378 1281 3478 σήν,
1329 3372 1552 3451 Λητώ
1598 3365 1837 3452 Ζηνὸς
1881 3373 2168 3453 κυδρὴν
2193 3375 2697 3474 παράκοιτιν,

793 3459 1032 3541 ἡνίκα
1078 3456 1136 3522 σ’
1188 3458 1549 3523 ω’δίνουσ’
1598 3457 1737 3519 ἀνα
1784 3459 2022 3533 πάσας
2066 3455 2386 3533 πλάζετο
2431 3459 2712 3535 νήσους

794 3545 1191 3626 λισσομένη
1236 3543 1542 3620 δέξασθ’
1592 3541 1792 3623 υἱόν,
1839 3543 1966 3605 τὸν
2009 3545 2265 3621 ἔμελλε
2314 3543 2696 3618 τεκέσθαι,

793 3631 882 3690 αἴ
915 3631 989 3692 δέ
1033 3633 1105 3692 οἵ
1140 3627 1545 3731 ἠρνήσαντ’
1563 3674 1581 3707 ,
1597 3623 1847 3737 Ἡέπειὴ
1880 3627 2043 3701 δέος
2090 3623 2284 3690 εἷλεν
2326 3626 2648 3707 ἁπάσας,

693 3727 760 3774 30
789 3715 978 3789 οσσας
1024 3716 1229 3797 Κρήτη
1275 3711 1329 3774 τ’
1380 3710 1541 3786 ἐντὸς
1591 3711 1707 3792 ἔχει
1751 3715 1849 3774 καὶ
1895 3713 2080 3792 δῆμος
2115 3710 2426 3792 Ἀθηνέων

693 3811 760 3859 34
795 3802 1048 3902 Θρηικίη
1092 3823 1152 3861 τε
1197 3799 1402 3878 Σάμος
1437 3799 1609 3875 Ἴδης
1655 3794 1708 3856 τ’
1757 3796 1894 3876 ὄρεα
1941 3799 2213 3859 σκιόεντα

689 3897 753 3944 31
787 3887 1041 3962 νήσους,
1089 3884 1311 3964 Αἰγίνη
1358 3877 1731 3959 ναυσικλειτή
1775 3881 1830 3943 τ’
1880 3881 2144 3961 Εὔβοια,

693 3982 759 4030 36
778 3971 1016 4049 Ἴμβρος
1061 3967 1377 4068 εὐκτιμένη
1419 3967 1520 4030 καὶ
1563 3975 1814 4047 Λῆμνος
1857 3965 2301 4047 ἀμιχθαλόεσσα

797 4054 1035 4134 Λέσβος
1082 4052 1138 4115 τ’
1171 4047 1454 4157 ᾐγαθέη,
1502 4052 1800 4132 Μάκαρος
1844 4051 1977 4127 ἕδος
2024 4053 2385 4132 Αἰολίωνος,

791 4140 892 4200 και
940 4140 1117 4215 Χίος,
1163 4132 1200 4217 ἣ
1250 4138 1446 4218 νήσων
1486 4137 1862 4217 λιπαρωτάτη
1906 4141 1997 4201 εἰν
2038 4134 2136 4199 αλι
2181 4144 2402 4215 κεῖται,

688 4236 752 4282 44
786 4225 985 4300 Νάξος
1033 4221 1085 4284 τ’
1133 4218 1240 4302 ἠδὲ
1285 4220 1522 4303 Πάρος,
1561 4219 1805 4302 Ῥήναιά
1853 4246 1911 4285 τε
1955 4221 2308 4304 πετρήεσσα·

688 4320 753 4366 45
785 4309 999 4371 τόσσον
1044 4303 1139 4369 ἔπ’
1191 4306 1494 4369 ωδίνουσα
1532 4305 1941 4385 Ἑκηβόλον“
1907 4331 2066 4369 ικετο
2112 4308 2331 4387 Λητω,

791 4393 988 4455 τάων
1030 4395 1093 4454 εἴ
1130 4395 1214 4465 τίς
1259 4394 1321 4454 ot
1359 4394 1487 4455 υἱεῖ
1520 4393 1688 4454 θέλοι
1731 4395 1886 4454 οἰκία
1932 4392 2178 4460 θέσθαι,
