3132 5129
1335 1193 1646 1277 XXIII.

395 1384 805 1453 -Garminum
843 1382 1386 1453 Theocriteorum
1425 1384 1496 1452 in
1537 1382 1853 1473 strophas
1894 1400 2051 1454 suas
2087 1383 2558 1454 restitutorum

1277 1507 1618 1597 specimen
1631 1500 1705 1603 ¹).

496 1678 996 1737 Dissertationum
1054 1676 1126 1736 de
1171 1678 1376 1736 Iliadis
1421 1678 1784 1738 carminibus
1840 1678 2142 1754 agentium
2203 1679 2415 1738 seriem
2469 1688 2717 1755 nuper3

328 1764 659 1823 incohatam
717 1766 786 1822 ut
841 1763 1364 1838 interrumperem,
1421 1782 1598 1821 causa
1653 1767 1723 1820 ut
1773 1763 2131 1840 gravissima
2191 1764 2277 1821 ita
2335 1764 2661 1823 laetissima

326 1848 469 1907 mibi
516 1849 648 1907 fuit.
722 1848 875 1906 Nam
909 1866 1040 1906 curn
1072 1848 1463 1921 praefandum
1494 1847 1639 1905 mihi
1685 1849 1803 1907 iam
1849 1848 1927 1907 sit
1956 1849 2080 1906 eius
2111 1850 2412 1908 semestris
2458 1849 2656 1908 lectio·

326 1933 502 1992 nibus
546 1935 711 1992 cuiu's
760 1932 931 1992 initio
975 1931 1348 1991 ‘Universitas
1403 1936 1612 1991 nostra
1669 1932 1853 2009 diem,
1913 1952 2029 2008 quo
2088 1936 2223 1991 ante
2276 1933 2382 1993 hos
2440 1935 2655 2010 viginti

327 2018 591 2093 quinque
635 2036 823 2077 annos
868 2017 1129 2091 primum
1160 2021 1369 2093 aperta
1414 2020 1531 2093 est,
1581 2017 1695 2076 rite
1726 2021 1816 2077 est
1847 2018 2248 2095 celebratura,
2296 2038 2658 2094 quamquam

329 2103 612 2178 peculiari
661 2102 984 2176 scriptione
1013 2122 1050 2159 a
1079 2101 1333 2161 Nestore
1377 2106 1583 2161 nostro
1631 2103 2132 2161 venerandissimo
2178 2102 2492 2161 vernacule
2522 2122 2657 2162 con·

328 2190 550 2263 scripta
580 2189 704 2246 eius
734 2186 852 2245 diei
894 2186 1206 2245 sollemnia
1251 2186 1606 2245 indicuntun
1625 2189 2037 2262 communique
2067 2188 2288 2245 civium
2316 2191 2657 2247 nostrorum

328 2272 773 2332 benevolentiae
820 2271 1337 2347 commendantur,
1386 2275 1586 2330 tamen
1617 2272 1755 2331 huic
1783 2291 2018 2347 quoque
2049 2274 2328 2331 consueto
2359 2272 2656 2330 scribendi

324 2358 516 2416 officio
561 2358 924 2434 singularem
956 2356 1250 2431 quendam
1295 2356 1593 2415 destinare
1625 2357 1714 2415 fas
1744 2357 1952 2432 putavi
1982 2356 2281 2432 libellum,
2331 2376 2447 2432 quo
2477 2357 2656 2415 etiam

327 2442 546 2501 exteris
592 2442 900 2517 doctisque
946 2441 1284 2499 hominibus
1340 2441 1478 2498 festi
1534 2442 1726 2500 nostri
1771 2442 1986 2500 notitia
2030 2441 2318 2499 tradatur.
2398 2440 2656 2500 Circum-

328 2528 603 2602 spicienti
646 2531 849 2586 autem
893 2525 1323 2601 mihi'aliquod
1352 2528 1775 2603 argumentum
1806 2525 2215 2602 qualecunque
2259 2528 2322 2585 et
2350 2544 2482 2585 cum
2514 2526 2656 2585 Hel-

324 2614 515 2672 vetiae
562 2616 754 2671 terrae
798 2613 1012 2670 natura
1067 2613 1128 2670 et
1172 2630 1306 2669 cum
1362 2615 1602 2670 nostrae
1646 2611 1810 2670 urbis
1855 2611 2103 2671 historia
2157 2611 2361 2686 aliquo
2418 2612 2654 2670 vinculo

327 2697 705 2756 coniunctum
754 2697 966 2772 sponte
1012 2715 1136 2755 sese
1183 2695 1403 2755 obtulit
1432 2696 1748 2771 pastoritia
1795 2696 2184 2755 Theocriti
2230 2697 2428 2771 Musa,
2476 2716 2655 2771 quam

328 2781 791 2841 Salomonem
838 2781 1287 2840 Gessnerum
1332 2781 1520 2839 civem
1550 2784 1820 2841 nostrum
1867 2781 2024 2840 haud
2057 2781 2377 2840 infeliciter
2407 2800 2515 2856 pro
2548 2801 2654 2841 suo

326 2866 564 2942 quidem
610 2867 886 2941 illiusque
946 2866 1165 2925 saeculi
1224 2867 1464 2941 ingenio
1517 2867 1884 2925 aemulatum
1938 2885 2065 2925 esse
2120 2869 2380 2941 constat,
2435 2867 2655 2942 quippe

326 2952 428 3026 qui
473 2970 593 3010 non
639 2952 833 3011 solum
879 2951 1123 3009 summis
1169 2951 1502 3026 aequalium
1548 2971 1680 3010 cum
1716 2952 2092 3026 popularium
2139 2954 2268 3008 tum
2312 2952 2655 3027 peregrino-

322 3056 451 3094 rum
498 3036 713 3095 studiis
757 3038 1069 3111 exceptus,
1127 3036 1228 3093 sed
1273 3037 1451 3093 etiam
1509 3036 1666 3112 apud
1723 3054 1945 3111 aequos
2004 3036 2375 3110 posteritatis
2431 3035 2654 3095 iudices

321 3121 430 3180 hoc
475 3125 634 3180 certe
678 3124 1025 3181 consecutus
1071 3120 1177 3195 sit,
1224 3124 1295 3180 ut
1338 3123 1399 3178 et
1431 3119 1699 3196 Vergilio
1731 3121 1947 3180 Latino
1992 3120 2280 3179 imitatori
2313 3121 2410 3178 vix
2453 3121 2654 3179 cedere

320 3209 381 3266 et
426 3206 622 3265 Latini
670 3207 990 3265 imitatoris
1037 3204 1432 3265 imitatoribus
1464 3206 1631 3265 Italis
1678 3205 1961 3281 Hispanis
2007 3205 2224 3282 Anglis
2268 3205 2457 3264 multo
2487 3225 2652 3280 prae-

321 3293 480 3350 stare
527 3292 817 3350 videatur.
895 3291 1265 3365 Quamquam
1325 3290 1428 3347 diu
1483 3290 1603 3349 iam
1649 3291 1739 3348 est
1783 3310 1852 3348 ex
1900 3308 2017 3365 quo
2064 3290 2190 3348 eius
2235 3285 2496 3366 ,,ἀ’νδρες
2539 3284 2649 3346 ἀπ’

318 3369 675 3451 Ἀρκαδίης“
720 3375 964 3433 mitibus
1010 3374 1099 3433 illi
1144 3378 1324 3450 atque
1370 3375 1605 3434 tenellis
1647 3375 1914 3433 moribus
1959 3394 2027 3433 ex
2075 3375 2506 3450 elegantiorum
2555 3375 2653 3434 ho·

321 3461 546 3518 minum
593 3459 800 3519 loculis
854 3463 1033 3534 atque
1088 3460 1494 3520 conciliabulis
1553 3460 1819 3518 exsulare
1879 3461 2228 3534 coeperunt,
2284 3477 2532 3534 quorum
2590 3461 2651 3518 in

321 3544 515 3603 locum
541 3544 630 3603 his
655 3545 874 3603 nostris
897 3545 1267 3620 temporibus
1299 3547 1709 3604 successerunt
1739 3545 1983 3603 robusta
2005 3548 2067 3602 et
2096 3543 2269 3601 rudia
2297 3543 2652 3602 rusticorum

321 3647 573 3703 corpora
618 3649 689 3687 ex
734 3628 1110 3703 Vestphaliae
1154 3632 1316 3706 agris
1362 3629 1738 3705 Melanhylae
1782 3628 2219 3703 Bobemiaeque
2265 3628 2515 3688 saltibus
2559 3635 2647 3688 at-

318 3733 430 3789 que
478 3713 788 3773 Helvetiae
837 3714 1089 3789 Alpibus
1144 3714 1411 3774 deducta.
1487 3714 1603 3773 Sed
1664 3715 1726 3772 in
1770 3713 1881 3772 boc
1923 3731 2158 3788 quoque
2203 3732 2354 3772 novo
2398 3714 2651 3789 agrestis

320 3817 561 3872 poeseos
625 3818 843 3875 genere
908 3801 1205 3858 nostrates
1261 3800 1525 3858 Helvetii
1590 3798 1852 3858 nobilem
1921 3797 2178 3872 palmam
2246 3797 2447 3872 adepti
2513 3801 2653 3857 sunt

322 3883 685 3942 Albertus
729 3883 1046 3958 Bitziu‘s,
1095 3884 1195 3958 qui
1240 3885 1452 3969 summi
1482 3883 1835 3942 Iudaeorum
1868 3881 2192 3957 prophetae
2238 3882 2362 3940 Deo
2408 3883 2652 3941 iuvante

317 3985 535 4026 nomen
582 3968 693 4026 sibi
740 3968 983 4044 indidit,
1031 3969 1347 4027 immaturo
1394 3968 1493 4026 ille
1540 3969 1664 4027 fato
1709 3985 1901 4042 nuper
1944 3967 2174 4042 patriae
2221 3966 2510 4041 bellisque
2556 3968 2653 4025 lit-

319 4052 461 4110 teris
505 4056 773 4128 ereptus,
819 4057 1001 4128 atqm²
1034 4051 1512 4112 Godofredus
1557 4052 1910 4111 Kellerus
1956 4051 2050 4109 hic
2077 4051 2317 4126 quidem
2361 4052 2515 4111 inter
2543 4071 2651 4112 nos

460 4217 507 4284 1)
546 4215 751 4285 [Lectt.
787 4215 846 4271 ir,
880 4215 993 4269 litt.
1020 4216 1186 4306 Ἰιιιιίν.
1229 4216 1417 4270 Turic.
1464 4215 1596 4269 inde
1633 4232 1678 4294 ‘a
1713 4216 1764 4269 d.
1802 4214 2059 4293 xlx3ng1.
2099 4214 2231 4293 Apr.
2268 4232 2345 4292 us·
2376 4232 2454 4292 ue.
2490 4215 2561 4268 ad
2599 4216 2652 4273 d.

319 4281 1246 4486 2}{Lx¹{gi⁰};33²3?1353¹5‡¹¹i
1267 4282 2346 4420 ‘'sfflfflm?¹¹l¹3ss.nsth‘zsgffssgffi
2395 4284 2652 4405 13313313}

478 4436 504 4472 r
634 4436 728 4474 sen
798 4437 878 4474 us.
2041 4435 2044 4438 '
