3132 5129
1274 394 1729 456 -195—

338 551 519 610 illatis
573 552 693 610 iam
749 552 919 626 patet
975 553 1145 625 post
1198 550 1411 609 horum
1459 551 1736 608 ultimum
1794 550 2033 608 demum
2086 570 2322 610 versum
2375 551 2667 610 donorum

339 636 527 695 simul.
559 654 695 695 cum
741 635 1042 694 occidente
1089 635 1212 694 sole
1257 635 1581 695 adventum
1613 655 1745 693 cum
1790 635 1891 708 iis,
1940 654 2091 709 quae
2136 655 2270 694 eum
2316 640 2666 711 sequuntur,

334 721 611 797 ponenda
653 721 867 779 fuissez
927 722 976 776 θ
1006 721 1360 778 417-420.
1410 720 1762 778 423-425.
1812 721 2168 778 430—432.
2224 722 2347 779 433
2394 721 2473 796 «Ι-
2520 721 2666 779 438.

334 805 692 864 439—448.
772 804 924 863 Tum
972 826 1008 861 ν
1050 805 1298 863 36-62
1359 804 1558 863 omnia
1615 804 1856 880 egregie
1924 805 2275 877 decurrunt,
2345 824 2453 864 nec
2512 806 2668 879 quis-

335 910 514 965 quam
561 891 675 949 erit
718 893 841 949 tam
888 888 1037 948 duro
1082 889 1310 963 animo,
1384 890 1530 965 quin
1575 890 1853 947 extremis
1896 890 2168 948 abeuntis
2214 890 2407 949 Ulixis
2463 889 2536 947 ad
2581 909 2665 947 re·

332 994 470 1051 gem
517 979 700 1050 atque
754 974 1021 1049 reginam
1081 974 1539 1034 salutationibus
1596 979 1907 1033 moveatur
1961 976 2345 1034 suavissimae
2401 974 2669 1033 humani·

333 1059 478 1118 tatis
523 1061 908 1134 plenissimis.
983 1058 1098 1117 Sed
1153 1059 1227 1117 ad
1272 1077 1663 1134 personarum
1709 1062 1915 1118 nostro
1972 1059 2137 1118 heroi
2181 1060 2669 1118 amicissimarum

332 1145 585 1203 triadem
653 1143 1065 1219 complendam
1132 1144 1457 1220 aegerrime
1515 1142 1917 1202 desideramus
1981 1143 2297 1202 amabilem
2353 1149 2665 1219 parentum

331 1229 576 1287 illorum
619 1229 832 1302 filiam,
891 1228 965 1286 ad
1011 1248 1189 1303 quam
1235 1248 1367 1287 cum
1424 1229 1680 1303 primam
1725 1247 1925 1304 preces
1978 1230 2225 1304 supplex
2284 1233 2405 1287 tam
2463 1247 2667 1287 secun-

333 1314 438 1373 das
495 1314 752 1373 fudisset
807 1313 1046 1387 UlixeS,
1106 1313 1194 1371 illi
1261 1314 1440 1372 etiam
1497 1317 1829 1372 extremum
1894 1313 2105 1387 ,‚vale“
2168 1315 2361 1373 dicere
2419 1312 2669 1371 eundem

335 1397 600 1457 decebat.
675 1398 758 1458 Et
801 1398 1089 1457 habemus
1122 1416 1259 1456 sane
1304 1398 1366 1456 in
1396 1399 1525 1474 ipso
1559 1398 1662 1455 illo
1695 1401 1902 1458 octavo
1933 1399 2115 1472 libre,
2164 1418 2281 1474 quo
2326 1403 2445 1457 tam
2480 1399 2671 1456 multa

331 1487 576 1543 nostrae
620 1483 970 1559 rhapsodias
1025 1484 1362 1559 fragmenta
1416 1483 1490 1540 ab
1535 1482 1853 1541 hodiernae
1900 1481 2197 1559 Odysseae
2256 1484 2670 1542 concinnatore

338 1568 559 1627 reiecta
624 1587 750 1628 esse
815 1567 933 1626 iam
989 1567 1276 1640 vidimus,
1344 1566 1765 1626 mollissimum
1828 1572 1890 1627 et
1943 1569 2116 1644 plane
2175 1569 2443 1627 divinum
2501 1566 2671 1627 illum

337 1651 531 1711 Ithaci
575 1653 885 1712 bellatoris
929 1655 1108 1728 atque
1153 1654 1346 1729 regiae
1380 1653 1632 1728 virginis
1677 1671 2057 1728 congressum
2086 1654 2135 1708 θ
2165 1654 2521 1728 457-468,
2568 1653 2671 1728 qui

338 1740 715 1813 comparatus
759 1756 896 1796 cum
952 1737 1230 1812 postillae
1288 1737 1904 1813 interpolatorumque
1963 1737 2182 1797 fetibus
2237 1738 2341 1797 illo
2400 1739 2462 1797 in
2515 1739 2671 1797 libro

335 1822 530 1882 obviis
574 1824 743 1898 quasi
799 1841 1095 1899 purpurae
1150 1822 1365 1881 lacinia
1419 1821 1781 1897 splendescit
1834 1822 2104 1881 sordidae
2159 1823 2482 1882 mendiculi
2536 1843 2672 1900 pae-

337 1908 512 1966 nulae
567 1908 796 1967 adsuta.
882 1901 1058 1966 Hunc
1113 1906 1299 1982 igitur
1356 1925 1739 1982 congressum
1795 1909 1856 1966 et
1910 1927 1944 1966 a
1995 1909 2184 1967 nostri
2237 1912 2442 1984 poetae
2495 1927 2674 1966 manu

336 1992 672 2067 profectum
727 1996 789 2051 et
854 1992 997 2051 olim
1065 1991 1127 2049 in
1193 1991 1301 2051 hac
1354 1992 1484 2066 ipsa
1526 1995 1765 2050 nostrae
1820 1991 2170 2067 rhapsodias
2230 1996 2398 2069 parte
2451 1994 2673 2052 lectum
2704 2006 2772 2053 20

336 2076 554 2152 fuisse,
600 2078 726 2136 eius
769 2078 855 2135 rei
899 2077 1043 2134 satis
1077 2078 1348 2152 apertum
1394 2076 1585 2136 adhuc
1616 2076 1901 2135 habemus
1946 2078 2249 2139 indicium.
2327 2076 2479 2147 Quid
2513 2079 2672 2136 enim

338 2166 453 2237 est,
509 2162 669 2238 quod
726 2162 898 2221 hodie
955 2162 1189 2235 Ulixes,
1259 2164 1576 2235 postquam
1644 2162 1901 2220 surrexit
1967 2166 2146 2237 atque
2207 2163 2446 2238 reginae
2514 2165 2673 2221 certe

337 2247 532 2305 medio
578 2248 640 2305 in
686 2266 827 2306 oeco
874 2245 1103 2305 sedenti
1149 2247 1426 2321 poculum
1471 2247 1737 2320 porrexit
1782 2250 1959 2321 atque
2004 2247 2290 2306 valedixit
2333 2268 2371 2304 ν
2401 2248 2669 2322 56-62,

338 2349 469 2389 cum
515 2331 608 2390 his
651 2332 799 2407 ipsis
843 2331 1042 2391 verbis
1088 2333 1257 2406 quasi
1301 2330 1610 2406 praecipiti
1642 2330 1976 2388 funambuli
2020 2332 2175 2390 saltu
2220 2332 2413 2391 elatus
2460 2332 2670 2392 statim

337 2415 518 2475 limen
562 2416 1009 2493 transgreditur
1051 2435 1109 2474 v.
1159 2417 1236 2474 63

589 2506 688 2589 (εἷς
733 2512 968 2577 εἰπών
1010 2509 1204 2594 ὑπὲρ
1250 2507 1481 2574 οὐδὸν
1524 2509 1765 2592 ἐβήσετο
1809 2514 1935 2588 δῖος
1976 2510 2340 2588 ὈδυσσεύςῬ

333 2628 525 2705 Atqui
569 2631 737 2702 ante,
787 2647 963 2704 quam
1009 2628 1083 2685 ad
1128 2627 1309 2686 limen
1354 2628 1725 2702 perveniret,
1788 2646 1993 2687 cecum
2039 2647 2342 2703 permeare
2397 2628 2668 2703 debebat,

333 2714 495 2789 quod
542 2714 645 2773 ubi
689 2713 861 2787 fecit,
909 2713 1246 2772 adstantem
1278 2713 1645 2770 extrinsecus
1676 2715 1880 2788 portae
1915 2714 2145 2772 invenit
2176 2715 2486 2790 virginem,
2521 2732 2671 2789 quae

334 2799 454 2856 iam
497 2799 660 2857 ultro
707 2799 876 2874 quasi
922 2796 1030 2857 dea
1075 2796 1264 2855 tutrix
1308 2796 1552 2855 abeunti
1599 2796 1820 2872 hospiti
1862 2797 2194 2857 valedicens
2240 2818 2409 2857 suam
2452 2817 2669 2858 memo-

333 2884 488 2941 riam
532 2882 938 2956 commendat3
984 2901 1091 2942 nec
1137 2881 1265 2940 sine
1312 2881 1535 2939 fructu:
1599 2882 1741 2956 quid
1787 2883 1947 2940 enim
1993 2885 2097 2941 aut
2139 2887 2389 2941 naturae
2446 2902 2670 2942 accom-

335 2968 639 3026 modatius
683 2972 788 3026 aut
833 2968 910 3025 ad
954 2967 1198 3026 intimos
1243 2984 1449 3025 sensus
1499 2964 1798 3026 efficacius
1829 2967 1977 3042 fingi
2022 2971 2248 3043 potest,
2296 2988 2473 3043 quam
2519 2969 2668 3027 illud

334 3051 531 3112 Ulixis
588 3053 979 3128 sempiternae
1033 3051 1277 3126 pietatis
1336 3049 1611 3126 gratique
1681 3053 1865 3109 animi
1920 3053 2279 3126 promissum
2336 3053 2668 3112 iuramento

332 3136 677 3196 firmatum?
719 3136 837 3195 Vix
881 3137 1071 3212 igitur
1111 3138 1175 3194 in
1219 3134 1658 3195 dubitationem
1690 3140 1795 3194 aut
1839 3136 1986 3194 adeo
2032 3138 2543 3212 vituperationem
2575 3156 2668 3196 me

332 3222 694 3297 illapsurum
746 3225 924 3297 puto,
984 3221 1141 3297 quod
1197 3219 1464 3279 confecto
1522 3239 1595 3279 ex
1639 3241 1675 3276 ν
1721 3222 1802 3280 63
1848 3223 1909 3280 et
1950 3241 1988 3294 η
2038 3223 2156 3280 139
2201 3241 2351 3296 un0,
2410 3222 2513 3298 qui
2569 3241 2669 3280 ne·

336 3307 630 3366 cessarius
674 3309 833 3381 erat,
881 3325 1058 3366 versu

592 3397 676 3478 οἷς
720 3398 906 3467 εἰπὼν
941 3402 954 3484 l
991 3396 1090 3464 διὰ
1135 3405 1305 3483 δῶμα
1348 3402 1642 3476 πολύτλας
1686 3405 1813 3476 δῖος
1853 3399 2175 3477 Ὀδυσσεύς

334 3520 604 3595 integros
659 3518 875 3577 deinde
929 3518 1390 3595 immutatosque
1456 3519 1679 3578 inserui
1748 3536 1956 3577 versus
2011 3519 2060 3574 θ
2104 3519 2472 3592 457-468,
2531 3521 2670 3592 post

333 3621 486 3679 quos
529 3604 648 3661 iam
693 3602 831 3661 inde
876 3623 911 3662 a
953 3623 991 3660 ν
1021 3604 1312 3662 63--186
1360 3603 1710 3679 rhapsodias
1755 3605 1997 3660 nostrae
2044 3601 2346 3678 totiusque
2390 3604 2667 3662 carminis

333 3688 473 3746 finis
518 3688 869 3762 simpliciter
913 3688 1177 3747 decurrit
1218 3689 1424 3763 paucis
1470 3690 1734 3761 tantum,
1792 3687 1865 3745 de
1912 3686 2127 3762 quibus
2170 3691 2379 3763 postea
2423 3687 2667 3762 dicetur,

338 3771 610 3832 versibus
656 3773 878 3831 eiectis.

506 3856 706 3915 Unum
751 3857 910 3916 enim
955 3861 1251 3933 superest,
1311 3858 1470 3932 quod
1529 3858 1776 3932 insuper
1830 3874 2007 3915 ausus
2071 3874 2231 3929 sum,
2293 3857 2493 3915 minus
2551 3874 2670 3915 cer-

333 3945 495 4000 tum:
542 3960 750 4000 versus
795 3942 926 4001 dico
971 3942 1002 3997 λ
1049 3942 1383 4001 363-369
1431 3945 1569 4000 ante
1617 3961 1651 3995 ν
1696 3943 1732 3999 4
1779 3942 2091 4017 paululum
2139 3940 2213 3998 ab
2257 3940 2434 3998 initio
2479 3943 2670 3999 muta·

332 4033 465 4085 tum
526 4027 888 4086 interiectos.
975 4024 1343 4102 Quamquam
1415 4026 1689 4085 omnibus
1758 4026 2084 4102 diligenter
2150 4025 2464 4100 pensitatis
2520 4027 2671 4084 satis

331 4111 727 4187 probabiliter
768 4111 881 4170 hoc
922 4129 1158 4187 quoque
1201 4111 1329 4169 fieri
1376 4111 1635 4170 videtur.
1710 4111 1866 4169 Nam
1925 4113 1992 4168 ut
2050 4109 2292 4169 omnino
2350 4112 2490 4186 post
2544 4110 2669 4169 lon·

332 4216 474 4272 gam
516 4196 1042 4272 admirandamque
1085 4196 1279 4255 Ulixis
1323 4195 1727 4254 narrationem
1773 4196 1834 4254 in
1869 4194 2104 4253 Alcinoi
2135 4213 2419 4270 responso
2464 4195 2668 4254 introi-

333 4285 436 4340 tus
480 4278 886 4355 desideratur,
932 4299 1050 4356 quo
1094 4299 1199 4338 rex
1245 4281 1575 4339 communis
1619 4282 2018 4355 κηληθμοῦ
2064 4280 2360 4354 interpres
2405 4280 2668 4355 exsistat,

332 4366 420 4424 ita
463 4365 554 4424 illi
600 4365 717 4441 ipsi
762 4384 967 4424 versus
1008 4365 1145 4424 huic
1199 4366 1438 4441 quidem
1482 4366 1571 4423 rei
1616 4384 1737 4424 non
1780 4366 1978 4423 minus
2038 4364 2437 4439 conveniunt,
2495 4384 2673 4440 quam

329 4450 407 4509 ab
452 4450 662 4523 istius,
708 4468 826 4525 quo
872 4468 1027 4509 nunc
1074 4451 1383 4525 leguntur,
1429 4450 1547 4507 loci
1593 4449 1794 4508 indole
1839 4448 2342 4524 interpolatorem
2385 4449 2673 4525 prodente

2266 4547 2371 4599 13*
