3132 5129
1276 369 1738 434 -321-

510 528 581 589 V.
628 529 752 588 330
775 547 901 603 sqq.

625 619 748 699 ‘⁸529
793 632 982 687 κεῖνοι
1024 635 1270 709 κεραῇσι
1314 618 1773 705 περισπέρχουσ’
1819 621 2120 709 ἄγὲλῃσιν.

642 703 772 772 εὖτ’
818 734 901 771 αν
944 704 1004 770 δ’
1053 689 1330 771 εἰναλίων
1371 710 1572 788 ἅὸδην
1615 710 1826 788 ἴσχωσι
1870 713 2158 790 λοετρῶν,

641 798 708 855 αἳ
751 793 817 855 δὲ
857 795 1042 856 πάλιν
1084 796 1389 873 στείχωσιν
1432 791 1489 868 ἐς
1535 794 1754 873 αυλια,
1802 795 1878 873 δὴ
1923 792 2047 855 τότε
2095 791 2300 875 σάργοι

645 873 966 960 ἀχνύμενοι
1008 874 1161 959 μάλα
1205 877 1424 953 πάντες
1468 875 1700 953 ἀολλέες
1747 878 1922 960 ἐγγὺς
1968 877 2227 940 επονται.

335 1003 724 1063 Schneiderus
766 1002 916 1062 hanc
960 1005 1164 1061 notam
1211 1002 1557 1076 adscripsit:
1605 998 1924 1077 „slvaumv
1951 995 2063 1078 μὲν
2104 996 2266 1077 ἄδην
2309 1001 2523 1078 vulgo,
2567 996 2680 1077 μέν

340 1090 632 1147 omittunt
685 1087 812 1146 Pal.
877 1091 927 1147 1.
988 1085 1176 1149 Paris,
1227 1091 1258 1145 1
1322 1092 1383 1147 et
1439 1078 1636 1159 αὸδην
1690 1087 1960 1146 scribunt
2017 1106 2152 1146 cum
2209 1086 2401 1162 Mosq.
2472 1087 2678 1145 Manet

337 1176 541 1232 tamen
600 1173 695 1233 vel
739 1173 823 1232 sic
877 1172 1042 1232 locus
1097 1173 1437 1249 impeditus.
1512 1171 1629 1231 Pro
1690 1168 1900 1248 ἴσχωσι
1953 1172 2339 1247 participium
2399 1168 2677 1247 ἴσχουσαι

340 1261 641 1317 structura
697 1258 966 1334 flagitare
1022 1257 1278 1318 videtur.
1286 1256 1320 1286 “
1396 1257 1579 1316 Recte
1639 1260 1833 1316 autem
1893 1257 2089 1316 editor
2144 1257 2445 1316 iudicavit.
2521 1256 2675 1314 Nam

342 1343 462 1402 (luo
519 1345 823 1417 protaseos
879 1344 1145 1401 membra
1201 1344 1382 1418 male,
1442 1342 1640 1451 immo·
1672 1342 1848 1418 plane
1892 1361 2009 1400 non
2059 1343 2392 1401 cohaerent.
2467 1342 2679 1415 Itaque

339 1427 806 1486 emendandum:

644 1518 768 1586 εὖτ’
815 1549 895 1585 αν
940 1522 997 1585 δ’
1045 1526 1323 1593 εἰναλίων
1363 1522 1497 1604 μὲν
1539 1524 1738 1605 ἅδην
1782 1526 1989 1606 ἴσχωσι
2031 1527 2320 1607 λοετρῶν,

641 1608 747 1687 αψ
794 1609 856 1672 δὲ
900 1609 1086 1672 πάλιν
1128 1612 1442 1690 στείχωσιν
1484 1610 1545 1684 ἐς
1590 1611 1804 1691 αὔλια,
1849 1611 1925 1691 δὴ
1969 1611 2098 1674 τότε
2142 1608 2351 1691 σάργοι
2380 1618 2491 1673 etc.

515 1715 589 1775 V.
637 1717 760 1775 402
793 1736 883 1791 sq.

647 1818 791 1874 Τοῖα
834 1812 945 1893 μὲν
991 1812 1055 1876 ἐν
1099 1813 1446 1878 νεπόδεσσιν
1491 1815 1636 1896 ἔρως
1683 1812 1952 1897 ἕστήσατ’
2001 1814 2229 1897 αεθλα,

646 1900 833 1974 τοίαις
877 1895 933 1960 δ’
986 1894 1346 1984 ἐξαπάτῃσιν
1389 1900 1828 1982 ἐρωμανέεσσιν
1870 1901 2096 1965 ὄλοντο.

339 2021 627 2097 Insidiae,
685 2021 901 2097 quibus
946 2023 1262 2099 capiuntur
1304 2024 1463 2100 sargi
1508 2023 1757 2084 libidine
1811 2025 2139 2099 obcaecati,
2195 2024 2294 2084 vix
2350 2024 2517 2099 ipsae
2561 2024 2678 2083 dici

338 2110 613 2183 poterant
655 2102 999 2185 ἕρωμανέες.
1055 2106 1225 2178 Quod
1270 2109 1634 2185 perspiciens
1665 2110 2005 2169 Brunckius
2046 2069 2193 2169 sci'te
2223 2128 2363 2168 sane
2393 2110 2674 2168 correxit:

341 2189 863 2271 ἕρωμανέοντες,
925 2192 1084 2268 quod
1141 2196 1341 2252 tamen
1386 2194 1627 2270 longius
1673 2194 1923 2253 discedit
1965 2214 1999 2252 a
2041 2194 2325 2252 librorum
2371 2194 2679 2269 scriptura.
2713 2203 2775 2251 31

339 2277 490 2336 Cum
535 2279 597 2336 in
643 2277 810 2337 codd.
859 2276 1046 2338 Palat.
1097 2282 1151 2337 1.
1197 2277 1383 2339 Paris,
1435 2282 1464 2337 1
1516 2282 1577 2337 et
1620 2280 1809 2354 Mosq.
1855 2280 2119 2355 legatur:
2183 2273 2675 2358 ἕρωμανίῃσιν,

344 2362 720 2423 scribendum
763 2363 1049 2422 arbitror:

642 2460 826 2535 τοίαις
870 2456 936 2522 δ’
986 2456 1273 2547 ἔξαπάτῃς
1319 2460 1394 2523 ἐν
1436 2459 1900 2545 ἕρωμανίῃσιν
1942 2461 2226 2524 ὄλοντο.

513 2582 588 2643 V.
635 2585 780 2645 410.

642 2693 820 2763 τῆμος
864 2679 925 2744 δ’
971 2684 1279 2766 ἱππούρων
1324 2681 1525 2766 ἀγέλαι
1570 2683 1883 2747 πινᾶκεσσι
1927 2683 2214 2759 θεούσαις

643 2767 964 2846 ἕσπόμεναι
1005 2769 1401 2850 μεθέπουσιν.

341 2891 462 2951 Cur
492 2891 696 2950 eadem
737 2894 1080 2966 insequendi
1109 2893 1276 2952 notio
1319 2892 1532 2953 iisdem
1564 2893 1762 2953 verbis
1795 2893 2068 2969 deinceps
2102 2894 2309 2969 positis
2339 2893 2467 2953 sine
2499 2911 2676 2952 causa
2783 2939 2792 2947 .

338 2982 400 3036 et
444 2977 641 3036 fructu
685 2976 1038 3051 repetatur?
1127 2976 1433 3054 Oppianus
1477 2978 1746 3054 scripsit:
1796 2972 2158 3054 ἐσσύμεναι
2201 2974 2585 3053 μεθέπουσιν.

511 3060 587 3123 V.
631 3062 754 3120 429
802 3062 875 3121 de
920 3063 1166 3123 canibus
1211 3064 1634 3122 esurientibus:

644 3199 719 3208 —
810 3196 893 3206 —
980 3160 1067 3222 τοὶ
1111 3157 1172 3221 δ’
1221 3159 1338 3222 ἐπὶ
1383 3161 1587 3244 γαστρὶ

645 3245 811 3325 ἔξοχα
853 3247 1300 3327 μαργαίνοντες.

339 3368 732 3427 Praetulerim
800 3362 946 3426 ὑπὸ
1019 3365 1244 3446 γαστρί.
1355 3369 1602 3429 Ventris
1678 3370 1955 3445 cupidine
2028 3369 2091 3428 in
2163 3370 2425 3428 furorem
2499 3388 2671 3429 canes

339 3454 730 3513 coniciuntur.

507 3537 579 3597 V.
626 3541 747 3598 487
775 3557 863 3614 sq.

645 3638 738 3696 Αἳ
778 3630 838 3697 δ’
885 3630 1025 3697 οὐδ’
1072 3631 1150 3709 ὣς
1197 3635 1571 3700 ἐλάθοντο
1612 3635 1713 3699 καὶ
1760 3634 1871 3699 οὐκ
1914 3633 2178 3715 ἇνέηκαν
2224 3637 2459 3718 ἔχουσαι

645 3720 864 3802 δεσμὸν
909 3720 1038 3782 ἕόν·
1084 3718 1237 3795 τοῖός
1279 3746 1365 3797 τις
1410 3721 1512 3784 ἐπί
1550 3742 1722 3801 σφισι
1763 3719 1994 3804 γόμφος
2038 3722 2241 3805 ἅρηρε.

344 3842 669 3904 Offendunt
712 3846 893 3905 verba
936 3835 1073 3902 οὐδ’
1121 3834 1202 3916 ὣς
1248 3840 1653 3920 ἐλάθοντο,
1709 3847 1861 3906 miro
1905 3847 2079 3906 modo
2124 3849 2408 3921 usurpata
2451 3845 2523 3905 de
2569 3867 2669 3907 en·

340 3929 678 4006 graulibus,
725 3949 874 4007 quae
919 3929 1172 3989 firmiter
1216 3935 1277 3990 et
1321 3931 1668 3992 catervatim
1703 3932 2093 3992 condensatae
2128 3932 2217 3991 vel
2249 3950 2472 4006 remos,
2523 3952 2669 4007 quo-

342 4014 536 4073 minus
582 4015 911 4092 agitentur,
959 4015 1319 4092 impediunt,
1366 4020 1543 4093 atquc
1576 4037 1649 4076 ne
1680 4017 1955 4093 bipennis
1988 4015 2227 4092 quidem
2260 4016 2475 4076 ictibus
2505 4017 2667 4095 abigi

340 4102 585 4174 queunt.
679 4098 862 4166 Cuius
917 4101 1000 4159 rei
1069 4101 1156 4159 illi
1223 4102 1413 4177 pisces
1470 4103 1922 4162 obliviscantur?
2021 4101 2085 4160 Si
2142 4101 2509 4160 constantiae
2565 4106 2670 4162 aut

338 4184 741 4260 fortitudiniS,
790 4188 856 4244 ut
900 4185 1053 4261 apud
1099 4186 1425 4244 Homerum
1469 4175 1657 4260 ἀλκῆς
1705 4182 2003 4243 λαθέσθαι
2045 4191 2107 4246 et
2135 4186 2351 4245 similia
2380 4186 2498 4262 legi
2532 4206 2668 4246 con·

340 4272 487 4342 stat,
546 4270 684 4328 addi
741 4270 998 4329 debebat
1050 4270 1339 4330 eiusmodi
1397 4271 1859 4330 substantivum.
1950 4269 2063 4330 Sed
2120 4290 2196 4331 ne
2253 4275 2382 4329 tum
2426 4271 2665 4346 quidem

338 4353 558 4413 locutio
588 4355 733 4414 satis
763 4355 965 4432 gravis
995 4359 1135 4430 apte
1165 4356 1237 4414 ad
1282 4356 1472 4431 pisces
1520 4355 1889 4432 traducatur,
1939 4359 2041 4432 qui
2086 4357 2283 4456 potius
2327 4374 2449 4415 non
2477 4359 2669 4420 cedere

339 4437 572 4498 dicendi
603 4440 932 4502 erant.1d
978 4445 1177 4500 autem
1223 4440 1396 4500 facile
1439 4444 1619 4517 poeta
1661 4441 1854 4503 dicere
1897 4445 2153 4518 poterat.
2201 4432 2333 4499 οὐδ’
2387 4429 2468 4512 ὡς
2514 4438 2666 4501 ἐλί-

441 4545 554 4586 Κδο
530 4545 686 4596 e,hly
728 4545 962 4588 Schriften
968 4546 1047 4588 ..1
2197 4544 2257 4590 21
