3132 5129
1301 384 1588 448 -531
1684 421 1755 431 —

367 539 610 597 Heathii
655 541 1054 598 coniecturam
1098 541 1433 613 μολπαισι
1489 538 1703 615 βοᾶς,
1757 559 1826 600 ea
1881 539 2118 616 quidem
2177 540 2319 599 ferri
2374 541 2583 615 nequit
2637 543 2697 597 et

369 626 608 720 propter
639 624 905 684 dativum
937 625 1274 699 importune
1303 625 1601 702 genetivis
1632 626 2053 700 interpositum
2085 626 2146 682 et
2174 628 2423 700 propter
2466 626 2694 683 iunctu-

367 728 493 766 ram
541 698 650 766 οὐκ
707 703 1003 783 εὐμούσου
1047 707 1236 805 βοώς,
1292 728 1410 785 qua
1452 710 1788 785 quaesitum
1833 728 2082 768 acumen
2126 710 2362 768 tollitur
2404 711 2469 768 in
2512 709 2696 768 libro-

367 813 501 851 rum
560 795 856 869 scriptura
912 792 1015 863 τᾶς
1071 782 1180 851 οὐκ
1240 787 1535 870 εὐμούσου
1589 788 1818 870 μολπᾶς
1877 813 1998 853 non
2053 795 2247 854 minus
2313 796 2698 891 conspicuum

371 898 546 952 quarn
593 879 655 937 in
700 879 804 937 illo
849 879 1071 938 Phoen.
1117 880 1238 939 807
1286 880 1358 938 de
1403 878 1684 956 Sphingis
1728 881 2014 939 carmine.
2073 872 2528 955 ἀμουσοτάταισι
2583 868 2698 935 σύν

370 957 574 1033 ω’δαῐς.
662 964 911 1039 Propter
967 963 1199 1023 easdem
1257 984 1460 1025 causas
1516 966 1696 1023 etiam
1754 966 2033 1024 audacius
2084 964 2357 1024 Schoenii
2414 984 2698 1024 conamen

368 1013 627 1124 ἔγκειμαι
689 1041 863 1106 ιεῖσ’
929 1043 1038 1106 οὐκ
1103 1045 1475 1122 εὔμουσον
1539 1051 1864 1125 μολπαῖσι
1932 1045 2122 1125 βοάν
2176 1049 2533 1115 reiciendum
2588 1054 2698 1125 est²

367 1152 727 1208 quamquam
756 1153 861 1208 per
891 1153 952 1192 se
981 1134 1137 1192 haud
1170 1134 1443 1210 displicet
1469 1134 1853 1210 participium
1877 1136 2056 1194 simili
2081 1135 2144 1192 in
2167 1134 2294 1193 loco
2313 1133 2445 1193 Hel.
2473 1136 2589 1194 188
2607 1154 2693 1209 sq.

371 1214 558 1292 νόμον
602 1217 793 1275 ἱεῖσα
833 1219 842 1292 Ι
880 1211 1089 1294 γοερόν
1135 1219 1434 1292 oblatum,
1495 1238 1612 1295 quo
1656 1222 1891 1295 recepto
1937 1222 2126 1279 multo
2170 1219 2534 1295 probabilius
2577 1222 2703 1278 ten-

367 1306 495 1361 tare
547 1322 748 1378 posses
803 1298 1066 1378 ἔγκειμαι
1121 1298 1290 1361 ἰεῖσ’
1350 1297 1461 1362 οὐκ
1520 1299 1819 1380 εὐμούσου
1873 1303 2101 1378 μολπᾶς
2159 1300 2419 1380 ἰαχάν,
2486 1305 2573 1362 ita
2638 1308 2705 1362 ut

368 1387 542 1446 huius
588 1390 749 1447 vocis
792 1384 979 1464 βοάν,
1028 1389 1187 1464 quod
1230 1389 1426 1464 ipsum
1472 1391 1536 1448 in
1582 1390 1707 1448 cod.
1738 1389 1799 1446 B
1840 1390 2090 1466 legitur,
2149 1390 2448 1465 glossema
2502 1388 2699 1446 fuerit.

372 1471 592 1530 Verum
636 1473 754 1531 alio
803 1473 966 1531 ducit
1009 1474 1404 1549 etymologica
1447 1475 1857 1550 oppositorum
1901 1476 2079 1546 rati0,
2127 1493 2306 1549 quam
2351 1492 2484 1533 cum
2527 1473 2701 1531 modo

371 1557 431 1614 in
481 1550 913 1633 δυσθρηνήτοις
959 1553 1212 1633 θρήνοις
1255 1559 1652 1633 habuerimuS,
1700 1577 1830 1618 eam
1876 1560 2053 1618 etiam
2099 1560 2482 1634 sequentibus
2512 1558 2699 1633 appli-

365 1645 566 1699 catum
627 1642 807 1701 fuisse
870 1643 1190 1701 verisimile
1248 1647 1365 1719 est,
1422 1646 1492 1702 ut
1533 1644 1852 1741 Euripides
1908 1646 2215 1720 scripsisse
2269 1644 2541 1703 videatur
2597 1648 2702 1712 τᾶς

365 1716 473 1782 οὐκ
521 1720 817 1801 εὐμούσου
872 1725 1157 1802 μούσας
1213 1730 1533 1803 μολπαῖς
1584 1721 1826 1803 ἀλύροις
1886 1724 2122 1807 ἐλέγοις.
2213 1728 2549 1788 Adiuvatur
2592 1728 2702 1786 hoc

367 1829 495 1869 cum
543 1813 635 1886 iis,
683 1831 831 1887 quae
877 1813 1031 1871 infra
1075 1814 1329 1888 legimus
1361 1836 1416 1877 v.
1457 1815 1593 1888 183,
1642 1817 1771 1871 tum
1816 1815 1948 1873 aliis
1993 1814 2350 1889 quibusdam
2394 1813 2699 1887 exemplis,

366 1899 434 1953 ut
463 1896 595 1955 Hel.
634 1898 750 1956 184
779 1916 866 1971 sq.
914 1894 1156 1973 οἰκτρὸν
1199 1892 1430 1973 ομαδον
1472 1894 1681 1956 εκλυον
1719 1896 1727 1976 Ι
1766 1892 1989 1973 αλυρον
2034 1895 2252 1976 ελεγον,
2298 1899 2701 1959 Phoen.1028

362 1976 584 2057 αλυρον
628 1974 782 2057 ἄμφι
823 1988 1078 2057 μοῦσαν,
1125 1982 1268 2041 ibid.
1304 1986 1425 2042 784
1451 2003 1581 2059 sqq.
2780 1990 2785 1997 ’

619 2139 665 2175 ω
711 2112 1088 2193 πολύμοχθος
1125 2114 1338 2194 Ἄρης,
1386 2116 1446 2175 τί
1484 2113 1635 2176 ποθ’
1686 2140 1892 2193 αιματι

619 2198 719 2258 καὶ
767 2199 1015 2282 θανάτῳ
1060 2199 1287 2278 κατέχει
1335 2202 1590 2280 Βρομίου
1634 2198 2118 2279 παράμουσος
2165 2198 2421 2280 ἑορταῖς;

617 2277 729 2344 οὐκ
777 2283 873 2343 ἐπι
920 2263 1283 2365 καλλιχόροις
1328 2282 1672 2363 στεφάνοισι
1718 2284 1991 2356 νεάνιδος
2038 2282 2198 2359 ὥρας

619 2365 951 2449 βόστρυχον
993 2366 1335 2477 ἅμπετασας
1380 2372 1569 2430 λωτοῦ
1614 2393 1759 2430 κατα
1805 2369 2113 2447 πνεύματα
2158 2391 2235 2446 με
2225 2367 2416 2429 λπει

619 2455 939 2533 μοῦσαν,
987 2452 1051 2514 ἐν
1096 2447 1138 2538 ᾇ
1182 2454 1413 2533 χάριτες
1456 2456 1773 2533 χοροποιοί.

533 2592 604 2651 In
660 2595 1046 2668 sequentibus
1105 2612 1307 2653 omnes
1362 2614 1469 2669 pro
1527 2592 1820 2652 οἴκτοισιν
1872 2595 2032 2652 recte
2076 2589 2300 2662 οἴκτοις
2343 2597 2697 2666 receperunt

365 2681 555 2736 metro
601 2680 998 2753 postulatum,
1046 2679 1147 2738 sed
1192 2679 1346 2737 male
1389 2680 1663 2738 nonnulli
1693 2699 1799 2755 pro
1830 2679 2200 2740 nominativo
2230 2671 2698 2751 κατακλαιομένα

364 2763 440 2821 ad
494 2759 755 2838 ἔγκειμαι
811 2765 1121 2823 referendo
1178 2764 1444 2822 dativum
1506 2768 1859 2840 receperunt
1912 2764 2066 2822 male
2119 2764 2190 2822 de
2246 2782 2463 2822 causa
2505 2762 2699 2820 luctus

365 2849 668 2907 intellecto
724 2845 807 2904 αἴ
854 2867 954 2923 μοι
1008 2842 1407 2924 συμβαίνουσ’
1481 2845 1653 2925 α’ται,
1722 2870 1838 2925 quo
1895 2848 2160 2908 membro
2218 2850 2418 2924 potius
2474 2846 2700 2921 κηδεῖοι

368 2923 670 3075 οἶκτοιΓιιτ
715 2935 1079 3079 calalnglgttcs
1125 2935 1412 2994 scelerum
1459 2935 1631 3010 culpa
1676 2938 2014 2994 contractae
2060 2935 2498 2993 describuntur.

593 3039 690 3077 um
736 3038 773 3077 v

940 3135 1118 3213 ζωᾶς,
1164 3135 1300 3224 οἵαν
1344 3129 1557 3214 ἰδόμαν
1599 3133 1756 3212 ὄψιν
1798 3132 2043 3215 ὀνείρων

366 3256 543 3315 simul
602 3274 734 3314 cum
794 3259 985 3314 metro
1042 3258 1338 3315 sententia
1404 3257 1716 3315 claudicat.
1818 3257 1916 3315 Illi
1983 3259 2219 3315 tantum
2282 3257 2699 3315 succurrerunt

367 3340 664 3398 Seidlerus
695 3345 873 3415 atque
904 3341 1297 3415 Hermannus,
1343 3360 1595 3416 quorum
1628 3341 1725 3398 ille
1756 3334 2008 3417 ὀνείρων
2039 3342 2221 3400 deleri
2254 3341 2427 3399 iussit
2457 3358 2697 3415 prorsus

366 3427 762 3485 necessarium
807 3425 880 3483 ad
927 3426 1196 3484 somnii
1257 3427 1620 3484 mentionem
1676 3427 1884 3502 ignaro
1943 3426 2123 3484 choro
2183 3426 2543 3498 faciendam,
2602 3424 2697 3481 hic

366 3507 504 3566 οῖάν
547 3511 903 3586 duplicavit,
960 3512 1118 3585 quod
1158 3511 1535 3586 probandum
1583 3514 1765 3585 esset,
1812 3512 1927 3569 nisi
1974 3512 2309 3584 postularet
2352 3509 2529 3567 aliam
2576 3508 2690 3566 sibi

367 3614 568 3653 vocem
625 3594 805 3665 ζωᾶς
858 3596 1195 3671 genetivuS,
1250 3614 1425 3671 quem
1480 3614 1600 3654 non
1653 3614 1829 3670 posse
1882 3597 1969 3653 ita
2012 3596 2180 3670 iungi
2224 3615 2357 3654 cum
2402 3590 2695 3670 σύγγονον

365 3675 518 3757 ἀμὸν
579 3675 1076 3755 κατακλαιομένα,
1144 3681 1203 3737 id
1271 3684 1339 3739 ut
1404 3680 1701 3756 significet
1764 3681 1993 3738 luctum
2065 3681 2136 3738 de
2194 3680 2398 3738 fratris
2454 3680 2697 3737 morte

368 3769 737 3840 susceptum,
786 3769 943 3822 recte
989 3765 1221 3824 monuit
1263 3765 1632 3839 HartunguS,
1681 3766 1858 3823 modo
1905 3784 1977 3823 ne
2023 3767 2265 3840 propter
2308 3764 2459 3821 hanc
2505 3765 2694 3837 ipsam

367 3871 601 3910 causam
648 3870 781 3909 cum
828 3848 1111 3908 Elmslcio
1158 3848 1307 3918 ζωᾶς
1353 3850 1668 3907 delendum
1714 3852 2008 3924 putasset,
2068 3867 2183 3923 quo
2241 3848 2463 3922 deleto,
2519 3847 2694 3921 quid

369 3937 439 3994 do
483 3936 684 3993 fmtris
729 3938 887 3993 sorte
933 3954 1002 3993 ox
1046 3935 1262 3994 somnii
1306 3936 1434 3993 viso
1492 3936 1839 4009 coniecerit,
1897 3934 2207 4011 Iphigenia
2263 3951 2503 4008 prorsus
2561 3931 2697 3989 reti-

366 4023 541 4078 ceret.
631 4021 713 4077 Et
772 4023 1018 4095 propter
1074 4018 1323 4078 eandem
1378 4020 1497 4075 iam
1555 4038 1792 4078 causam
1859 4021 2036 4078 etiam
2102 4017 2463 4075 reiciendum
2521 4020 2694 4088 esset

366 4105 524 4178 quod
570 4123 760 4179 nuper
805 4104 1054 4164 Kviftala
1098 4124 1156 4180 p
1204 4104 1349 4162 226·
1372 4104 1623 4162 coniecit
1666 4101 1964 4179 σύγγονον
2007 4089 2158 4177 ἆμόν
2201 4099 2697 4176 κατακλαίομαι

367 4183 699 4258 αἰάζουσ’
719 4229 736 4256 ,
784 4190 832 4247 si
883 4189 1121 4265 quidem
1166 4188 1275 4247 hoc
1321 4188 1496 4245 metri
1540 4191 1736 4262 gratia
1782 4189 1924 4246 ferri
1968 4191 2184 4263 posset.
2264 4186 2383 4246 Suo
2429 4185 2524 4245 hic
2569 4187 2694 4260 qui-

369 4273 502 4330 dem
555 4274 823 4332 acumine
881 4273 1136 4348 gaudere
1195 4274 1441 4331 sinimus
1487 4271 1932 4333 Witzschelium
1988 4265 2281 4349 σύγγονον
2333 4261 2488 4346 ἆμὸν
2542 4268 2695 4340 ζωᾶς

367 4357 709 4432 iungentcm
754 4358 980 4417 scilicet
1026 4377 1217 4416 meae
1262 4360 1460 4416 vitae
1504 4358 1888 4432 agnatum!
1964 4357 2055 4414 Ne
2085 4357 2302 4414 multa.
2350 4358 2511 4414 recte
2570 4358 2696 4413 sine

368 4442 547 4500 dubio
579 4443 730 4500 vidit
761 4443 1084 4502 Schoenius
1131 4446 1268 4517 post
1311 4444 1465 4513 ζωας
1509 4444 1891 4518 participium
1923 4442 2101 4517 quale
2130 4446 2222 4500 est
2263 4431 2690 4497 ἆπλακόνθ’

2290 4538 2400 4590 32*
