3132 5129
1234 415 1702 479 —185—

550 565 787 632 Ἠελίου
831 567 887 629 τ’
934 568 1090 651 αὐγὴ
1127 568 1544 651 ’Τπεριονίδαο
1586 568 1877 647 ἄνακτος,

291 693 399 768 qui
467 712 647 767 quam
706 693 908 767 inepte
963 694 1408 768 interponatur,
1478 694 1716 769 egregie
1786 693 2219 752 demonstravit
2270 693 2628 754 Nitzschius.

293 779 436 854 Ipse
482 781 680 835 autem
726 779 1085 836 narrationis
1129 777 1600 854 rhapsodiaeque
1644 777 1834 836 finis
1880 777 2113 838 omissis
2147 780 2477 838 261—404
2514 780 2631 837 iam

301 863 413 921 hac
458 862 688 921 ratione
732 862 872 921 olim
919 863 1181 921 adnexus
1230 863 1414 921 fuisse
1457 863 1726 920 videtur:

556 973 745 1055 αὐτὰρ
777 976 902 1039 ἐπεὶ
932 982 992 1036 Σ
1000 978 1086 1038 κύ
1105 983 1282 1057 λλην
1311 977 1582 1058 φύγομεν
1610 974 1818 1056 δεινήν
1848 1001 1907 1038 τε
1940 977 2278 1058 Χάρυβδιν,
2323 989 2426 1037 260
2448 989 2515 1055 -Ι-
2534 990 2633 1037 261

559 1062 635 1141 δὴ
682 1060 806 1122 τότε
851 1061 1117 1141 κυανέην
1164 1061 1420 1140 νεφέλην
1463 1061 1666 1141 ἔστησε
1714 1063 1990 1142 Κρονίων
2534 1075 2633 1122 405

562 1147 703 1226 νηὸς
747 1146 902 1227 ὕπερ
943 1153 1276 1228 γλαφυρῆς,
1333 1147 1548 1227 ἤχλυσε
1594 1145 1661 1208 δὲ
1704 1147 1922 1221 πόντος
1967 1143 2075 1208 ὑπ’
2123 1144 2329 1228 αὐτῆς.

476 1270 566 1328 Ex
610 1269 836 1329 ultimis
883 1288 1019 1329 vero
1063 1270 1334 1330 versibus
1379 1271 1715 1330 407—453
1763 1271 1914 1329 duos
1960 1273 2194 1329 tantum
2238 1271 2361 1328 445
2393 1290 2483 1346 sq.

569 1385 850 1463 Σκύλλην
893 1381 952 1445 δ’
1000 1382 1197 1447 οὐκέτ’
1246 1385 1379 1447 ἔασε
1423 1386 1620 1465 πατὴρ
1661 1381 1905 1492 ἀνδρῶν
1949 1409 2006 1446 τε
2048 1391 2216 1447 θεῶν
2260 1409 2319 1447 τε

560 1468 859 1531 εἰσιδέειν·
906 1467 979 1530 οὐ
1022 1470 1135 1552 γάρ
1179 1493 1285 1531 κεν
1327 1468 1685 1552 ὑπέκφυγον
1727 1463 1917 1532 αἰπυν
1960 1469 2218 1551 ὄλεθρον

299 1612 439 1652 cum
483 1593 749 1669 antiquis
795 1592 1016 1652 criticis
1061 1593 1420 1653 recentiores
1465 1593 1798 1653 reiecerunt
1842 1611 2068 1652 omnes·

477 1781 683 1855 Neque
744 1782 806 1838 in
864 1781 1076 1839 ceteris
1143 1780 1471 1856 Apologi
1538 1779 1810 1855 partibus
1865 1781 2121 1838 multum
2177 1780 2336 1838 ultra
2392 1780 2645 1838 Alexan-

302 1867 612 1924 drinorum
660 1866 953 1923 atheteses
999 1864 1502 1942 progrediendum
1561 1865 1819 1922 videtur.
1912 1865 2174 1934 Quorum
2233 1884 2301 1922 ex
2348 1866 2647 1923 sententia

300 1953 409 2026 qui
455 1950 699 2025 insuper
742 1950 1026 2026 singuli
1071 1970 1329 2009 versus
1374 1947 1691 2007 damnandi
1738 1952 1911 2022 sunt,
1958 1950 2255 2024 reliquum
2298 1953 2389 2008 est
2418 1955 2487 2006 ut
2518 1949 2645 2006 bre·

306 2036 466 2094 viter
509 2038 952 2093 enumerentur.

480 2141 500 2175 ι
546 2120 797 2178 34-36
843 2119 1034 2178 obelis
1078 2120 1272 2178 notati
1315 2120 1596 2178 dicuntur
1641 2120 1701 2177 in
1747 2119 1876 2176 cod.
1911 2116 1991 2190 Q,
2040 2120 2077 2176 i.
2126 2138 2179 2176 e.
2230 2119 2649 2191 Ambrosian0‚

309 2224 508 2282 neque
557 2203 614 2262 id
658 2205 942 2263 iudicium
976 2223 1083 2263 suo
1128 2204 1384 2263 adsensu
1429 2203 1687 2280 probare
1732 2204 2031 2262 dubitavit
2073 2203 2442 2276 NitzschiuS,
2491 2221 2651 2261 secu-

313 2297 532 2366 tusque
576 2308 767 2364 nuper
811 2292 904 2347 est
944 2289 1276 2348 Bekkerus.
1357 2289 1473 2348 Sed
1521 2295 1646 2346 rem
1691 2289 2130 2347 consummavit
2160 2289 2396 2346 demum
2428 2248 2651 2361 'Senge-

313 2376 598 2433 buschius
643 2375 704 2433 in
751 2373 1221 2449 „Aristoniceis“
1266 2394 1325 2449 p.
1378 2376 1454 2431 13
1502 2373 1735 2431 dicens:
1786 2373 2120 2447 „athetesin
2166 2393 2199 2429 a
2247 2392 2418 2431 versu
2452 2373 2531 2429 29
2579 2372 2652 2429 ad
2680 2387 2711 2432 8

314 2479 554 2519 versum
600 2461 679 2519 36
743 2460 1013 2533 patuisse
1057 2459 1454 2517 certissimum
1517 2461 1634 2531 est,
1691 2459 1778 2515 ita
1835 2465 1902 2514 ut
1959 2457 2154 2515 versui
2202 2459 2281 2513 28
2349 2446 2423 2531 ἧς
2478 2453 2653 2533 γαίης

311 2541 578 2622 δύναμαι
622 2544 1083 2620 subiungeretur
1126 2563 1332 2603 versus
1378 2546 1456 2603 37
1504 2540 1558 2601 εἰ
1602 2503 1665 2600 δ’
1713 2538 1822 2620 ὅγε
1869 2561 1957 2600 τοι
2002 2538 2103 2599 καὶ
2148 2534 2429 2600 νόστον.“

483 2630 638 2688 Tum
681 2629 828 2688 ibid.
874 2649 932 2688 v.
980 2630 1063 2688 90

567 2744 751 2825 ἄνδρε
797 2744 926 2838 δύω
970 2744 1179 2822 κρίνας
1225 2745 1494 2825 τρίτατον
1536 2743 1750 2825 κήρυχ’
1799 2740 1905 2820 ἅμ’
1954 2740 2251 2822 ὀπάσσας,

291 2870 485 2927 -cuius
533 2868 694 2925 varia
738 2870 830 2925 est
872 2869 936 2925 et
980 2869 1120 2942 post
1162 2869 1224 2926 et
1265 2869 1405 2925 ante
1452 2887 1509 2926 v.
1558 2870 1638 2926 89
1686 2867 1748 2925 in
1794 2867 1965 2925 libris
2010 2866 2436 2941 manuscriptis
2464 2865 2652 2939 sedeS‚

313 2973 383 3010 ex
430 2974 466 3009 κ
519 2954 667 3025 102,
715 2953 818 3010 ubi
865 2952 1476 3011 accommodatissime
1523 2952 1777 3027 legitur,
1826 2952 1978 3009 male
2024 2952 2137 3009 huc
2183 2951 2483 3008 intrusum
2528 2968 2656 3008 esse

293 3041 454 3113 .post
504 3037 832 3112 Kayserum
867 3055 1069 3112 -nuper
1114 3036 1549 3096 demonstravit
1593 3037 1925 3111 Ameisiu3‚
1979 3036 2146 3095 cuius
2204 3037 2277 3093 ad
2324 3036 2655 3094 accuratam

314 3124 893 3198 argumentationem
938 3122 1205 3197 legentes
1262 3122 1408 3180 satis
1452 3123 1546 3180 est
1591 3121 1918 3197 ablegasse.

489 3206 644 3265 Ibid.
691 3227 747 3266 v.
796 3202 1133 3265 253—255

571 3315 675 3467 ⁷55
658 3345 712 3382 τι
755 3322 903 3469 aaz&
947 3326 1167 3401 πρῆξιν
1209 3319 1252 3400 ἦ
1293 3322 1600 3473 μαψιλδίως
1643 3317 1947 3466 ιέλάλησῗε

574 3408 781 3571 ἵμξῗχὶξ
832 3403 1457 3571 πῖἷέῗῑίἱοῖπῖἷκέν
1473 3429 1880 3552 αέιῖἕδαῖωεῖ.
1896 3428 2224 3571 Zigira,

324 3633 426 3707 qui
472 3632 653 3689 iidem
701 3651 736 3708 γ
783 3632 1029 3690 72-74
1077 3651 1113 3688 a
1155 3631 1409 3690 Nestore
1454 3631 1528 3689 ad
1578 3630 1996 3689 Telemachum
2040 3628 2453 3703 proferuntur,
2502 3629 2657 3685 recte

322 3716 633 3775 Bekkerus
676 3735 868 3792 nuper
926 3716 1344 3791 Aristophanis
1407 3735 1587 3791 quam
1633 3714 1964 3774 Aristarchi
2021 3714 2437 3771 auctoritatem
2495 3712 2660 3786 sequi

319 3801 562 3874 maluit,
622 3820 873 3877 quorum
931 3802 1004 3859 de
1060 3802 1381 3859 cert-amine
1441 3802 1505 3859 in
1556 3799 1750 3858 Schol.
1814 3799 1887 3856 ad
1933 3819 1969 3875 y
2015 3800 2091 3855 71
2149 3796 2293 3855 haec
2348 3798 2659 3871 leguntur:

321 3906 462 3956 τους
506 3879 634 3959 μετ’
683 3879 871 3943 αὐτὸν
913 3889 1068 3963 τρεῖς
1112 3882 1345 3960 στίχους
1390 3878 1421 3943 ὁ
1470 3878 1581 3958 μὲν
1631 3870 2062 3961 Ἀριστοφάνης
2109 3878 2332 3939 ἐνθάδε
2379 3886 2660 3955 σημειοῦ-

321 3992 414 4027 ται
461 3988 584 4040 τοις
627 3963 1022 4047 άστερίσκοις,
1069 3990 1163 4029 οτε
1208 3965 1274 4027 δὲ
1328 3964 1447 4027 ὑπὸ
1492 3975 1597 4026 τοῦ
1643 3967 1976 4038 Κύκλωπος
2033 3962 2331 4043 λέγονται,
2385 3986 2486 4022 και
2528 3957 2659 4041 ὀβε-

325 4055 562 4125 λίσκους
622 4058 743 4125 τοῖς
786 4048 1153 4133 άστερίσκοις
1208 4053 1617 4132 παρατίθησιν
1671 4047 1752 4122 ὥς
1809 4049 2097 4111 ἐντεῦθεν
2146 4044 2663 4154 μετενηνεγμὲνων

321 4147 442 4198 τῶν
486 4137 726 4216 στίχων.
800 4136 1001 4199 πόθεν
1042 4136 1156 4218 γάρ
1212 4146 1292 4220 τῷ·
1338 4135 1629 4198 Κύκλωπι
1682 4141 1917 4218 λῃστῶν
1973 4133 2172 4194 ἔννοια
2228 4125 2269 4214 ᾗ
2327 4137 2659 4210 στωμυλλο

318 4221 476 4305 μένῳ
520 4222 735 4301 φάναι,
783 4223 895 4301 ,,οἴ
929 4218 984 4282 τ’
1019 4199 1313 4283 ἀλόωνται
1349 4221 1362 4301 J
1399 4221 1603 4301 ψυχὰς
1648 4219 2014 4322 παρθέμενοι
2044 4216 2235 4279 κακὸν
2277 4214 2664 4278 ἀλλοδαποῖσι

321 4284 681 4406 φέροντεςιίς
727 4304 759 4367 ὁ
805 4307 872 4369 δὲ
911 4304 1284 4412 Ἀρίσταρχος
1315 4306 1671 4387 οἰκειότερον
1710 4297 1929 4377 αὐτοὺς
1960 4300 2244 4381 τετάχθαι
2287 4300 2354 4363 ἐν
2396 4311 2478 4363 τῶ
2507 4301 2662 4384 λόγῳ

322 4394 425 4454 τοῦ
475 4392 821 4466 Κύκλωπός
866 4412 1087 4471 φησιν·
1150 4388 1290 4454 οὐδὲ
1333 4393 1444 4474 γὰρ
1495 4400 1610 4451 νῦν
1663 4390 1727 4450 οἵ
1770 4389 1905 4471 περὶ
1954 4387 2295 4468 Τηλέμαχον
2354 4365 2665 4471 λῃστρικόν

321 4503 373 4539 τι
418 4476 804 4558 ἐμφαίνουσι.
881 4482 964 4540 Et
1004 4480 1350 4541 Aristarcho
1394 4480 1632 4556 quidem
1674 4479 1816 4554 quid
1863 4475 2346 4553 respondendum
2389 4477 2498 4551 sit,
2544 4477 2662 4534 iam
