3132 5129
380 2297 432 2342 11

1403 370 1861 432 -476—

466 549 613 605 qua,
662 532 731 587 ut
773 528 849 588 ad
911 530 1144 603 poetam
1200 527 1628 587 descenderent
1680 530 1859 604 atque
1903 528 2333 588 cantilenarum
2388 548 2425 587 a
2481 529 2802 605 Daphnide

464 614 765 689 quondam
812 616 990 687 atque
1022 613 1287 671 Menalca
1316 615 1688 688 acceptarum
1721 614 2321 688 commonefacerent,
2367 613 2798 673 invitabantur.

636 699 764 757 Hoc
807 701 1044 772 sumpto
1100 697 1216 755 iam
1263 697 1413 755 mihi
1456 698 1623 773 vide,
1680 718 1854 773 quam
1913 699 2149 775 egregie
2195 702 2389 757 totum
2444 717 2681 758 carmen
2736 702 2804 758 et

463 783 539 841 ad
606 784 1034 842 sententiarum
1091 788 1446 859 perpetuum
1515 783 1829 842 decursum
1885 786 1947 842 et
2001 783 2077 841 ad
2128 784 2347 843 iustam
2419 784 2801 859 stropharum

465 869 911 944 responsionem
956 867 1190 926 restitui
1240 869 1450 943 queat:

668 994 721 1051 α’

904 999 1235 1051 Βουκολικαί
1274 999 1483 1052 Μοῖσαι
1516 999 1677 1052 δεῦτ’
1718 998 1795 1061 εἰς
1832 998 1941 1064 ἐμέ,
1979 998 2216 1065 φαίνετε
2251 1001 2312 1053 δ’
2348 999 2515 1068 ᾠδάς,

766 1083 866 1147 τάς
902 1084 1041 1139 ποκ’
1078 1082 1200 1146 ἐμοὶ
1224 1084 1537 1151 -χρῄσδοντι
1575 1085 1708 1135 κατ’
1744 1083 1895 1150 ὠρεα
1933 1085 2125 1147 παῖδες
2160 1084 2354 1138 ἄεισαν

767 1168 989 1235 Δάφνις
1025 1171 1057 1223 ὁ
1095 1168 1443 1234 βουκολέων,
1490 1167 1584 1221 ἐπὶ
1620 1172 1705 1232 τῷ
1741 1168 1802 1220 δ’
1837 1166 1999 1221 iuter&
2037 1168 2364 1234 Μενάλκας,

767 1252 831 1316 ἃς
867 1253 1067 1318 ἀγέλας
1102 1255 1207 1305 ὅκα
1252 1252 1400 1305 τεῑδε
1446 1250 1770 1316 συνάγαγον
1806 1252 1882 1316 εἰς
1920 1254 2020 1307 ἕνα
2057 1257 2264 1320 χῶρον.

768 1339 903 1401 τοὺς
938 1339 999 1391 δ’
1033 1339 1131 1403 ἄρ’
1174 1338 1289 1401 ἐγὼ
1328 1337 1637 1403 πράτιστος
1673 1337 1809 1400 ἔπος
1845 1340 1978 1392 ποτὶ
2012 1342 2172 1391 τοῖον
2207 1339 2421 1392 ἔειπον·

899 1457 1321 1538 ,,βουκολιάζεο
1371 1456 1607 1535 Δάφνι,
1655 1456 1724 1518 τὺ
1769 1454 1830 1517 6’
1878 1451 2034 1541 ᾠδοῖς
2076 1452 2252 1539 αρχεσ
2293 1466 2554 1540 πρᾶτος,

766 1541 931 1645 ῳὸἄς
975 1565 1151 1624 αρχεο
1197 1541 1437 1621 Δάφνι,
1493 1540 1879 1616 συναψάσθω
1922 1541 1984 1604 δὲ
2033 1541 2390 1624 Μενάλκας,

764 1628 994 1707 μόσχως
1039 1626 1253 1728 βουσὶν
1281 1624 1582 1721 ὑφέντες,
1638 1624 1759 1688 ὑπὸ
1803 1627 2085 1704 στείραισι
2131 1627 2198 1689 δὲ
2245 1626 2489 1710 ταύρως.

771 1716 863 1791 χοῖ
905 1712 1032 1809 μὲν
1056 1706 1180 1789 ἁμᾶ
1223 1705 1532 1793 βόσκοιντο
1578 1711 1676 1772 καὶ
1726 1711 1790 1772 ἐν
1834 1708 2107 1788 φύλλοισι
2151 1720 2468 1798 πλανῳντο

770 1796 958 1877 μηδὲν
999 1787 1513 1875 ἆτιμαγελεῦντες·
1519 1795 1710 1901 έμιν
1741 1795 1806 1857 δὲ
1852 1821 1921 1857 τυ
1963 1799 2354 1876 βουκολιάζευ

769 1882 1051 1961 ἔκποθεν,
1095 1880 1310 1942 ἄλλοθι
1355 1879 1411 1940 6’
1462 1873 1633 1954 αὖτις
1678 1874 2054 1963 ὑποκρίνοιτο
2102 1881 2444 1958 Μενάλκας.
2451 1887 2491 1922 “

898 2000 977 2062 ὣς
1012 1998 1259 2065 ἐφάμαν·
1297 2001 1329 2053 ὁ
1367 1999 1427 2052 δὲ
1462 2001 1684 2064 Δάφνις
1722 2000 1815 2062 ἑᾶς
1850 2001 2021 2065 ταχὺς
2058 2001 2264 2068 ἄρξατ’
2298 2003 2506 2065 ἀοιδᾶς·

894 2113 1053 2198 ,,ἆδὺ
1097 2116 1284 2195 μὲνε
1249 2145 1287 2179 α
1334 2116 1547 2198 μόσχος
1591 2119 1902 2215 γαρύεται,
1947 2113 2064 2181 ἆὸὐ
2113 2118 2176 2182 δὲ
2219 2118 2291 2198 χᾶ
2335 2123 2489 2199 βῶς,

766 2201 886 2266 ἆδὺ
932 2204 997 2265 δὲ
1043 2202 1114 2283 χᾶ
1162 2199 1369 2285 σύριγξ
1415 2200 1498 2282 χῶ
1532 2198 1839 2303 βουκόλος,
1885 2200 2005 2265 ἆδύ
2050 2203 2115 2265 δὲ
2160 2202 2383 2286 κήγών.

771 2289 894 2349 ἔστι
940 2289 1006 2349 δέ
1046 2312 1145 2367 μοι
1189 2286 1336 2367 παρ’
1383 2286 1546 2370 ὕδωρ
1591 2283 1828 2370 ψυχρὸν
1858 2285 2084 2369 στιβᾶς,
2132 2289 2196 2351 ἔν
2242 2288 2305 2351 δὲ
2349 2290 2624 2352 νένασται

767 2378 985 2435 λευκᾶν
1017 2374 1081 2435 ἐκ
1115 2375 1384 2452 δαμαλᾶν
1415 2373 1565 2435 καλὰ
1598 2374 1877 2453 δέρματα,
1910 2371 2010 2447 τάς
2038 2396 2137 2453 μοι
2167 2372 2274 2437 ἀπ’
2308 2375 2495 2457 ἄκρας

766 2459 877 2535 λὶψ
924 2460 1191 2539 κόμαρον
1235 2462 1555 2541 τρωγοίσας
1601 2458 1766 2559 ἄφαρ
1810 2470 2060 2533 σκοπιας
2107 2459 2227 2520 ἕτίν
2213 2463 2387 2534 ἀξεν.

768 2571 844 2606 τω
896 2544 958 2606 δὲ
1002 2542 1221 2621 θέρευς
1264 2542 1595 2626 φρύγοντος
1639 2540 1752 2624 ἐγώ
1799 2542 2011 2607 τόσσον
2040 2546 2387 2647 μελεδαίνω,

766 2624 951 2692 όσσον
995 2628 1141 2707 ἐρῶν
1188 2654 1274 2702 τις
1321 2638 1464 2705 παῖς
1509 2631 1728 2711 πατρὸς
1773 2627 1872 2692 καὶ
1916 2630 2138 2706 ματρὸς
2182 2625 2486 2693 ἆκούειν.“

883 2711 1072 2789 οὕτως
1108 2717 1348 2790 Δάφνις
1377 2716 1576 2777 ἄεισεν
1606 2714 1757 2816 έμὶν,
1804 2711 1995 2787 οὗτῶς
2026 2715 2094 2776 δὲ
2129 2714 2485 2789 Μενάλκας·

878 2800 1120 2876 ,,Αἱ’τι·α
1162 2809 1343 2877 μᾶτερ
1390 2799 1520 2880 ἐμά,
1566 2794 1730 2881 κήγω
1775 2798 1959 2862 καλὸν
2001 2799 2224 2881 α’ντρον
2267 2798 2504 2861 ἐνοικέω

764 2885 985 2957 κοίλαις
1032 2884 1098 2946 ἐν
1140 2882 1475 2959 πέτραισιν·
1523 2885 1635 2987 ἔχω
1681 2885 1743 2945 δέ
1787 2909 1906 2965 τοι,
1952 2882 2088 2947 οσσ’
2139 2884 2204 2946 ἐν
2247 2883 2460 2968 ὀνείρῳ

766 2969 1116 3046 φαίνονται,
1162 2963 1378 3042 πολλὰς
1421 2992 1532 3049 μεν
1576 2964 1728 3070 ὄις,
1747 2932 1961 3042 πολλὰς
2005 2969 2072 3032 δὲ
2115 2972 2421 3051 χιμαίρας,

765 3047 815 3112 ὦ
856 3076 956 3130 μοι
999 3053 1149 3135 πρὸς
1194 3060 1425 3139 κεφαλᾷ
1471 3054 1576 3115 καὶ
1617 3046 1764 3129 πρός
1807 3056 1943 3117 ποσὶ
1990 3057 2148 3118 κώεα
2193 3062 2418 3162 κεῖται,

763 3135 829 3197 ἐν
870 3138 1014 3216 πυρι
1059 3137 1124 3199 δὲ
1170 3117 1406 3221 δρυίνῳ
1438 3141 1602 3217 χορία
1648 3145 1750 3219 ζεῖ,
1797 3140 1865 3202 ἐν
1906 3140 2048 3218 πυρὶ
2100 3135 2157 3196 δ’
2206 3165 2350 3202 αυαι

763 3223 943 3303 φαγοὶ
988 3225 1414 3302 χειμαίνοντος·
1463 3223 1573 3324 ἔχω
1618 3224 1685 3286 δέ
1727 3249 1813 3286 τοι
1858 3221 1931 3286 οὗ
1977 3221 2151 3288 τόσον
2195 3225 2361 3306 αἴραν

764 3310 1031 3387 χείματος
1079 3305 1124 3386 ἢ
1164 3306 1352 3381 νωδὸς
1396 3307 1642 3388 καρύων
1683 3306 1930 3390 ἆμύλοιο
1974 3310 2282 3394 παρόντος.
2291 3313 2333 3347 “

887 3399 1007 3466 τοῖς
1051 3392 1162 3472 μὲν
1206 3391 1656 3493 έπεπλατοὶγησα
1700 3394 1800 3457 καὶ
1844 3391 2058 3458 αυτίκα
2113 3400 2310 3476 δωρον
2356 3394 2566 3473 ἔδωκα,

772 3472 1039 3556 Δαφνιδι
1086 3477 1199 3556 μὲν
1243 3473 1524 3580 κορύναν,
1571 3503 1679 3542 ταν
1720 3504 1818 3561 μοι
1863 3480 2080 3563 πατρὸς
2123 3481 2379 3561 ἔτραφεν
2419 3475 2620 3560 αγρός,

761 3557 1058 3641 αὐτοφυῆ,
1103 3562 1212 3624 τὰν
1254 3588 1325 3624 ου
1368 3588 1473 3625 κεν
1515 3563 1662 3626 ἰδων
1704 3566 2020 3646 μωμᾶσατο
2066 3567 2314 3646 τέκτων,

764 3671 917 3751 τηνω
964 3647 1027 3709 δὲ
1070 3645 1335 3727 στρόμβω
1379 3647 1569 3711 καλὸν
1611 3649 1921 3730 ὄστρακον,
1966 3646 2017 3714 αἶ
2061 3650 2235 3732 κρέας
2278 3646 2458 3725 αὐτὸς

763 3709 1020 3812 σιτηθην
1064 3732 1373 3810 πέτραισιν
1418 3731 1484 3794 ἔν
1518 3731 1851 3814 ’Ῥκαρίαισι
1896 3734 2209 3817 δοκευσας,

761 3815 937 3879 πέντε
983 3816 1182 3896 ταμὼν
1224 3815 1391 3879 πέντ’
1439 3813 1637 3881 οὖσιν·
1684 3818 1715 3880 ὁ
1764 3818 1824 3882 6'
1873 3818 2310 3901 ἕγκαναχήσατο
2354 3821 2559 3923 κόχλῳ.

880 3902 1226 4001 βουκολικαι
1274 3908 1510 3966 Μοῖσαι
1554 3906 1712 3982 μάλα
1743 3906 1989 3986 χαίρετε,
2035 3909 2277 3985 φαίνετε
2324 3897 2378 3965 δ’
2431 3882 2614 3990 ω’δᾶς,

765 4011 865 4057 τας
910 3983 1038 4048 τόκ’
1088 3978 1200 4065 ἐγω
1247 3988 1479 4064 τήνοισι
1522 4011 1732 4070 παρων
1775 3991 1946 4052 αεισα
1995 3995 2294 4070 νομεῦσιν,

762 4067 845 4148 μή
891 4095 992 4133 κεν
1039 4071 1134 4134 ἐπὶ
1176 4066 1507 4152 γλώσσας”
1470 4098 1659 4152 ακρας
1691 4071 2067 4174 ὀλοφυγδόνα
2114 4077 2312 4156 φύσω.

762 4154 948 4231 τέττιξ
993 4155 1103 4234 μὲν
1150 4156 1359 4238 τέττιγι
1403 4160 1606 4236 φίλος,
1651 4155 1914 4261 μύρμακι
1962 4160 2028 4222 δὲ
2071 4163 2337 4262 μύρμαξ,

763 4241 965 4321 ἴρακες
1011 4241 1068 4300 6’
1120 4242 1344 4321 ἴραξιν,
1392 4243 1521 4321 ἐμὶν
1566 4239 1623 4303 6'
1670 4237 1708 4304 ἆ
1757 4251 1967 4307 Μοῖσα
2010 4246 2112 4307 καὶ
2160 4243 2304 4345 ῳδοὶ.

884 4328 985 4399 τᾶς
1027 4350 1124 4405 μοι
1172 4338 1288 4402 πᾶς
1334 4328 1427 4407 εἴη
1472 4335 1671 4402 πλεῖος
1716 4331 1924 4409 δόμος
1972 4331 2122 4394 οὔτε
2156 4355 2266 4412 γαρ
2311 4329 2502 4404 ὕπνος

763 4443 826 4495 ἐν
864 4446 1096 4512 μαλακῷ
1134 4447 1367 4509 λειμῶνι
1401 4445 1740 4512 κεκμακόσιν
1775 4448 1932 4502 ἐστὶν
1967 4446 2177 4512 ὁδίταις

2738 2389 2803 2435 10

2735 2813 2795 2862 15

2719 4087 2788 4133 30
