3132 5129
1307 394 1602 459 -257
1695 432 1770 442 —-

777 548 946 627 Τύνη
991 547 1316 610 Μουσάων
1355 544 1710 630 ἀρχώμεθα,
1758 549 1850 611 ταὶ
1897 550 2000 611 Διὶ
2042 550 2219 630 πατρὶ
2638 562 2705 611 36

670 631 971 713 ὑμνεῦσαι
1015 632 1293 713 τέρπουσι
1333 633 1521 714 μέγαν
1564 631 1710 696 νόον
1753 633 1920 708 ἐντὸς
1957 632 2259 714 Ὀλύμπου

671 717 738 780 ἒν
780 721 1026 803 θαλίῃς·
1077 717 1295 817 ἐρατὴν
1337 716 1404 780 δὲ
1448 715 1546 779 διὰ
1591 717 1774 798 στόμα
1817 720 2010 781 ὄσσαν
2054 721 2233 781 ἱεῖσαι
2640 732 2706 780 66

669 802 996 883 μέλπονται
1037 801 1284 866 πάντων
1327 827 1386 865 τε
1431 800 1651 883 νόμους
1695 804 1797 865 καὶ
1837 805 1997 885 ἤθεα
2042 804 2256 881 κεδνοὶ,

576 902 608 947 5
667 889 926 969 εἰρεῦσαι
970 886 1040 949 τά
1085 883 1137 950 τ’
1188 887 1358 950 ἐόντα
1403 889 1475 949 τά
1519 885 1574 949 τ’
1583 888 1910 992 ἐσσόμενα
1953 889 2069 969 πρό
2115 886 2168 949 τ’
2219 888 2410 967 ἐόντα,
2636 901 2703 948 38

669 976 846 1057 φωνῇ
887 971 1246 1074 ὁμηρεῦσαι·
1293 983 1414 1034 τῶν
1457 968 1519 1035 δ’
1561 969 1864 1053 ακάματος
1910 974 2026 1055 ῥέει
2069 971 2251 1076 αὐδὴ

672 1058 736 1120 ἐκ
782 1060 1094 1139 στομάτων
1133 1052 1336 1138 ἡδεῖα
1384 1065 1550 1163 γελᾷ
1573 1058 1641 1119 δέ
1684 1082 1743 1120 τε
1787 1057 2031 1140 δώματα
2072 1054 2291 1141 πατρὸς
2637 1070 2705 1117 40

670 1143 864 1222 Ζηνὸς
910 1143 1280 1224 ἐριγδούποιο
1320 1149 1483 1205 θεᾶν
1522 1140 1625 1204 ὄπι
1669 1144 1995 1250 λειριοέσσῃ

673 1228 1066 1312 σκιδναμένῃ·
1110 1226 1249 1308 ἠχεῖ
1284 1228 1351 1288 δὲ
1392 1228 1549 1309 κάρη
1590 1229 1902 1308 νιφόεντος
1938 1224 2255 1309 Ὀλύμπου.

368 1334 541 1405 Quod
587 1334 724 1393 huic
767 1334 1072 1410 prooemio
1119 1352 1324 1393 versus
1370 1335 1449 1393 65
1475 1354 1566 1410 sq.
1612 1335 1790 1394 intuli
1835 1336 2003 1395 nullo
2049 1337 2226 1410 pacto
2270 1333 2355 1391 ibi
2400 1333 2502 1392 ubi
2545 1352 2705 1392 nunc

364 1419 650 1495 leguntur
693 1419 1070 1493 tolerandOS,
1128 1436 1300 1477 nemo
1356 1420 1458 1494 qui
1504 1421 1847 1479 criticorum
1891 1420 1964 1479 de
2009 1420 2082 1478 iis
2126 1419 2558 1479 controversias
2600 1438 2703 1477 no-

365 1505 521 1561 verit
566 1503 950 1579 vituperabit,
995 1505 1341 1579 praesertim
1387 1504 1436 1563 si
1482 1505 1545 1563 in
1588 1506 1940 1565 memoriam
1985 1505 2098 1564 sibi
2128 1504 2498 1564 revocaverit
2528 1503 2702 1562 Hom.

364 1590 423 1644 A
455 1590 793 1649 eol—604
837 1589 1351 1648 reconciliatorum
1396 1589 1642 1648 deorum
1687 1592 2055 1650 convivium:

770 1696 852 1778 ὣς
898 1705 1027 1766 τότε
1070 1701 1180 1783 μὲν
1223 1704 1465 1784 πρόπαν
1505 1697 1666 1784 ἦμαρ
1714 1704 1774 1779 ἐς
1817 1699 2017 1785 ἠέλιον
2058 1700 2399 1767 καταδύντα

670 1787 975 1868 δαίνυντ’
1020 1785 1163 1849 οὐδέ
1209 1812 1261 1849 τι
1304 1789 1507 1868 θυμὸς
1552 1788 1783 1852 ἐδεύετο
1829 1790 2029 1865 δαιτὸς
2074 1790 2269 1870 ε’ίσης,

668 1871 739 1935 οὐ
782 1872 895 1953 μὲν
936 1873 1260 1979 φόρμιγγος
1305 1873 1712 1953 περικαλλέος,
1757 1873 1840 1954 ἣν
1884 1872 1971 1955 ἔχ’
2014 1872 2340 1953 Ἀπόλλων,

671 1958 985 2020 Μουσάων
1025 1954 1122 2038 θ’,
1166 1961 1235 2018 αἳ
1276 1954 1480 2021 αειδον
1520 1955 2021 2041 ἀμειβόμεναι
2066 1957 2196 2022 ὀπὶ
2239 1965 2450 2044 καλῇ

364 2064 485 2124 Ubi
541 2083 694 2139 quae
749 2068 1052 2139 postremo
1110 2062 1396 2163 leguntur
1450 2063 1523 2122 de
1568 2065 1876 2124 Musarum
1935 2068 2112 2125 cant-u
2166 2066 2325 2124 idem
2370 2062 2706 2141 significare

365 2168 497 2208 cum
545 2149 841 2208 Hesiodeo
898 2153 1120 2229 φωνῇ
1174 2142 1589 2226 ὁμηρεῦσαι
1648 2150 1825 2226 alter,
1885 2170 2004 2226 quo
2060 2152 2307 2211 verbum
2352 2149 2502 2208 alias
2545 2143 2705 2219 ἅπαξ

364 2229 686 2312 λεγόμενον
727 2234 886 2309 apud
934 2232 1259 2292 Homerum
1304 2234 1543 2311 legitur,
1590 2234 1755 2294 locus
1798 2253 1843 2292 π
1871 2237 1994 2296 468

671 2328 1013 2413 ὡμήρησε
1059 2330 1126 2392 δέ
1168 2355 1269 2411 μοι
1310 2327 1456 2413 παρ’
1505 2330 1754 2414 ἑταίρων
1794 2333 2041 2416 ἅγγελος
2085 2329 2244 2408 ὠκύς

361 2438 621 2498 collatus
667 2456 803 2495 cum
847 2438 970 2496 333

669 2533 749 2597 τώ
795 2533 862 2597 δὲ
907 2531 1381 2642 συναντήτην
1424 2538 1614 2616 κῆρυξ
1655 2536 1756 2598 καὶ
1799 2538 1927 2611 δῖος
1971 2532 2243 2620 ὑφορβός

365 2643 455 2701 ita
499 2641 691 2716 docet,
739 2644 808 2700 ut
850 2642 969 2699 iam
1013 2640 1221 2714 ambae
1265 2643 1595 2701 locutiones
1641 2642 1828 2702 altera
1869 2644 2117 2702 alteram
2161 2643 2442 2702 illustret.
2533 2640 2704 2701 Eius·

364 2727 529 2786 modi
574 2728 735 2785 enim
780 2726 1155 2801 intellegitur
1197 2745 1432 2786 carmen
1477 2726 1887 2802 amoebaeum,
1948 2729 2108 2803 quod
2153 2729 2227 2787 ab
2273 2727 2705 2786 alternantibus

364 2811 554 2870 Musis
599 2814 890 2887 perpetuo
935 2810 1036 2869 filo
1082 2812 1157 2869 ab
1202 2811 1376 2870 initio
1424 2811 1499 2870 ad
1545 2811 1723 2870 finem
1779 2831 1965 2888 usque
2019 2813 2362 2888 deducitur,
2420 2812 2571 2885 sive,
2635 2814 2706 2869 ut

364 2895 624 2954 multum
680 2896 913 2955 iactatis
967 2898 1105 2954 utar
1149 2894 1435 2972 Diogenis
1482 2896 1708 2955 Laertii
1754 2896 1802 2973 Ι,
1851 2899 1907 2972 2,
1956 2900 2034 2957 57
2082 2898 2309 2972 verbis,
2367 2888 2499 2962 οἷον
2548 2891 2705 2953 ὅπου

362 2975 397 3038 ὁ
450 2981 682 3056 πρῶτος
737 2976 980 3057 ἔληξεν,
1039 2975 1276 3038 ἐκεῖθεν
1330 2977 1619 3057 ἄρχεσθαι
1676 2978 1781 3040 τὸν
1836 2975 2135 3059 ἐχόμενον.
2223 2983 2312 3041 Ex
2354 2983 2464 3041 hoc
2506 2984 2706 3040 autem

360 3065 548 3126 verbo
605 3065 854 3142 eiusque
911 3083 1022 3124 usn
1077 3083 1200 3124 non
1256 3085 1326 3124 ex
1382 3066 1666 3125 inauditis
1710 3068 2057 3142 antiquitati
2105 3068 2202 3127 vel
2246 3067 2393 3126 adeo
2441 3065 2703 3125 Sanscri·

361 3151 501 3209 ticis
547 3150 929 3226 etymologiis
977 3168 1179 3208 veram
1220 3151 1537 3227 petendam
1585 3169 1711 3210 esse
1753 3152 2012 3211 nominis
2057 3151 2349 3210 Homeri
2407 3152 2701 3226 interpre-

365 3236 657 3295 tationem
700 3234 885 3294 verbo
930 3234 1221 3294 indicasse
1263 3236 1359 3294 hic
1401 3235 1641 3311 quidem
1688 3235 1966 3295 sufficiat.

539 3318 589 3389 Q
607 3324 896 3378 uartum
940 3321 1311 3394 prooemium
1353 3320 1445 3379 his
1490 3320 1759 3380 versibus
1804 3322 2139 3381 constabat:

2742 1888 2807 1936 14

772 3422 1027 3478 Μοῦσαι
1063 3413 1454 3497 Ὀλυμπιάδες
1499 3427 1715 3496 κοῦραι
1763 3418 1909 3493 Διὸς
1946 3418 2230 3525 αἰγιόχοιο
2458 3431 2525 3478 25
2548 3449 2613 3469 =
2637 3431 2702 3478 52
2758 3436 2763 3439 ’

668 3501 837 3564 θεων
876 3499 1047 3582 γένος
1092 3504 1341 3565 αἰδοίων
1383 3512 1626 3605 πρῶτον
1669 3505 1968 3565 κλειουσιν
2010 3501 2216 3610 ἆοιδῇ,
2639 3515 2708 3562 44

671 3584 731 3662 ἐξ
775 3583 961 3666 ἀρχῆς
1006 3610 1114 3660 ους
1164 3591 1317 3650 Γαια
1361 3588 1462 3649 καὶ
1507 3578 1780 3669 Οὐρανὸς
1824 3586 2006 3667 εύρύς
2051 3612 2299 3666 ετικτον,

677 3670 957 3750 δεύτερον
1002 3695 1144 3734 αυτε
1188 3676 1356 3752 Ζῆνα
1401 3673 1569 3734 θεῶν
1612 3671 1819 3775 πατέρ’
1865 3671 1973 3753 ἠδὲ
2017 3675 2118 3736 καὶ
2159 3669 2420 3755 ἀνδρῶν,
2576 3669 2581 3674 ’
2634 3684 2698 3732 47

577 3768 612 3815 5
668 3755 854 3818 ὅσσον
896 3755 1200 3862 φέρτατός
1228 3755 1350 3818 ἔστι
1391 3764 1561 3819 θεῶν
1604 3754 1814 3838 κράτει
1849 3780 1909 3820 τε
1932 3758 2279 3862 α’μιξγιστοςη
2637 3769 2703 3817 49

670 3834 840 3914 αὖτις
884 3837 945 3901 δ’
990 3835 1336 3923 ἀνθρώπων
1377 3864 1437 3903 τε
1479 3841 1652 3924 γένος
1696 3844 1997 3924 κρατερῶν
2040 3867 2100 3906 τε
2142 3842 2457 3925 γιγάντων.

363 3947 456 4006 Eo
501 3949 564 4005 et
605 3946 738 4020 ipso
781 3946 1076 4022 copiosius
1117 3947 1493 4022 promittitur
1519 3951 1941 4024 argumentum
1968 3968 2147 4023 quam
2180 3948 2354 4024 quale
2383 3948 2703 4007 hodiernae

362 4032 643 4092 relictum
690 4030 972 4090 habemus
1005 4031 1402 4108 Theogoniae,
1447 4035 1517 4090 ut
1559 4033 1670 4092 hoc
1713 4033 1952 4108 quidem
1997 4032 2303 4093 exordium
2346 4033 2703 4109 pertinuisse

362 4117 641 4177 videatur
683 4114 759 4173 ad
805 4115 1146 4175 universum
1179 4119 1507 4177 carminum
1551 4118 2071 4194 genealogicorum
2116 4136 2345 4194 corpus,
2393 4119 2557 4179 cuius
2587 4117 2704 4194 pri-

365 4220 524 4260 mam
582 4204 813 4276 partem
857 4218 983 4259 esse
1025 4205 1292 4262 nostram
1337 4202 1743 4278 Theogoniam
1788 4221 1971 4277 supra
2010 4204 2130 4262 iam
2174 4203 2473 4262 admonui.
2560 4202 2706 4262 Esse

366 4304 508 4350 vero
553 4285 665 4344 hoc
710 4303 947 4360 quoque
992 4288 1134 4346 mali
1178 4286 1598 4347 versificatoris
1640 4291 1877 4363 praeter
1920 4287 2295 4362 singulorum
2337 4288 2703 4348 ieiunitatem

364 4370 625 4430 maxime
691 4371 953 4429 ostendit
1020 4371 1501 4449 monosyllabum
1557 4370 1726 4430 θεῶν
1780 4393 1816 4432 a
1868 4372 2159 4431 bonorum
2224 4374 2530 4448 epicorum
2596 4393 2706 4432 usu

366 4456 649 4515 alienum.

469 4559 719 4611 Kochly,
747 4561 998 4602 Schriften.
1047 4563 1083 4603 1.
1805 4571 1811 4578 ‘
2241 4559 2300 4607 17
