3132 5129
1254 399 1354 439 ⁶—-
1440 392 1565 456 553
1656 430 1735 440 —

335 550 573 607 laborat
615 548 1019 622 incommodo,
1065 550 1226 623 quod
1271 552 1332 609 et
1376 569 1482 625 per
1526 569 1588 609 se
1634 550 1838 609 durius
1883 552 1974 608 est
2017 549 2090 608 ad
2136 551 2454 609 articulum
2497 552 2669 609 illum

339 634 605 709 suppleri
652 653 720 692 ex
767 634 1064 694 infinitivo
1118 635 1499 709 participium
1557 638 1617 693 et
1671 637 1926 711 augetur
1980 635 2293 710 scrupulus
2351 654 2448 711 e0,
2511 637 2671 711 quod

337 719 718 795 participium
768 718 1001 778 diverso
1061 738 1267 794 sensu,
1329 722 1504 794 atque
1549 739 1729 795 supra
1771 720 2105 780 infinitivus
2161 719 2354 780 dictus
2412 722 2539 779 erat
2598 721 2669 778 de

338 822 477 863 vero
535 804 814 879 interitu,
880 804 975 863 hic
1029 803 1499 881 intellegendum
1559 806 1714 864 esset
1778 805 1988 864 latiore
2056 824 2230 864 sensu
2299 805 2370 863 de
2437 805 2673 880 perdita

341 889 648 963 utriusque
710 888 1101 948 adolescentis
1157 888 1527 949 condicione.
1611 890 1742 949 Hoc
1795 891 1898 965 qui
1955 890 2264 965 perspexit
2320 891 2671 966 Hartungus

339 974 575 1049 longius
619 993 689 1032 ex
730 992 893 1032 more
938 992 1283 1051 progressus
1341 977 1431 1033 est
1484 974 1901 1053 coniungendo
1948 975 2089 1035 haec
2132 994 2266 1034 cum
2322 976 2670 1036 anteceden-

338 1058 500 1117 tibus
546 1060 629 1119 sic
674 1060 948 1119 mutatis:

1050 1152 1576 1237 διολλύμενος,
1620 1160 1831 1266 αἰαῖ,

1049 1242 1293 1323 πότερος
1339 1240 1372 1305 ὁ
1414 1245 1695 1322 μᾶλλον
1737 1268 1863 1317 αυ;

337 1381 665 1441 Infeliciter
723 1377 1010 1457 profecto,
1102 1382 1287 1457 Nam,
1345 1382 1462 1441 alia
1519 1386 1589 1441 ut
1643 1384 1897 1457 taceam,
1959 1385 2090 1459 quis
2149 1388 2269 1443 tam
2327 1404 2671 1458 perversum

340 1468 493 1526 ferat
536 1467 852 1526 verborum
898 1466 1209 1525 ordinem?
1267 1468 1468 1526 Aliam
1512 1469 1671 1527 viam
1718 1467 1821 1526 sed
1866 1469 2077 1527 iisdem
2123 1469 2372 1527 salebris
2417 1470 2675 1528 obsitam

338 1548 641 1629 ingressus
687 1551 1015 1611 Schoenius
1060 1548 1307 1627 πότερος
1349 1545 1381 1611 ὁ
1430 1545 1525 1629 μὴ
1569 1550 1853 1630 μέλλων
1899 1554 2136 1629 scripsit
2179 1554 2285 1613 hac
2330 1554 2532 1613 addita
2577 1575 2672 1612 ex-

336 1637 684 1713 plicatione:
751 1638 959 1705 ,‚ach‚
1019 1639 1178 1707 ach,
1234 1639 1540 1698 welcher
1582 1656 1723 1698 von
1769 1639 2049 1698 Beidcn
2090 1645 2287 1698 wc'irc.
2321 1641 2429 1699 als
2470 1641 2675 1699 nicht

337 1725 523 1782 daza
567 1723 926 1782 bestimmt
961 1716 1219 1800 (μέλλων
1249 1742 1328 1782 se.
1361 1718 1752 1803 διόλλυσθαι)
1781 1725 2197 1783 anzuselm?
2261 1724 2340 1785 D.
2372 1725 2428 1782 h.
2461 1725 2676 1784 Beidcr

337 1808 498 1882 Laye
540 1810 615 1866 ist
671 1809 772 1867 der
815 1804 956 1875 Art,
1008 1810 1145 1868 dass
1186 1827 1331 1867 man
1371 1827 1486 1868 von
1539 1811 1764 1868 kemem
1807 1810 1985 1868 allcin
2026 1827 2207 1884 seyen
2248 1811 2442 1878 kann,
2489 1827 2552 1869 er
2592 1812 2675 1869 sei

338 1894 439 1951 der
491 1894 620 1951 clem
679 1892 1019 1968 Unteryany
1086 1892 1467 1964 Verfallene.“
1557 1894 1867 1953 Sententia
1935 1894 2008 1952 ab
2063 1894 2339 1953 omnibus
2405 1896 2675 1969 quaesita

337 1978 721 2052 generalioris
767 1976 1215 2053 significationis
1270 1980 1482 2052 verb0‚
1541 1978 1700 2054 quod
1745 1978 1819 2037 ad
1865 1980 2185 2054 utrumque
2230 1979 2535 2038 commodo
2581 1999 2672 2037 re-

339 2064 622 2138 ferretur,
679 2063 1061 2137 exprimenda
1117 2064 1260 2138 fuit,
1320 2063 1477 2139 quod
1532 2064 1783 2123 verbum
1839 2083 1958 2123 non
2018 2064 2227 2122 dubito
2286 2064 2431 2140 quin
2489 2065 2671 2122 fuer-it

339 2140 584 2224 πότερος
629 2141 662 2205 ὃ
706 2143 965 2222 μέλεος
1010 2144 1129 2206 ὤν.

507 2232 583 2291 V.
632 2234 755 2292 834
787 2252 875 2308 sq.
921 2234 983 2291 in
1026 2232 1198 2291 libris
1243 2233 1327 2291 sic
1372 2233 1682 2310 leguntur:

829 2348 892 2409 τὸ
940 2346 1007 2408 δέ
1049 2371 1105 2408 τι
1148 2345 1367 2429 βρέφος
1412 2347 1617 2425 ἔλιπον
1657 2343 1941 2428 ἀγκάλαι-

826 2454 884 2495 σι
932 2430 1147 2513 νεαρὸν
1190 2436 1416 2513 τροφοῦ
1455 2433 1670 2515 νεαρὸν
1716 2432 1780 2496 ἐν
1824 2429 2060 2511 δόμοις,

337 2578 400 2633 et
443 2577 633 2633 metro
677 2574 894 2649 prioris
939 2593 1143 2634 versus
1188 2579 1249 2633 ct
1293 2594 1469 2634 sensu
1499 2575 1904 2650 pessumdato.
1980 2574 2193 2631 Primis
2239 2575 2437 2633 verbis
2487 2575 2671 2633 latere

339 2651 489 2716 τότ’
541 2656 575 2715 ἕ
584 2679 657 2715 τι
701 2662 860 2718 recte
906 2661 1024 2718 iam
1071 2659 1297 2717 dudum
1341 2659 1712 2719 intellectum
1748 2663 1868 2733 est,
1917 2678 2025 2718 nec
2069 2659 2411 2718 Hermanno
2457 2678 2670 2733 prono-

341 2764 478 2803 men
524 2739 602 2801 σέ
647 2744 848 2802 deesse
893 2744 1305 2819 pronuntianti
1352 2746 1664 2820 quisquam
1708 2744 2086 2805 contradixit.
2160 2744 2232 2802 In
2276 2745 2487 2802 ceteris
2532 2764 2672 2804 vero

2711 1986 2772 2031 10

343 2831 428 2889 ita
472 2830 872 2888 discesserunt
917 2829 1138 2904 critici,
1195 2833 1263 2887 ut
1307 2829 1612 2889 Klotzium
1658 2831 1923 2905 „incerta
1965 2847 2151 2925 paene
2197 2831 2395 2888 omnia
2440 2829 2670 2888 videri“
2714 2879 2715 2882 ,

341 2915 634 2974 dicentem
689 2932 798 2972 nee
853 2915 1083 2973 mireris
1150 2932 1258 2972 nec
1315 2915 1635 2989 improbeS.
1724 2915 1997 2973 Profecto
2058 2914 2244 2989 enim,
2311 2933 2456 2972 num
2523 2914 2670 2972 Her-

341 3018 556 3058 manno
602 2998 752 3057 duce
797 2995 956 3057 τότε
1016 3013 1125 3072 σε,
1179 2990 1298 3056 τότ’
1358 2995 1439 3056 ἔτι
1495 2996 1717 3077 βρέφος
1774 2999 2181 3073 scribendum,
2242 3018 2318 3057 an
2372 3003 2479 3058 aut
2537 3019 2670 3057 cum

341 3084 630 3185 ⁹Sochoenio
677 3076 798 3140 τότ’
848 3079 962 3158 ἔτι,
1020 3081 1178 3142 τότε
1223 3079 1453 3179 βρέφος
1485 3079 1543 3142 σ’
1606 3082 1810 3142 ἔλιπον
1866 3086 1971 3142 aut
2031 3103 2165 3143 cum
2219 3084 2486 3142 Nauckio
2543 3076 2667 3141 τότ’

341 3165 424 3225 ἔτι
468 3164 690 3243 βρέφος
736 3163 944 3226 ἔλιπον
996 3164 1245 3226 ἔλιπον
1298 3161 1584 3246 ἆγκαλαις
1641 3165 1720 3226 σὲ
1777 3165 1994 3245 νεαρόν
2048 3169 2531 3243 praeferendum,
2595 3189 2671 3228 an

340 3255 485 3314 adeo
530 3253 1040 3312 Kirchhoffianum
1083 3250 1214 3312 τότε
1260 3248 1319 3310 σ’
1386 3250 1468 3311 ἔτι
1511 3251 1733 3330 βρέφος
1780 3249 1982 3310 ἔλιπον
2027 3247 2054 3308 ἐ
2067 3274 2102 3310 ν
2157 3245 2468 3330 οἴγκάλαισι
2524 3255 2670 3312 reci-

343 3339 622 3414 piendum
669 3339 776 3413 sit,
835 3358 955 3397 non
1000 3344 1122 3397 tam
1180 3339 1330 3413 „sub
1386 3339 1578 3398 iudice
1632 3339 1749 3397 lis“
1805 3338 2045 3397 videtur
2100 3356 2225 3397 esse
2281 3358 2455 3414 quam
2511 3339 2672 3396 aleae

343 3424 700 3498 periculum,
747 3424 860 3481 nisi
907 3425 1065 3498 quod
1111 3426 1174 3483 in
1217 3424 1308 3482 his
1353 3425 1630 3483 omnibus
1661 3423 1955 3499 particula
1998 3416 2163 3480 τότε
2207 3424 2422 3481 merito
2469 3422 2672 3498 displi-

343 3512 438 3568 cet
481 3510 737 3583 primum
784 3508 976 3567 locum
1025 3510 1149 3569 sine
1193 3508 1318 3567 ulla
1370 3527 1544 3567 causa
1589 3527 1860 3572 onerans
1932 3507 2157 3566 Verum
2203 3507 2277 3565 ad
2321 3507 2671 3566 anteceden-

268 3587 282 3598 ”
346 3594 458 3667 tia,
505 3592 721 3667 quibus
764 3593 1098 3653 adnectitur
1127 3592 1471 3670 Iphigeniae
1503 3595 1718 3669 orati0‚
1767 3595 1816 3652 si
1861 3592 2255 3651 attendissent
2300 3593 2670 3668 interpreteS,

339 3678 545 3753 facile,
578 3677 719 3754 quid
751 3678 875 3737 eius
907 3681 1193 3738 orationis
1224 3679 1395 3737 initio
1440 3678 1834 3774 desideretur,
1865 3676 2336 3752 perspexissent,
2380 3698 2497 3752 qua
2538 3696 2671 3736 cum

305 3764 445 3829 ,illa
474 3795 551 3804 —
586 3759 698 3838 ἔχω
742 3753 800 3820 σ’
848 3753 1087 3838 Ὀρέστα
1132 3755 1451 3840 τηλύγετον
1496 3767 1559 3822 et
1603 3753 1766 3842 κάγώ
1812 3778 1875 3820 σε
1918 3759 2028 3839 τὴν
2072 3760 2393 3819 θανοῦσαν
2420 3794 2504 3804 --
2536 3781 2670 3820 eon-

340 3849 681 3924 tinuentur,
739 3850 908 3924 patet
949 3847 1060 3906 hoe
1103 3847 1277 3907 modo
1323 3849 1659 3909 incohatam
1716 3849 1857 3909 olim
1915 3847 2127 3906 fuisse.
2187 3842 2296 3920 σέ,
2353 3842 2485 3904 τὸν
2544 3838 2666 3902 τότ’

341 3929 423 3989 ἔτι
476 3928 732 4011 βρέφος,
788 3933 1064 3992 similiter
1126 3937 1308 4008 atque
1366 3953 1546 4008 supra
1614 3955 1666 3993 v.
1726 3935 1851 3993 230
1894 3951 2019 4009 sqq.
2088 3932 2401 4008 Iphigenia
2466 3928 2669 4003 κλαίω,

341 4018 513 4118 dixit,
572 4012 866 4108 σύγγονον
920 4011 1104 4094 ἀμόν,
1164 4011 1267 4076 τὸν
1323 4015 1526 4076 ἔλιπον
1586 4014 1671 4075 ε”τι
1724 4013 1947 4095 βρέφος
1997 4014 2006 4098 Ι
2057 4011 2464 4093 ἐπιμαστίδιον
2520 4008 2671 4092 τότε,

341 4099 477 4161 νέον
522 4099 606 4159 ἔτι
649 4093 872 4177 θαλος,
929 4105 1147 4179 quibus
1207 4106 1278 4163 de
1337 4104 1532 4164 verbis
1591 4104 1926 4179 expositum
1985 4105 2076 4161 est
2132 4103 2194 4161 in
2251 4102 2670 4162 dissertatione

339 4188 430 4246 III
473 4210 533 4263 p.
582 4190 660 4247 23
694 4208 781 4263 sq.
830 4183 1038 4266 [supra
1080 4210 1134 4265 p
1168 4189 1289 4248 545
1314 4185 1450 4268 squ]

510 4274 703 4333 Multo
748 4273 1084 4332 difficiliora
1128 4278 1298 4350 sunt,
1359 4294 1510 4350 quae
1554 4273 1758 4332 statim
1805 4275 2135 4348 sequuntur
2179 4273 2238 4331 in
2283 4273 2410 4332 cod.
2444 4273 2503 4332 B
2546 4292 2672 4332 cor-

341 4359 682 4435 ruptissime
726 4359 812 4416 sic
855 4359 1103 4435 scripta:

833 4448 880 4518 ὦ
925 4464 1199 4532 κρεῖσσον
1240 4455 1286 4535 ἢ
1327 4456 1590 4538 λόγοισιν
1634 4449 1899 4537 εὐτυχῶν
1942 4454 2087 4536 ἐμοῦ
