3132 5129
1273 388 1339 400 -
1440 350 1729 414 159—

321 527 502 584 quam
543 509 664 566 alia
717 509 973 583 ratione,
1033 527 1212 584 quam
1270 527 1388 583 qua
1432 506 1808 566 Godofredus
1855 506 2237 565 Hermannus
2281 526 2425 566 usus
2468 512 2563 566 est
2606 509 2667 566 in

318 593 540 652 litteris
596 594 671 651 ad
729 593 1068 652 Bekkerum
1124 593 1280 651 datis
1348 592 1643 667 repetitus
1707 591 1782 649 ab
1841 592 2126 650 Ameisi0.
2226 592 2453 650 Auctor
2507 594 2667 651 enim

317 679 603 752 prooemii
621 723 654 752 ,-
685 698 864 753 quem
909 679 1163 737 eundem
1193 696 1320 736 esse
1351 695 1485 736 cum
1515 676 1794 736 carminis
1823 677 2014 735 nostri
2044 680 2219 751 poeta
2248 676 2399 734 nihil
2433 677 2664 752 dubito,

316 782 442 822 non
471 764 887 822 nominaturus
918 764 1021 822 sed
1051 767 1179 823 toto
1223 762 1527 837 prooemio
1575 760 1983 836 descripturus
2012 779 2184 819 suum
2216 761 2451 820 heroem
2484 781 2665 821 unam

321 848 582 922 primum
629 849 917 923 proponit
960 849 1088 907 eius
1117 848 1422 921 virtutem,
1471 864 1591 921 qua
1634 846 1735 904 ille
1778 865 1884 921 per
1912 849 2107 905 totum
2138 848 2434 905 terrarum
2464 846 2666 906 orbem

325 952 388 991 se
432 932 722 991 celebrari
768 934 895 1008 ipse
941 932 1087 992 dicit
1129 952 1150 987 ι
1187 933 1262 990 19
1268 950 1378 1007 sq.

625 1040 736 1141 εἴμ’
776 1038 1061 1120 Ὀδυσευς
1107 1043 1517 1125 Λαερτιάδης,
1564 1037 1628 1118 ὃς
1672 1055 1852 1105 πᾶσι
1897 1043 2240 1106 δόλοισιν

625 1123 1004 1211 ἀνθρώποισι
1045 1131 1233 1211 μέλω,
1281 1155 1382 1192 και
1424 1152 1536 1210 μευ
1581 1132 1745 1203 κλέος
1791 1122 2056 1210 οὐρανὸν
2099 1153 2248 1209 ικει,

320 1271 541 1346 quippe
585 1290 707 1346 qua
750 1272 972 1331 virtute
1019 1271 1091 1329 in
1137 1271 1334 1330 omni
1381 1289 1506 1329 sua
1549 1270 1705 1329 vita
1749 1269 2057 1344 excelluit3
2113 1272 2243 1327 tum
2300 1270 2547 1345 propius
2592 1270 2665 1329 ad

320 1357 435 1414 sui
479 1357 864 1432 propositi
909 1358 1431 1432 argumentum
1479 1355 1761 1414 accedens
1802 1355 2162 1429 multiplices
2193 1355 2304 1414 viri
2334 1357 2474 1430 post
2503 1375 2665 1414 ever·

322 1460 444 1499 sam
487 1440 564 1499 ab
610 1459 678 1499 eo
711 1440 952 1500 Troiam
997 1459 1297 1499 errores
1344 1441 1767 1499 commemorat
1807 1457 1928 1498 non
1973 1443 2173 1497 tamen
2204 1458 2405 1498 omnes
2434 1442 2664 1514 prolixe

321 1524 681 1585 enarrandos
740 1545 776 1583 a
829 1545 891 1585 se
950 1527 1114 1600 ipse,
1171 1527 1391 1601 quippe
1446 1525 1549 1599 qui
1605 1526 1871 1598 tantum,
1937 1543 2087 1599 quae
2143 1524 2217 1582 in
2275 1527 2507 1599 ponto
2563 1525 2664 1582 ille

320 1629 733 1686 perpessus
777 1611 885 1670 sit
930 1610 1155 1669 frustra
1196 1628 1363 1669 suam
1408 1609 1591 1668 simul
1635 1611 1814 1684 atque
1860 1610 2156 1668 sociorum
2203 1610 2451 1667 salutem
2486 1628 2664 1684 quae-

321 1714 486 1770 rens,
535 1698 956 1770 persecuturus
1002 1696 1082 1754 sit
1126 1714 1232 1754 suo
1279 1694 1570 1768 carmine,
1630 1694 1722 1751 cui
1767 1694 2101 1752 fabularum
2147 1694 2218 1752 de
2264 1692 2439 1753 Ulixe
2481 1695 2663 1752 iacta·

321 1784 518 1838 tarum
561 1783 858 1856 partem
903 1783 1139 1839 tantum
1187 1780 1380 1838 inesse
1425 1778 1640 1838 ultimo
1684 1779 1972 1853 prooemii
2016 1796 2194 1837 versu
2249 1778 2396 1837 satis
2441 1777 2660 1838 diserte

321 1864 559 1924 indicat.

490 1950 587 2008 Ita
631 1950 831 2008 omnia
875 1950 1025 2008 bene
1069 1948 1436 2024 procedunt,
1485 1947 1804 2007 dummodo
1852 1947 2147 2006 tollantur
2193 1967 2249 2012 v,
2285 1949 2448 2006 7--9

628 2058 840 2126 αὐτῶν
880 2060 991 2146 γὰρ
1036 2062 1405 2171 σφετέρῃσιν
1431 2060 1864 2167 ἀτασθαλίῃσιν
1909 2056 2145 2141 ολοντο,

626 2150 864 2229 νήπιοι,
911 2151 971 2211 οἳ
1012 2142 1161 2210 κατα
1205 2153 1352 2230 βοῦς
1389 2126 1747 2228 Ὑπερίονος
1780 2143 1997 2227 ἠελίοιο

620 2233 873 2314 ἤσθιον·
922 2230 1112 2315 αὐτὰρ
1154 2228 1186 2295 ὃ
1229 2241 1417 2296 τοῖσιν
1459 2230 1734 2310 αφείλετο
1776 2231 2057 2312 νόστιμον
2098 2255 2289 2311 ημαρ,

325 2374 428 2450 qui
474 2377 602 2432 tum
663 2373 900 2432 demum
957 2354 1315 2450 interpositi
1354 2376 1524 2448 sunt,
1584 2375 1902 2449 postquam
1957 2371 2094 2430 huic
2150 2370 2372 2447 Nosto,
2431 2372 2490 2430 in
2547 2392 2663 2448 quo

317 2459 572 2533 simplex
618 2477 855 2534 unaque
901 2459 1259 2520 calamitatis
1308 2458 1551 2518 Ulixeae
1599 2477 1774 2516 causa
1816 2457 2085 2532 Neptuni
2131 2456 2219 2514 ira
2262 2457 2381 2514 fuit
2422 2461 2666 2532 propter

319 2543 758 2620 Polyphemum
813 2544 1193 2604 obcaecatum
1257 2546 1569 2620 concepta,
1627 2543 1908 2618 Necyia
1963 2541 2166 2600 addita
2218 2544 2312 2601 est
2365 2542 2533 2601 illam
2594 2541 2667 2601 de

319 2630 479 2688 Solis
523 2630 722 2689 bubus
766 2629 1060 2689 sociorum
1107 2630 1445 2689 temeritate
1488 2628 1761 2688 mactatis
1801 2626 2064 2686 fabulam
2093 2631 2322 2687 tenens.
2390 2626 2665 2687 Ceterum

320 2715 443 2772 iam
501 2714 810 2773 Bekkerus
866 2734 922 2774 v.
958 2715 995 2772 8
1042 2718 1103 2774 et
1145 2716 1182 2773 9
1241 2715 1428 2773 serius
1486 2714 1723 2773 additos
1781 2731 1906 2772 esse
1977 2713 2238 2788 putavit,
2309 2732 2665 2789 quamquam

321 2800 442 2857 alia
487 2799 558 2858 de
606 2818 808 2873 causa,
856 2799 1024 2859 cuius
1067 2799 1481 2858 auctoritatem
1526 2801 1766 2858 secutus
1810 2800 1903 2856 est
1946 2796 2368 2857 KirchhoffiuS.

493 2884 864 2943 Recentioris
909 2885 1087 2942 etiam
1144 2884 1395 2960 originis
1448 2884 1668 2959 quippe
1723 2882 1913 2941 additi
1958 2901 1992 2940 a
2033 2886 2332 2958 postremo
2379 2884 2662 2957 omnium,

317 2987 474 3044 quae
530 2968 816 3027 hodierna
872 2967 1172 3044 Odysseae
1228 2987 1516 3045 compage
1574 2969 1987 3042 continentur,
2044 2968 2372 3026 carminum
2428 2987 2665 3028 consar-

319 3053 593 3112 cinatore
634 3057 778 3113 sunt
820 3074 877 3113 v.
919 3056 994 3112 18
1020 3073 1110 3130 sq.

627 3168 708 3242 εἰς
744 3162 999 3268 Ἰθάκην
1076 3163 1207 3229 οὐδ’
1255 3169 1411 3230 ἔνθα
1455 3134 1829 3247 πεφυγμένος
1870 3158 1979 3246 ἦεν
2021 3164 2262 3229 ἀέθλων

627 3252 729 3313 καὶ
775 3245 920 3331 μετὰ
966 3213 1081 3314 οἷσι
1128 3255 1382 3331 φίλοισι·
1428 3252 1565 3315 θεοι
1614 3250 1669 3312 d’
1721 3247 2066 3331 έλέαιρον“
2027 3276 2314 3332 απαντες,

318 3394 425 3468 qni
472 3411 654 3468 quam
710 3394 1054 3468 importune
1113 3393 1543 3453 sententiarum
1608 3392 2046 3451 cohaerentiam
2113 3391 2527 3467 interpellant,
2606 3396 2667 3450 et

213 3508 220 3513 ·
317 3477 633 3537 Bekkerus
677 3477 935 3537 dilucide
982 3477 1420 3537 demonstravit
1462 3494 1572 3536 nec
1602 3477 1956 3536 novissimos
1988 3476 2146 3552 fugit
2175 3477 2429 3535 editores
2461 3495 2666 3550 quam-

325 3582 503 3637 quam
550 3581 622 3620 ex
668 3581 908 3621 suorum
954 3563 1242 3622 librorum
1288 3562 1521 3621 ratione
1568 3562 1730 3620 illam
1777 3561 2163 3620 offensionem
2218 3560 2664 3636 interpretando

323 3647 718 3707 occultantes.
807 3646 1007 3706 Unum
1058 3650 1291 3706 tantum
1336 3647 1432 3706 hic
1475 3646 1758 3717 adnotare
1803 3646 2054 3721 sufficit,
2114 3646 2326 3705 ultima
2370 3646 2486 3705 ista
2531 3640 2661 3702 θεοὶ

318 3726 379 3787 δ’
429 3726 695 3804 ἐλέαιρον
739 3724 1001 3802 ἅπαντες
1047 3732 1227 3793 simul
1271 3752 1402 3792 cum
1451 3732 1844 3807 sequentibus
1876 3726 2049 3798 νόσφι
2086 3724 2505 3799 Ποσειδάωνος
2537 3731 2662 3805 qui-

318 3835 552 3893 cunque
580 3818 908 3895 perlegerit
952 3819 1120 3877 nulla
1165 3820 1633 3893 praeoccupatus
1680 3816 1986 3890 opinione,
2036 3835 2169 3873 eum
2200 3815 2303 3873 illa
2332 3814 2664 3874 necessario

319 3902 393 3959 ad
440 3902 500 3961 id
547 3903 772 3962 referre
816 3903 1032 3963 debere
1077 3906 1342 3977 tempus,
1406 3920 1522 3977 quo
1570 3900 1773 3960 Ulixes
1818 3901 1879 3957 in
1924 3900 2189 3959 Ithacam
2237 3901 2419 3958 redux
2461 3918 2536 3957 ne
2583 3898 2664 3957 ibi

317 3987 560 4061 quidem
606 3988 888 4062 perieulis
932 4005 1141 4082 expers
1185 3987 1397 4060 fuerit,
1445 3987 1537 4044 cui
1583 3984 1912 4045 sententiae
1956 4003 2089 4042 cum
2134 3988 2471 4061 repugnent
2515 4002 2666 4059 quae

317 4072 527 4131 statim
587 4075 917 4148 sequuntur
972 4090 1004 4128 ο
1051 4064 1109 4127 δ’
1158 4064 1442 4145 ἀσπερχὲς
1494 4066 1800 4145 μενέαινεν
1838 4067 1849 4146 Ι
1886 4060 2148 4149 ἆντιθεῷ
2186 4064 2428 4143 Οδυσῆι
2480 4062 2667 4145 πάρος

317 4144 395 4231 ἣν
437 4159 629 4233 γαῖαν
673 4153 943 4231 ἱκέσθαι,
989 4159 1158 4232 patet
1199 4156 1294 4215 hic
1340 4174 1537 4214 secum
1569 4155 1899 4230 pugnantia
1929 4154 2291 4213 intolerabili
2321 4154 2495 4214 modo
2527 4172 2664 4213 con-

320 4242 561 4301 sociari.
617 4240 700 4299 Et
731 4241 823 4300 his
853 4242 1044 4317 igitur
1072 4241 1344 4301 versibus
1376 4240 1630 4300 sublatis
1660 4242 1723 4297 et
1752 4259 1808 4297 v.
1825 4241 1904 4296 23
1920 4258 2007 4313 sq
2042 4240 2390 4316 ampliorem
2420 4239 2664 4298 Aethio-

316 4346 458 4402 pum
491 4326 690 4385 dnas'
674 4344 736 4384 m
768 4329 970 4400 partes
1001 4326 1330 4387 divisorum
1362 4324 1823 4399 descriptionem
1856 4324 2325 4399 continentibuS,
2360 4343 2507 4400 quos
2537 4324 2663 4399 qui·

316 4412 451 4470 dem
501 4430 710 4470 versus
755 4412 872 4469 iam
915 4411 1432 4471 Lachmannus
1478 4409 1785 4469 damnavit
1829 4408 1984 4483 apud
2031 4409 2662 4485 Sengebuschium

2706 2893 2762 2938 11
