3132 5129
1488 1251 1593 1335 X.

751 1422 845 1493 De
884 1418 1219 1511 odysseae
1259 1422 1671 1495 carminibus
1710 1422 2103 1495 dissertatio
2142 1417 2324 1521 111¹).

537 1593 867 1669 Postquam
931 1593 1160 1653 duabus
1217 1594 1518 1669 prioribus
1564 1594 2082 1655 dissertationibus
2127 1595 2499 1672 antiquam
2543 1595 2705 1653 illam
2736 1603 2768 1651 3

367 1676 778 1753 Odysseam
825 1678 1142 1737 restituere
1187 1679 1387 1737 conati
1431 1697 1664 1754 sumus,
1720 1679 1828 1738 hac
1872 1681 2049 1738 tertia
2091 1680 2424 1755 ultimaque
2469 1681 2587 1738 iam
2631 1680 2704 1751 de

365 1762 724 1821 carminibus
795 1763 1291 1840 fragmentisque,
1350 1782 1499 1839 quae
1543 1766 1598 1823 ei
1642 1766 1871 1823 inserta
1922 1765 2097 1824 hodie
2140 1764 2451 1841 leguntur,
2500 1764 2705 1823 eodem

363 1846 548 1906 modo
595 1866 861 1923 agamus.
948 1846 1193 1906 Initium
1241 1848 1426 1923 igitur
1470 1847 1720 1908 facimus
1765 1868 1799 1907 a
1842 1849 2103 1909 carmine
2148 1850 2359 1908 similis
2404 1849 2464 1908 h.
2512 1869 2562 1908 e.
2607 1849 2704 1908 iti-

365 1932 501 1990 dem
557 1932 631 1989 ad
677 1932 929 1991 Ulixis
986 1932 1314 1990 reditum
1372 1928 1743 2008 pertinendis
1787 1935 2152 2009 argumenti,
2213 1935 2380 1992 cuius
2426 1938 2486 1993 et
2529 1933 2704 1992 initio

367 2020 430 2074 et
487 2018 649 2076 exitu
706 2016 966 2075 mutilati
1022 2017 1306 2092 reliquiae
1364 2018 1507 2077 satis
1562 2018 1787 2093 apertis
1845 2019 2077 2078 indiciis
2124 2039 2158 2078 a
2202 2018 2472 2092 Nosto,
2531 2038 2707 2093 quem

367 2100 561 2160 adbuc
604 2102 1019 2175 tractavimus,
1066 2102 1356 2177 distingui
1402 2106 1671 2177 possunt.
1759 2102 1920 2162 Illud
1966 2104 2156 2180 igitur
2199 2119 2436 2162 carmen
2479 2104 2599 2162 iam
2642 2103 2705 2161 in

372 2186 478 2245 illo
526 2204 800 2245 sermone
841 2186 1151 2263 Augustae
1195 2185 1644 2246 Vindelicorum
1690 2187 1925 2262 habito,
1973 2190 2035 2247 in
2078 2207 2196 2264 quo
2241 2188 2420 2246 etiam
2453 2188 2581 2247 eius
2615 2207 2704 2245 ar-

365 2275 718 2347 gumentum
763 2271 1026 2330 breviter
1067 2270 1346 2345 indicavi,
1393 2273 1571 2331 simul
1617 2272 1738 2330 dixi
1781 2276 1988 2332 nostro
2033 2273 2224 2332 Nosto
2271 2272 2573 2348 antiquius
2617 2273 2704 2332 vi-

368 2356 516 2430 deri,
546 2374 699 2431 quae
730 2356 930 2431 opinio
963 2374 1031 2415 eo
1063 2357 1315 2414 maxime
1345 2356 1579 2431 nititur,
1614 2357 1771 2434 quod
1803 2359 1992 2417 multo
2015 2357 2342 2433 simplicius
2369 2358 2473 2417 illo
2492 2361 2601 2432 est,
2637 2360 2706 2417 ut

365 2459 475 2515 pro
519 2440 707 2499 fundo
750 2441 920 2516 quasi
953 2442 1078 2500 eius
1108 2440 1317 2499 haberi
1347 2444 1546 2516 queat.
1618 2442 1988 2518 Quamquam
2017 2461 2138 2502 non
2170 2460 2324 2516 nego
2355 2442 2702 2518 ambiguum

363 2525 476 2584 hoc
506 2544 633 2586 esse
664 2544 774 2586 nec
806 2529 974 2586 extra
1003 2525 1436 2586 dubitationem
1468 2527 1734 2602 positum
1767 2527 2075 2586 iudicium:
2110 2528 2303 2587 inesse
2333 2526 2494 2585 enim
2522 2545 2700 2602 quae-

364 2610 520 2686 dam,
578 2629 728 2687 quae
785 2631 854 2670 ex
908 2611 1088 2670 rebus
1145 2611 1208 2670 in
1260 2612 1520 2687 genuina
1565 2611 1834 2688 Odyssea
1893 2613 2174 2688 expositis
2240 2613 2303 2671 in
2348 2612 2702 2670 deteriorem

363 2699 600 2770 partem
645 2698 819 2754 aucta
846 2696 1037 2755 videri
1066 2697 1316 2771 possint,
1362 2698 1491 2771 ipse
1522 2698 1585 2755 in
1615 2697 1914 2757 dissertat.
1954 2697 1979 2755 I
2010 2717 2070 2773 p.
2098 2699 2176 2756 29
2212 2692 2423 2775 [supra
2453 2717 2509 2772 p.
2548 2693 2695 2775 174]

364 2781 795 2840 demonstravi.
870 2780 1112 2856 Tamen,
1160 2784 1228 2839 ut
1268 2781 1411 2840 haec
1454 2783 1656 2857 potius
1701 2801 1812 2857 pro
1858 2783 2210 2842 recentioris
2255 2782 2701 2857 interpolatoris

363 2865 791 2925 additamentis
835 2865 1143 2940 haberem,
1200 2865 1396 2942 ipsum
1440 2872 1641 2926 autem
1686 2867 1843 2926 hunc
1886 2867 2142 2926 Nostum
2185 2869 2392 2926 nostra
2435 2865 2702 2942 Odyssea

362 2951 759 3026 antiquiorem
803 2950 1142 3025 iudicarem,
1189 2951 1354 3009 aliud
1397 2969 1491 3009 me
1534 2951 1726 3011 movit
1767 2959 2187 3028 argumentum
2233 2955 2296 3010 et
2339 2952 2457 3009 iam
2500 2952 2605 3010 illo
2637 2952 2700 3010 in

363 3054 634 3096 sermone
692 3055 727 3093 a
780 3055 875 3094 me
935 3036 1267 3111 expositum
1298 3039 1377 3095 'et
1422 3037 1484 3094 in
1527 3035 1713 3095 altera
1757 3037 2174 3096 dissertatione
2218 3036 2492 3112 pluribus
2537 3055 2699 3111 repe-

364 3121 561 3180 titum.
651 3119 925 3179 Vidimus
984 3122 1143 3179 enim
1199 3121 1284 3179 ibi
1340 3121 1572 3196 aliquot
1626 3122 1844 3197 apolo
1857 3122 1963 3198 gi,
2021 3121 2214 3197 qualis
2271 3121 2446 3180 hodie
2490 3121 2699 3194 fertur,

361 3209 561 3282 partes
615 3206 770 3265 sicca
824 3205 1120 3264 brevitate
1171 3205 1436 3282 insignes
1489 3206 1563 3265 ab
1609 3206 1943 3282 antiquiore
1988 3206 2247 3282 quodam
2292 3208 2471 3279 poeta
2515 3206 2700 3264 factas

362 3291 467 3350 sed
499 3309 533 3348 a
560 3291 752 3350 nostri
783 3290 959 3349 Nosti
999 3289 1226 3350 artifice
1270 3293 1506 3349 tantum
1553 3294 1784 3349 mutato
1829 3292 2036 3350 ordine
2080 3291 2142 3349 in
2174 3309 2347 3350 suum
2378 3290 2698 3366 apologum

363 3382 631 3452 receptas
675 3393 822 3449 esse,
868 3376 970 3450 qui
1014 3375 1136 3434 illis
1180 3393 1287 3434 nec
1332 3376 1455 3434 ullo
1500 3375 1676 3435 modo
1722 3394 1920 3434 carere
1964 3378 2165 3452 potest
2209 3378 2270 3433 et
2297 3374 2579 3433 narrandi
2611 3393 2698 3432 ra·

363 3462 528 3519 tione
572 3459 811 3535 stilique
857 3460 1052 3519 colore
1097 3459 1531 3519 dissimillimus
1550 3463 1685 3525 ,est.
1742 3459 1951 3536 Itaque
1996 3461 2058 3519 in
2100 3459 2251 3519 hanc
2298 3459 2540 3534 insuper
2582 3458 2699 3516 iam

364 3546 512 3604 olim
556 3544 739 3604 incidi
783 3545 1206 3620 coniecturam,
1255 3563 1434 3620 quam
1476 3564 1552 3604 ne
1598 3564 1757 3604 nunc
1785 3544 2026 3621 quidem
2056 3544 2511 3620 improbabilem
2543 3543 2697 3601 arbi-

362 3633 508 3704 tror,
554 3629 809 3689 fortasse
853 3631 914 3688 et
956 3630 1061 3688 illa
1105 3629 1348 3688 alterius
1390 3630 1566 3689 Nosti
1610 3629 1950 3706 fragmenta
1993 3633 2055 3688 et
2098 3629 2254 3687 hunc
2299 3628 2694 3704 antiquiorem

361 3716 687 3791 apologum
732 3715 902 3774 facile
947 3715 1023 3773 ad
1067 3732 1234 3773 suam
1279 3715 1688 3790 integritatem
1732 3714 2131 3773 reducendum
2177 3715 2250 3772 ab
2296 3713 2500 3772 eadem
2543 3713 2694 3771 anti-

359 3800 588 3877 quioris
645 3800 956 3859 cuiusdam
1012 3802 1221 3875 poetae
1276 3818 1454 3857 manu
1512 3800 1778 3873 profecta
1827 3818 1976 3858 esse.
2066 3799 2154 3856 De
2200 3817 2316 3874 qua
2362 3798 2697 3856 coniectura

360 3884 508 3961 quid
568 3884 952 3944 statuendum
1011 3885 1119 3959 sit,
1181 3884 1312 3943 aliis
1357 3885 1477 3942 iam
1522 3904 1619 3943 me
1663 3885 2048 3968 acutioribus‘
2069 3884 2375 3958 relinquo,
2430 3882 2534 3957 qui
2576 3901 2694 3956 quo

362 3970 734 4029 commodius
778 3969 1064 4028 iudicium
1109 3989 1284 4029 suum
1315 3988 1587 4029 exercere
1618 3969 1868 4045 possint,
1916 3973 2229 4044 utramque
2261 3968 2354 4027 hic
2386 3967 2694 4026 materiam

363 4056 428 4114 in
473 4073 659 4112 unum
704 4073 915 4131 corpus
961 4055 1336 4114 coniunctam
1381 4053 1492 4113 sub
1537 4056 1922 4130 conspectum
1968 4053 2121 4113 dabo
2165 4053 2267 4127 ita,
2314 4056 2383 4111 ut
2425 4071 2526 4112 eos
2570 4071 2696 4111 ver-

364 4158 485 4214 sus,
530 4140 634 4214 qui
680 4143 786 4199 aut
827 4141 1018 4199 nostri
1043 4138 1219 4198 Nosti
1263 4143 1404 4199 sunt
1445 4142 1549 4197 aut
1591 4158 1626 4197 a
1657 4139 1989 4198 recentiore
2019 4138 2444 4213 interpolatore
2472 4139 2700 4196 inserta

364 4223 674 4298 videntur,
734 4223 965 4284 uncinis
1024 4224 1516 4300 circumcludam3
1577 4243 1829 4300 quorum
1882 4241 2160 4283 versuum
2207 4222 2297 4281 illi
2342 4222 2579 4298 quidem
2623 4242 2698 4282 ne

535 4389 585 4456 1)
654 4387 826 4442 Index
850 4388 1004 4442 lectt.
1027 4388 1084 4441 in
1103 4387 1211 4441 litt.
1228 4386 1383 4466 univ.
1403 4386 1590 4441 Turio.
1615 4386 1747 4442 inde
1772 4403 1808 4441 a
1830 4386 1885 4440 d.
1905 4385 2026 4440 XII.
2047 4406 2112 4439 m.
2133 4386 2253 4441 Oct.
2273 4385 2697 4442 MDCCCLXIII

369 4471 545 4525 usque
690 4455 745 4509 d.
780 4456 926 4514 XIX.
963 4474 1035 4510 m.
1074 4455 1265 4510 Martn
1300 4453 1718 4511 MDCCCLXIV
1758 4453 2189 4524 habendarum]
