3132 5129
1288 407 1746 472 —317—

523 565 598 625 V.
629 567 755 625 484
779 583 868 640 sq.

662 656 918 744 Τρυγόνι
961 656 1073 742 γὰρ
1116 665 1237 744 ζωῇ
1279 683 1339 722 τε
1382 659 1553 740 βέλος
1599 661 1861 742 ῥίγιστον
1904 657 2124 741 ὀπηδεῖ

660 746 974 827 ζαφλεγές,
1017 741 1151 808 οἷόν
1193 741 1313 807 πού
1356 770 1444 818 τις
1487 743 1643 826 ἀνὴρ
1686 745 1980 826 πέφρικεν
2023 744 2279 808 ἆκουων.

355 871 527 943 Quod
581 869 854 948 trygonis
912 868 1129 945 telum,
1187 868 1461 944 quamvis
1519 868 1890 944 horrificum,
1947 869 2146 928 timeri
2208 869 2425 928 dicitur
2480 888 2514 927 a
2557 870 2688 930 viro

354 957 667 1031 audiente,
726 954 788 1013 id
845 954 1093 1013 nimium
1150 953 1295 1011 mihi
1339 953 1594 1013 videtur.
1683 953 1791 1012 Sin
1834 972 1975 1012 vero
2029 954 2142 1012 hoc
2196 954 2390 1029 ipsum
2444 954 2689 1013 innuere

354 1041 647 1101 voluisset
689 1041 893 1116 poeta,
939 1039 1037 1098 vel
1083 1038 1208 1097 sola
1248 1038 1410 1097 illius
1442 1038 1626 1114 gladii
1657 1037 2058 1113 descriptione
2088 1038 2393 1098 horrorem
2424 1039 2687 1117 excitari,
2725 1043 2791 1090 25

357 1126 603 1200 clariuS,
674 1125 912 1200 opinor,
980 1142 1105 1182 rem
1171 1124 1559 1199 exposuisset.
1658 1124 1880 1218 Itaque
1936 1124 2189 1183 sortasse
2256 1123 2412 1181 haud
2477 1124 2693 1183 iniuria

353 1214 591 1286 poetam
632 1210 862 1268 dedisse
907 1208 1206 1283 suspicor:
1263 1203 1428 1266 οἴου
1472 1203 1593 1266 πού
1638 1228 1725 1279 τις
1767 1198 1922 1282 ἀνὴρ
1965 1203 2257 1287 πέφρικεν
2298 1201 2564 1285 ἆκωκήν.
2614 1241 2688 1251 —-

350 1289 585 1370 Ἀκωκή
631 1313 812 1369 supra
854 1313 913 1353 v.
946 1295 1069 1353 467
1115 1292 1358 1371 legitur.

529 1378 604 1437 V.
636 1380 757 1438 597
786 1397 914 1454 sqq.
1021 1436 1025 1441 ,

656 1473 764 1551 Ως
809 1472 871 1537 δ’
918 1474 1065 1537 ὅταν
1114 1445 1313 1576 ἰητὴρ
1328 1475 1779 1577 πολυμήχανος,
1825 1475 1990 1550 ἕλκος
2034 1473 2326 1550 ἀφύσσων

660 1559 965 1641 οἰδαλέον,
1010 1571 1092 1646 τῷ
1136 1553 1361 1623 πολλόν
1401 1555 1697 1660 ἀνάρσιον
1737 1561 1988 1624 ἔνδοθεν
2032 1557 2181 1642 αἷμα

665 1624 1067 1727 ἐντρέφεται,
1085 1645 1338 1728 διεράς
1380 1670 1454 1709 τε
1478 1640 1725 1753 γονὰς
1768 1646 2111 1749 κυανόχροα
2154 1648 2362 1728 λίμνης

664 1729 906 1812 ἑρπετά,
953 1732 1307 1812 τειρομένοιο
1350 1730 1500 1794 κατὰ
1544 1726 1715 1814 χροὸς
1759 1725 2042 1814 ἐστήριξε.

361 1855 746 1915 Schneiderus
789 1855 851 1914 in
894 1855 1086 1913 altera
1129 1853 1389 1914 editione
1433 1854 1575 1913 haec
1618 1854 1966 1931 adscripsit:
2012 1851 2257 1934 „1522ng
2286 1873 2345 1911 τε
2377 1859 2437 1913 et
2466 1849 2531 1911 δέ
2557 1854 2695 1913 libri

364 1940 768 2000 habent.1n
811 1939 922 1999 hoc
967 1958 1138 2000 versu
1181 1939 1393 1998 lacuna
1436 1959 1563 2000 esse
1611 1939 1868 1999 videtur.
1937 1938 2158 2000 Sensus
2202 1941 2361 1999 enim
2404 1942 2467 1998 et
2509 1942 2696 1999 struc-

363 2030 500 2085 tura
542 2025 861 2086 verborum
905 2024 1196 2083 laboratst‘
1279 2023 1463 2084 Recte
1507 2024 1747 2100 quidem
1790 2025 1894 2084 ille
1938 2025 2134 2084 locum
2179 2028 2525 2100 corruptum
2569 2043 2697 2083 esse

366 2110 693 2186 intellexit·
750 2109 855 2169 sed
900 2110 1116 2167 mirum
1161 2114 1278 2185 est,
1340 2108 1500 2185 quod
1543 2129 1681 2169 eum
1727 2109 2010 2169 facillima
2053 2110 2231 2168 latuit
2274 2109 2535 2184 medela,
2582 2128 2700 2184 qua

364 2194 620 2271 Oppiani
664 2212 906 2253 manum
950 2194 1262 2255 restituas.
1312 2190 1511 2272 διερὰς
1555 2190 1815 2273 γενεὰς
1846 2196 1959 2254 etc.
2020 2194 2113 2253 Ita
2146 2185 2321 2271 γενεή
2350 2198 2697 2269 usurpatum

368 2280 477 2356 ΙΠ
530 2281 763 2424 {79:1605
783 2384 874 2441 sq.

650 2459 769 2536 Ὡς
811 2459 1014 2540 ἀμίαις
1058 2459 1129 2524 οὗ
1175 2462 1410 2539 πρόσθε
1453 2469 1611 2547 χαλᾳ
1654 2461 1884 2543 μένος,
1903 2456 2091 2524 εἰσόκε
2135 2457 2325 2543 σάρκα

673 2548 913 2628 κείνην,
957 2571 1036 2626 ην
1079 2545 1236 2610 ποτ’
1285 2526 1603 2629 ἔμαρψαν,
1647 2545 1769 2610 ὑπὸ
1812 2546 2003 2627 στόμα
2046 2544 2527 2629 δαιτρεύσωνται.

368 2671 583 2731 Aliena
636 2671 747 2730 hoo
801 2672 933 2731 loco
992 2674 1086 2731 est
1138 2671 1430 2748 particula
1473 2667 1666 2731 ποτέ.
1754 2671 1909 2730 Nam
1945 2672 2128 2745 paulo
2170 2676 2306 2732 ante
2348 2670 2536 2729 amiae
2582 2668 2702 2728 del-

369 2756 538 2853 phini
583 2756 848 2815 membra
891 2757 1188 2816 morsibus
1233 2757 1838 2850 comprehenderunt.
1909 2756 2026 2814 Sed
2071 2758 2157 2815 ita
2202 2758 2435 2815 tantum
2478 2756 2705 2831 legitur

372 2842 433 2899 in
479 2840 1082 2914 Turneb„Pa1at.2
1129 2846 1191 2900 et
1233 2841 1420 2901 PariS.
1473 2844 1537 2916 1;
1584 2842 1766 2918 vulgo
1812 2832 1889 2914 ἥν
1933 2862 2044 2911 τις
2088 2836 2356 2917 ἔμαρψεν
2400 2840 2700 2914 scribitur,

371 2944 480 3002 pro
524 2944 640 3001 quo
685 2925 874 2985 PariS.
923 2928 959 2984 2
1006 2920 1081 2984 ὃν
1125 2919 1259 2984 τιν’
1308 2923 1621 3002 ἔμαρψαν,
1667 2928 1858 3002 Mosq
1905 2917 2149 3000 ηντιν’
2207 2923 2489 3000 ἔμαρψαν
2545 2925 2703 2983 exhi-

375 3012 533 3070 bent
636 3009 810 3108 Hanc
868 3012 971 3087 qui
1026 3013 1457 3087 comparaverit
1510 3012 1996 3088 discrepantiam,
2061 3011 2399 3086 nobiscum,
2470 3010 2701 3085 opinor,

371 3095 650 3172 refinget:
697 3087 774 3169 ἣν
817 3092 993 3171 πρὶν
1038 3091 1338 3173 ἔμαρψαν.

676 3277 992 3358 Αἰχμάζων
1035 3296 1339 3360 γενυεσσι,
1381 3280 1653 3343 παθὼν
1697 3271 1753 3339 δ’
1800 3276 2115 3343 ἀπετίσατο
2157 3273 2376 3360 λωβήν.

375 3401 615 3460 Falsum
671 3403 763 3460 eet
816 3394 1100 3460 παθών.
1199 3402 1353 3461 Nam
1411 3404 1462 3462 si
1519 3403 1638 3462 fuit
1692 3403 1753 3462 in
1809 3403 1920 3463 hoc
1983 3402 2247 3461 membro
2300 3401 2702 3477 participium,

382 3486 641 3544 debebat
684 3485 832 3545 illud
880 3487 1087 3545 referri
1134 3487 1208 3545 ad
1253 3487 1576 3562 ultionem,
1623 3507 1801 3563 quam
1848 3488 1920 3545 de
1963 3488 2135 3546 amiis
2179 3486 2451 3546 sumebat
2480 3485 2706 3561 delphi-

371 3590 503 3629 nus.
592 3571 709 3630 Sed
754 3571 812 3629 h.
859 3572 898 3634 1.
946 3569 1255 3647 Oppianus
1315 3572 1589 3632 dederat:
1650 3567 1958 3629 παθέων
2002 3565 2060 3626 δ’
2117 3563 2430 3648 ᾇπετίσατο
2486 3567 2705 3648 λωβήν.

376 3656 502 3714 Hoc
546 3660 794 3732 apparet
837 3661 899 3715 et
943 3675 1012 3715 ex
1055 3655 1247 3716 Palat.
1300 3660 1364 3732 1,
1421 3658 1485 3716 in
1539 3676 1658 3734 quo
1715 3662 1872 3717 certe
1929 3656 2151 3732 legitur
2192 3657 2485 3732 παθῶν,
2534 3651 2594 3714 et
2638 3675 2707 3713 ex

376 3741 558 3800 schol.
606 3740 795 3818 Sylb„
844 3743 948 3818 qui
993 3737 1207 3800 ’ἕνεκα
1253 3742 1591 3818 adscripsit.

545 3824 620 3885 V.
654 3827 798 3954 63²?-
852 3944 932 3955 —-
1021 3903 1364 3989 ὥμοφαγων
1407 3906 1474 3969 δὲ
1516 3910 1660 3990 βίην
1702 3903 2049 3989 ἀνέχουσιν
2093 3903 2377 3969 ὀδόντων.

381 4029 769 4091 Scribendum
813 4050 942 4091 esse
983 4024 1336 4108 ἀπέχουσιν,
1381 4032 1498 4089 iam
1541 4031 1967 4091 Rittershusius
2008 4029 2083 4088 ad
2122 4029 2348 4127 scholia
2377 4030 2702 4124 adnotavit,
2743 4039 2812 4090 26

382 4117 601 4193 quibus
656 4119 861 4192 aperte
917 4115 1057 4176 haec
1114 4117 1287 4175 lectio
1347 4117 1703 4192 explicatur.
1770 4110 2075 4190 ἐπέχουσι,
2130 4104 2456 4191 αφιστῶσι,
2510 4105 2709 4192 πόρρω

380 4196 679 4278 πέμπουσι
721 4197 824 4259 καὶ
865 4192 1304 4263 ἆναστὲλλουσι.

551 4285 628 4346 V
664 4288 806 4414 6-6]
859 4404 934 4414 -
1024 4365 1127 4429 καὶ
1170 4373 1394 4449 θοῦρος
1419 4359 1679 4449 ’Ἄρευς
1723 4368 2099 4447 φθισήνορος
2141 4365 2275 4447 ἄτη.

383 4474 480 4533 Ita
505 4473 887 4535 Schneider-us
931 4495 962 4534 e
1006 4474 1344 4535 coniectura
1387 4474 1656 4548 scripsit,
1702 4490 1835 4532 cum
1870 4475 1940 4545 'in
1983 4473 2260 4535 omnibus
2297 4473 2465 4533 libris
2498 4469 2572 4530 ’Ἀ
2584 4494 2712 4552 ρης
