3132 5129
1417 374 1877 438 —156—

731 552 857 599 πως
898 550 980 588 αν
1024 521 1204 587 ἔπειτ
1251 519 1540 604 Οδυσῆος
1583 525 1699 607 ἕγώ
1744 527 1936 588 θείοιο
1982 530 2316 628 λαθοίμην,

728 611 794 685 ὃς
837 610 973 688 περὶ
1016 610 1127 691 μὲν
1171 606 1317 673 νόον
1360 611 1483 673 ἐστὶ
1525 614 1789 693 βροτῶν,
1835 611 1969 716 περὶ
2016 610 2077 673 δ’
2126 607 2226 690 ἰρά
2271 619 2503 674 θεοῖσιν

725 696 1130 760 ἀθανάτοισιν
1171 696 1386 773 ἔδωκε,
1432 695 1521 760 τοὶ
1569 694 1831 776 ούρανὸν
1873 695 2056 778 εύρύν
2101 698 2369 777 ἔχουσινς

641 788 679 845 b
766 780 916 844 ἀλλὰ
968 780 1318 844 Ποσειδάων
1360 783 1639 863 γαιήοχος
1683 779 1925 855 ἀσκελὲς
1968 781 2086 845 αἰεὶ

728 863 1057 940 Κύκλωπος
1103 863 1455 966 κεχόλωται,
1497 865 1574 930 ὃν
1617 865 1943 947 ὀφθαλμοῦ
1987 865 2293 946 ἀλάωσεν,

724 952 1013 1014 ἀντίθεον
1059 947 1466 1032 Πολύφημον,
1514 976 1620 1014 οου
1667 951 1882 1033 κράτος
1925 952 2055 1015 ἔσκε
2098 951 2375 1033 μέγιστον

725 1042 910 1100 πᾶσιν
956 1034 1377 1099 Κυκλώπεσσι·
1431 1038 1647 1100 Θόωσα
1693 1036 1760 1099 δέ
1802 1061 1908 1115 μιν
1950 1037 2078 1100 τέκε
2124 1038 2369 1118 νύμφη,

734 1124 1043 1202 Φόρκυνος
1086 1116 1392 1203 θυγάτηρ,
1437 1120 1587 1195 ἀλὸς
1630 1120 1972 1204 ἀτρυγέτοιο
2016 1121 2332 1203 μέδοντος,

729 1207 794 1270 ἐν
839 1207 1050 1270 σπέσσι
1093 1211 1453 1288 γλαφυροῖσι
1501 1205 1879 1270 Ποσειδάωνι
1924 1214 2179 1288 μιγεῖσα.

644 1298 682 1357 b
771 1293 835 1355 ἐκ
881 1295 984 1356 τοῦ
1029 1289 1105 1370 δὴ
1143 1289 1400 1373 Ὀδυσῆα
1447 1288 1801 1355 Ποσειδάων
1844 1291 2178 1391 ἐνοσίχθων

729 1378 804 1441 οὔ
850 1403 901 1440 τι
948 1379 1345 1456 κατακτείνει,
1390 1373 1596 1452 πλάζει
1638 1375 1699 1440 δ’
1748 1370 1868 1440 ἀπὸ
1908 1378 2194 1454 πατρίδος
2237 1379 2395 1457 αἴης

728 1462 862 1527 ἀλλ’
907 1459 1088 1544 ἄγεθ’
1107 1506 1124 1538 ,
1170 1459 1338 1543 ἡμεῖς
1383 1465 1509 1525 οἵδε
1553 1461 2061 1543 περιφραζωμεθα
2103 1462 2325 1536 πάντες

732 1550 977 1627 νόστον,
1022 1548 1191 1622 οπως
1238 1548 1469 1653 ἔλθῃσι.
1558 1545 1918 1609 Ποσειδάων
1961 1547 2028 1610 δὲ
2070 1547 2323 1628 μεθήσει

726 1636 798 1696 ον
842 1630 1166 1711 χόλον·ού
1209 1631 1318 1713 μὲν
1359 1631 1472 1716 γάρ
1517 1657 1574 1695 τι
1617 1632 1935 1711 δυνήσεται
1978 1630 2154 1694 ἀντία
2198 1629 2436 1695 πάντων

728 1717 1058 1781 ἀθανάτων
1100 1713 1308 1796 ἀέκητι
1349 1725 1520 1781 θεων
1565 1717 1937 1795 ἐριδαινέμεν
1979 1713 2168 1791 οἶος.“

813 1797 915 1864 τὸν
959 1801 1017 1864 δ
1069 1801 1332 1883 ἠμείβετ’
1381 1803 1584 1866 ἔπειτα
1628 1801 1746 1865 θεὰ
1791 1804 2125 1884 γλαυκωπις
2168 1801 2429 1885 Ἀθήνη·

728 1914 823 1968 ,,ω
868 1883 1052 1961 πάτερ
1096 1886 1334 1968 ἡμέτερε
1379 1889 1681 1969 Κρονίδη,
1725 1911 1916 1950 υπατε
1962 1887 2313 1968 κρειόντων,

726 1975 782 2035 εἰ
819 1973 928 2051 μὲν
973 1973 1048 2051 δὴ
1099 1975 1214 2034 νῦν
1257 1976 1428 2035 τοῦτο
1474 1975 1658 2052 φίλον
1698 1970 2024 2057 μακάρεσσι
2070 1980 2298 2048 θεοῖσι,

729 2070 1011 2138 νοστῆσαι
1052 2054 1308 2137 Ὀδυσῆα
1353 2060 1657 2137 δαΐφρονα
1700 2058 1839 2120 ονδε
1884 2059 2170 2138 δόμοιδε,

717 2143 995 2225 Ἑρμείαν
1035 2141 1138 2248 ἄγ’
1188 2143 1423 2220 ἔπειτα,
1471 2143 1786 2224 διάκτορον
1796 2141 2258 2250 ἀργεϊφόντην,

727 2247 913 2326 νησον
960 2229 1016 2302 ἐς
1055 2224 1347 2310 Ὠγυγίην
1389 2225 1827 2309 ότρύνομεν,”
1789 2253 1954 2308 οφρα
1997 2224 2241 2308 τάχιστα

729 2309 938 2416 νύμφῃ
982 2312 1334 2399 ἐυπλοκάμῳ
1379 2314 1521 2398 εἴπῃ
1570 2315 1853 2394 νημερτέα
1898 2315 2161 2394 βουλήν,

731 2399 939 2460 νόστον
975 2375 1312 2480 Ὀδυσσῆος
1347 2400 1811 2481 ταλασίφρονος,
1859 2425 1941 2474 ως
1985 2422 2051 2460 κε
2094 2397 2317 2478 νέηται.
2323 2405 2363 2436 “

659 2516 689 2553 c
761 2500 841 2556 ὧς
879 2502 1074 2568 ἔφατ’·
1113 2499 1167 2555 οἳ
1203 2501 1267 2554 δ
1298 2499 1406 2567 ἄρα
1442 2500 1656 2555 πάντες
1693 2500 1942 2571 ἐπῄνεον
1981 2500 2361 2567 Οὐρανίωνες,

727 2588 1076 2653 πεμπέμεναι
1112 2588 1174 2641 δ’
1209 2586 1501 2651 ἐκέλευον,
1539 2586 1665 2638 ἐπεὶ
1701 2587 1845 2639 κατὰ
1881 2591 2079 2653 μοῖραν
2114 2586 2318 2639 ἔειπεν.

728 2672 904 2727 αὐτὸς
939 2674 998 2726 δ
1033 2673 1138 2726 οὐκ
1174 2671 1413 2737 ἀπίθηεε
1449 2672 1640 2736 πατὴρ
1676 2670 1898 2737 ἀνδρῶν
1934 2687 1998 2723 τε
2036 2674 2188 2723 θεῶν
2222 2682 2317 2724 τε·

728 2763 872 2822 αἶψα
908 2764 967 2816 δ’
1003 2764 1108 2830 ἄρ’
1129 2754 1407 2855 Ἑρμείαν
1450 2749 1590 2817 υἱόν
1631 2756 1810 2832 φίλον
1849 2752 2061 2817 ἀντίον
2103 2756 2291 2833 ηὔδα·

642 2845 680 2903 b
769 2838 1077 2921 ,,Ὲρμεία·
1126 2860 1202 2903 συ
1245 2864 1360 2923 γαρ
1405 2833 1548 2901 αὖτε
1591 2840 1666 2901 τά
1712 2837 1764 2901 τ’
1812 2842 1965 2901 ἄλλα
2008 2864 2119 2921 περ
2162 2838 2407 2923 ἄγγελός
2454 2840 2610 2902 ἐσσι·

730 2923 934 3024 νύμφῃ
978 2923 1329 3006 ἐυπλοκάμῳ
1376 2927 1565 2987 εἰπεῖν
1613 2925 1896 3006 νημερτέα
1940 2923 2203 3007 βουλήν,

728 3008 942 3071 νόστον
980 3008 1304 3090 Ὀδυσσῆος
1348 3012 1813 3089 ταλασίφρονος,
1859 3011 1940 3083 ὥς
1987 3034 2052 3072 κε
2099 3009 2302 3089 νέηται

727 3094 865 3156 οὕτε
910 3101 1077 3156 θεῶν
1118 3107 1325 3203 πομπῇ
1366 3118 1509 3158 ουτε
1552 3096 1801 3176 θνητων
1844 3093 2223 3175 ἀνθρώπων·

728 3205 813 3250 ως
856 3174 969 3259 γάρ
1015 3182 1077 3241 οἱ
1111 3179 1271 3257 μοῖρ’
1321 3178 1441 3242 ἐστὶ
1488 3182 1703 3256 φίλους
1748 3178 1800 3242 τ’
1850 3180 2029 3242 ἰδέειν
2072 3180 2171 3242 καὶ
2214 3179 2457 3243 ἱκέσθαι

728 3258 894 3327 οἷκον
937 3262 996 3336 ἒς
1040 3262 1357 3368 ὑψόροφον
1398 3264 1501 3328 καὶ
1548 3264 1660 3343 ἕὴν
1704 3265 1762 3338 ές
1804 3267 2060 3346 πατρίδα
2102 3273 2301 3347 γαῖαν.
2308 3269 2349 3303 “

649 3373 679 3412 c
850 3342 935 3420 αἷς
979 3348 1176 3429 ἔφατ’,
1221 3346 1351 3413 οὐδ’
1399 3348 1668 3430 ἀπίθησε
1712 3348 2017 3433 διάκτορος
2060 3349 2480 3449 ἀργειφόντης.

725 3431 922 3495 αυτίκ’
973 3433 1167 3496 ἔπειθ’
1215 3430 1333 3498 ὑπὸ
1375 3435 1595 3497 ποσσὶν
1640 3435 1890 3515 ἐδήσατο
1933 3426 2084 3497 καλα
2126 3434 2371 3542 πέδιλα,

725 3516 1024 3597 ἀμβρόσια
1043 3521 1349 3622 χρύσεια,
1394 3520 1468 3581 τά
1514 3546 1620 3600 μιν
1663 3518 1851 3601 φέρον
1893 3517 2045 3600 ἠμὲν
2089 3516 2191 3597 ἐφ’
2239 3518 2437 3601 ὑγρὴν

729 3599 830 3682 ἠδ’
883 3599 975 3663 ἐπ’
1024 3597 1313 3706 ἀπείρονα
1355 3613 1540 3687 γαῖαν
1585 3605 1709 3686 όὶμα
1752 3606 1965 3689 πνοιῇς
2009 3602 2267 3685 ἀνέμοιο.

645 3712 675 3751 c
763 3689 1018 3769 Πιερίην
1062 3682 1121 3749 δ’
1172 3683 1382 3769 ἐπιβὰς
1427 3690 1483 3766 ἐξ
1527 3691 1776 3770 αἰθέρος
1821 3690 2029 3769 ἔμπεσε
2076 3690 2303 3771 πόντῳ·

728 3770 933 3834 σεύατ’
984 3771 1168 3835 ἔπειτ’
1219 3775 1314 3836 ἐπὶ
1360 3786 1520 3854 κῦμα
1565 3777 1746 3876 λάρῳ
1768 3774 1977 3879 ὄρνιθι
2024 3756 2261 3853 ἐοικώς,

726 3851 790 3931 ός
834 3881 895 3919 τε
942 3855 1088 3918 κατὰ
1136 3858 1369 3932 δεινοὺς
1414 3857 1668 3933 κόλπους
1711 3853 1853 3934 ἁλὸς
1898 3856 2245 3941 ἀτρυγέτοιο

726 3943 908 4044 ἰχθῦς
950 3937 1273 4044 ἀγρώσσων
1315 3944 1537 4007 πυκινὰ
1582 3968 1766 4021 πτερα
1815 3945 2047 4007 δεύεται
2088 3942 2271 4029 αλμη.

656 4052 687 4091 ο
770 4018 897 4088 ἀλλ’
947 4025 1050 4089 ὅτε
1095 4021 1167 4108 δη
1208 4028 1323 4106 τὴν
1368 4039 1555 4110 νῆσον
1597 4025 1847 4131 ἀφίκετο
1892 4025 2101 4109 τηλόθ’
2154 4008 2406 4108 ἐοῦσαν,

726 4112 863 4173 ἐηνθ
911 4110 977 4174 ἐκ
1020 4109 1245 4176 πόντου
1287 4115 1402 4193 βὰς
1444 4114 1682 4188 ἰοειδέος
1729 4108 2047 4195 ἤπειρόνδε

727 4193 887 4278 ἤιεν,
931 4223 1095 4279 οφρα
1137 4197 1285 4280 μέγα
1329 4199 1504 4272 σπέος
1548 4222 1738 4278 ικετο,
1785 4202 1869 4282 τῷ
1914 4198 1999 4260 ἔνι
2044 4194 2253 4278 νύμφη

732 4289 895 4343 ναῖεν
941 4284 1346 4388 ἐυπλόκαμος·
1394 4284 1504 4363 τὴν
1547 4279 1606 4344 δ’
1657 4285 1866 4345 ἔνδοθι
1912 4283 2113 4364 τέτμεν
2158 4282 2388 4344 έοῦσαν.

657 4388 687 4427 c
772 4368 893 4443 πῦρ
941 4367 1053 4445 μὲν
1097 4364 1192 4430 ἐπ’
1243 4367 1569 4470 ἐσχαρόφιν
1609 4368 1785 4475 μέγα
1802 4371 2030 4467 καίετο,
2078 4365 2292 4467 τηλόθι
2339 4362 2394 4427 δ’
2444 4362 2600 4446 ὀδμὴ

730 4449 945 4528 κέδρου
991 4448 1043 4513 τ’
1093 4449 1393 4517 εὐκεάτοιο
1437 4450 1603 4516 θύου
1646 4450 1700 4514 τ’
1749 4446 1866 4513 ἀνα
1912 4455 2099 4530 νῆσον
2142 4444 2357 4515 ὀδώδει

2752 964 2818 1012 70

2752 1388 2818 1435 ‘15

2746 2238 2813 2286 85

2706 2767 2815 2817 228

2740 2936 2810 2983 30

2743 3189 2806 3237 41

2744 3529 2813 3577 45

2743 3700 2814 3747 50

2742 4041 2810 4086 55

2742 4463 2811 4512 60
