3132 5129
1300 354 1722 416 ...95-

338 515 488 572 Tum
533 510 665 572 ἐπεὶ
719 509 797 571 οὔ
849 533 902 571 τι
949 513 1004 569 Ε
1034 514 1115 572 64
1168 514 1230 570 et
1283 511 1429 570 alibi
1472 512 1723 586 legitur,
1779 501 1918 567 οὐδ’
1976 505 2251 589 ἐλεαίρεις
2307 510 2367 567 in
2414 509 2679 569 clausula.

342 600 390 655 Z
417 601 563 670 407,
609 617 720 658 nec
765 599 1020 657 multum
1066 598 1235 656 abest
1283 596 1319 653 I
1347 597 1469 654 302
1516 590 1890 670 τειρομένους
1936 589 2174 699 ἐλέαιρε.

510 685 592 743 28
637 711 720 733 =
763 704 802 741 υ
844 685 1000 755 381,
1057 682 1419 757 compositus
1474 681 1599 739 fere
1655 699 1725 738 ex
1781 680 2039 738 formula
2088 702 2127 756 η
2196 676 2272 757 ῥά
2338 676 2417 737 νυ’
2473 677 2578 754 μοι’
2629 700 2683 736 τι

341 766 551 826 πίθοιο
600 770 656 824 Δ
690 770 771 828 93
818 765 904 845 (Ξ
938 768 1113 842 190),
1171 786 1326 842 quae
1383 767 1563 824 etiam
1624 766 1781 823 infra
1835 766 1916 822 48
1970 767 2248 834 recurrit,
2296 769 2358 824 et
2400 762 2683 840 καί-εἴη

346 854 520 924 Γ41,
569 855 739 913 cuius
785 853 1008 912 similes
1051 853 1247 910 exitus
1291 851 1513 926 passim
1559 855 1630 907 ut,
1673 849 1730 904 E
1761 851 1902 909 201.
1952 850 2000 904 Ζ
2031 851 2174 921 410,
2221 850 2521 926 leguntur.

351 1024 408 1078 Y
470 939 762 1081 2{9—31
809 937 1107 1013 quomodo
1153 935 1583 1010 composuerit,
1642 934 1804 993 vide:
1864 935 2052 992 totius
2108 934 2225 993 loci
2271 935 2565 992 rationem
2608 953 2680 992 ex

433 1026 459 1079 1
584 1043 692 1098 sqq

602 1173 677 1183 —
767 1175 846 1185 -—
938 1162 1039 1198 ινα
1085 1138 1281 1242 εἰδῇ,
1294 1159 1326 1196 ο
1371 1159 1476 1213 μιν
1518 1133 1828 1213 φιλέουσιν
1869 1133 2094 1213 αριστοι

595 1220 946 1300 ἀθανάτων,
990 1223 1050 1281 οἳ
1092 1218 1153 1281 δ’
1202 1213 1339 1281 αὖτ’
1388 1218 1725 1300 ἀνεμωλιοι,
1770 1221 1830 1280 οἳ
1872 1220 1938 1281 τὸ
1981 1219 2169 1298 πάρος
2212 1241 2323 1302 περ

603 1307 835 1408 Τρωσὶν
877 1304 1308 1385 ἀμύνουσιν
1350 1301 1675 1385 πόλεμον
1716 1304 1841 1365 καὶ
1885 1306 2261 1383 δηιοτῆτα.

598 1387 814 1464 πάντες
861 1388 915 1450 δ’
969 1388 1400 1468 Οὐλύμποιο
1444 1389 1933 1467 κατήλθομεν
1976 1387 2323 1461 ἀντιόωντες

598 1477 771 1556 τῆσδε
814 1474 1080 1555 μάχης,
1126 1500 1229 1536 ινα
1273 1475 1365 1553 μή
1410 1498 1477 1535 τι
1520 1474 1665 1553 μετὰ
1717 1474 1974 1552 Τρώεσσι
2019 1472 2255 1556 πάθῃσι

601 1561 959 1641 σήμερον·
1007 1559 1327 1640 ὕστερον
1368 1553 1548 1656 αὖτε
1594 1559 1664 1619 τὰ
1708 1560 1991 1638 πείσεται,
2036 1557 2193 1619 ασσα
2238 1560 2302 1620 οἷ
2339 1552 2500 1618 Αἷσα
2546 1594 2627 1606 --

341 1701 577 1773 hausit,
643 1701 995 1800 quibuscum
1062 1699 1376 1759 coniunxit
1433 1698 1469 1755 I
1520 1700 1601 1757 48
1645 1717 1730 1774 sq.
1798 1691 2268 1774 μαχησόμεθ’,
2336 1696 2446 1769 εἰς
2511 1718 2543 1755 ο
2607 1718 2684 1756 κε

345 1782 632 1882 τέκμωρ
691 1786 701 1858 Ι
755 1777 974 1842 Ἰλίου
1028 1779 1388 1860 εὕρωμεν.
1479 1784 1634 1842 Tum
1692 1780 1871 1855 φίλον
1926 1779 2127 1841 ἔπλετο
2187 1786 2370 1864 θυμω
2425 1784 2686 1843 clausula

339 1875 436 1930 est
468 1871 706 1946 saepius
750 1869 943 1944 obvia,
989 1874 1058 1927 ut
1103 1869 1159 1926 Ι(
1190 1871 1333 1928 531.
1381 1872 1443 1926 Λ
1477 1869 1621 1929 520.
1669 1870 1719 1925 θ
1748 1870 1869 1927 571
1904 1862 2018 1947 (ὥς
2053 1866 2177 1943 -).
2231 1891 2266 1926 ν
2299 1870 2437 1926 145.
2487 1868 2683 1939 ξ397.

342 1969 381 2011 σ
419 1956 560 2013 113.

517 2041 598 2098 33
631 2065 714 2088 ι--
745 2040 804 2095 Α
837 2039 958 2098 206
1003 2038 1166 2097 alibi.

519 2125 623 2183 34.
669 2114 782 2181 οἶδ’
829 2119 981 2180 ἔστω
1012 2141 1084 2182 ex
1120 2121 1172 2180 Θ
1203 2124 1344 2197 523,
1392 2116 1630 2200 εκάεργε
1662 2123 1722 2180 in
1753 2121 1863 2182 hac
1909 2122 2150 2197 quidem
2183 2122 2320 2182 sede
2352 2141 2421 2181 ex
2456 2123 2515 2180 Φ
2540 2124 2683 2181 472.

349 2209 411 2265 Χ
442 2210 539 2284 15,
586 2205 655 2265 τὰ
700 2203 813 2311 γὰρ
858 2202 1199 2283 φρονέουσα
1247 2208 1369 2266 fere
1413 2226 1483 2266 ex
1531 2210 1586 2264 Δ
1618 2210 1761 2265 361.

521 2295 622 2352 35.
667 2288 811 2369 μετὰ
862 2293 1072 2363 Τρῶας
1116 2288 1218 2350 καὶ
1256 2284 1530 2368 Ἀχαιοὺς
1577 2292 1697 2350 vid.
1747 2292 1970 2350 Γ264.
2022 2293 2075 2346 Δ
2109 2292 2208 2349 70.

516 2379 617 2436 36.
663 2376 777 2436 Hic
805 2378 1066 2453 primum
1095 2381 1234 2435 ante
1265 2377 1464 2436 oculos
1496 2376 1706 2435 habuit
1739 2375 1775 2432 Ι
1806 2377 1924 2434 247
1972 2369 2125 2433 ἀλλ’
2172 2396 2317 2450 ανα,
2363 2375 2418 2435 εἰ
2456 2371 2686 2451 με’μο-

351 2484 479 2532 νας
524 2467 587 2520 et
630 2460 837 2521 Φ481
888 2467 1036 2532 πως
1081 2456 1149 2519 δὲ
1206 2457 1282 2518 σὺ
1341 2467 1459 2519 νῦν
1514 2455 1886 2538 μέμονας,
1946 2463 2074 2519 tum
2123 2458 2175 2516 Ο
2208 2462 2328 2520 105
2374 2456 2688 2537 μέμαμεν

348 2541 941 2622 καταπαυσέμεν.

518 2635 618 2692 38.
685 2631 766 2690 Et
818 2627 1103 2709 κρατερὸν
1155 2626 1329 2707 μένος
1383 2630 1581 2690 herois
1639 2630 1888 2689 alicuius
1945 2630 2010 2688 in
2076 2630 2186 2689 hac
2253 2632 2390 2692 sede
2451 2632 2686 2708 saepius

350 2718 570 2794 legitur
621 2720 692 2773 ut
750 2716 819 2772 Π
845 2717 988 2775 189.
1044 2716 1278 2791 Ψ837,
1340 2720 1404 2775 et
1444 2711 1732 2790 ’Έκτορος
1790 2707 2150 2789 ἱπποδάμοιο
2204 2716 2301 2775 vel
2355 2737 2425 2776 ex
2469 2717 2685 2776 ultimo

349 2801 554 2861 Iliadis
598 2820 775 2863 versu
819 2804 1047 2860 notum.

522 2888 623 2945 39.
684 2880 1122 2961 προκαλέσσατο
1178 2885 1455 2944 similiter
1509 2885 1731 2960 legitur
1787 2884 1855 2940 N
1896 2885 2041 2945 809.
2132 2883 2249 2943 Sed
2309 2883 2518 2946 οἰόθεν
2560 2878 2684 2957 οίος

351 2972 445 3029 hic
488 2974 553 3030 ct
595 2971 717 3029 226
762 2974 970 3030 nostro
1015 2970 1325 3045 proprium
1371 2974 1478 3044 est,
1525 2972 1597 3027 ut
1643 2971 1719 3027 97
1768 2960 2021 3028 αἰνόθεν
2064 2968 2268 3040 αἰνῶς.

519 3056 603 3121 40
646 3059 710 3113 et
752 3055 828 3112 51
865 3081 948 3103 =
982 3055 1159 3129 Γ2Ο,
1206 3054 1311 3112 ubi
1353 3072 1512 3112 nunc
1555 3055 1798 3112 remotis
1862 3056 1935 3112 18
1994 3059 2056 3113 et
2117 3057 2190 3114 19
2251 3058 2408 3114 recte
2465 3055 2689 3132 legitur

352 3141 423 3199 de
468 3139 749 3200 universa
790 3158 1013 3215 pugna,
1062 3140 1215 3197 male
1261 3140 1356 3197 hic
1397 3139 1472 3196 ad
1520 3138 1823 3214 singulare
1869 3142 2167 3198 certamen
2213 3140 2558 3199 translatus.

525 3226 628 3282 41.
682 3226 936 3300 μῦθον
989 3216 1390 3300 ἀγασσάμενοι
1450 3222 1486 3279 I
1524 3224 1626 3281 51.
1692 3224 1838 3282 431.
1898 3225 2017 3282 707
2077 3224 2226 3283 bene
2282 3224 2533 3299 legitur,
2595 3226 2688 3283 hic

351 3309 493 3385 quid
539 3307 656 3367 sibi
701 3309 850 3368 velit
892 3308 1140 3368 verbum
1184 3308 1452 3384 ambigui
1496 3307 1868 3383 significatus
1912 3308 2186 3367 absolute
2230 3310 2521 3385 positum,
2568 3328 2688 3368 non

353 3395 498 3453 satis
526 3396 795 3469 apparet.
874 3387 1362 3469 Χαλκοκνήμιδες
1406 3393 1625 3451 iterum
1671 3392 1955 3452 habemus
1998 3388 2159 3465 απαξ
2205 3389 2537 3470 εἰρημένον,
2582 3395 2686 3454 sed

352 3478 428 3536 ad
472 3478 761 3537 sollemne
806 3477 952 3537 illud
999 3473 1353 3553 ἐυκνήμιδες
1403 3477 1554 3536 bene
1600 3476 1943 3537 formatum.

523 3563 624 3621 42.
682 3561 776 3621 cf.
822 3562 877 3618 E
919 3564 1039 3621 765
1096 3557 1360 3639 ἔπορσον.
1460 3560 1625 3619 Alibi
1682 3561 1777 3620 hic
1829 3563 2087 3621 aoristus
2143 3564 2300 3638 apud
2360 3562 2687 3621 Homerum

354 3666 473 3706 non
530 3647 770 3723 legitur.
861 3646 1013 3705 'I'um
1069 3641 1446 3723 πολεμιζέμεν
1479 3641 1724 3722 ’Ἐκτορι
1782 3642 1885 3726 δίῳ
1940 3646 2037 3706 hic
2089 3651 2151 3706 et.
2200 3650 2316 3706 169
2364 3666 2434 3705 ex
2486 3647 2522 3703 I
2562 3649 2685 3706 356

356 3733 627 3807 sumpsit,
675 3734 747 3789 ut
791 3731 863 3790 de
907 3731 1204 3791 similibus
1251 3735 1489 3790 taceam.

524 3817 605 3875 43
636 3842 719 3864 ===
752 3817 808 3872 Ε
841 3818 982 3876 719.
1057 3815 1313 3876 Versum
1369 3816 1524 3875 male
1579 3815 1694 3874 huc
1752 3817 2109 3876 translatum
2166 3836 2292 3876 esse
2347 3819 2465 3875 iam
2510 3835 2688 3891 supra

357 3922 417 3978 p.
449 3902 530 3959 93
574 3901 860 3961 indicavi.
921 3920 1112 3977 neque
1164 3901 1324 3960 enim
1371 3901 1640 3959 Minerva
1681 3901 1812 3975 ipsa
1855 3901 1998 3960 facit
2052 3902 2140 3977 id,
2201 3920 2317 3978 quo
2374 3900 2687 3960 consilium

358 3985 657 4062 Apollinis
700 3987 871 4062 sequi
914 3986 1147 4045 dicitur.

529 4072 630 4129 44.
692 4069 785 4132 Cf.
832 4071 882 4128 B
927 4073 1048 4130 713
1108 4076 1249 4128 τοῖν
1300 4058 1438 4146 ἦρχ’
1503 4062 1813 4145 Ἀδμήτοιο
1867 4068 2083 4145 φίλος
2137 4063 2309 4141 πάις
2364 4075 2427 4129 et
2479 4092 2518 4127 α
2566 4072 2687 4131 328

359 4151 537 4230 φρεσὶ
579 4152 916 4214 συνθετο
958 4150 1185 4213 θέσπιν
1225 4148 1456 4230 ἀοιδήν.

526 4242 627 4300 45.
677 4239 937 4300 Unicum
990 4244 1082 4299 est
1137 4235 1471 4315 ἐφήνδανε,
1527 4258 1638 4314 pro
1692 4259 1810 4317 quo
1868 4260 2060 4316 nuper
2114 4235 2405 4315 έπήνδανε
2452 4240 2692 4316 scripsit

359 4323 680 4401 Bekkerus,
727 4344 936 4385 vereor
976 4328 1048 4384 ut
1090 4328 1251 4384 recte
1294 4325 1359 4383 in
1400 4324 1513 4383 hoc
1557 4326 1852 4400 serotine,
1898 4325 2003 4385 sed
2046 4325 2109 4384 in
2152 4344 2295 4384 aure
2341 4326 2518 4386 simul
2563 4328 2692 4383 erat

361 4409 506 4468 illud
562 4410 868 4486 Odysseae
922 4413 1114 4468 τοῖσιν
1171 4404 1230 4467 δ’
1300 4404 1720 4485 ἐπιήνδανε
1777 4412 1977 4486 μῦθος
2035 4414 2096 4470 et
2148 4408 2360 4484 σφίσιν
2413 4406 2687 4486 ἥνδανε

2725 2387 2787 2433 10
