3132 5129
1300 350 1593 414 —535
1688 390 1754 398 —

356 508 599 567 neniam
667 511 939 567 accurate
995 509 1128 568 istis
1183 508 1532 583 Iphigeniae
1592 510 1849 583 querelis
1903 511 2310 585 respondisse,
2382 512 2549 570 cuius
2616 513 2700 570 rei

359 594 536 652 otiam
570 594 740 669 signa
767 594 1054 653 habemus
1083 595 1147 651 in
1177 593 1387 651 iisdem
1415 593 1615 652 verbis
1645 595 1915 669 repetitis
1946 592 2126 670 οἴμοι,
2159 592 2383 672 Ἄργει,
2427 592 2697 671 μόχθων,

362 682 429 736 ut
479 678 551 736 de
595 675 890 759 πατρῴων
933 676 1123 736 οἴκων
1168 680 1491 752 taceamus,
1540 678 1698 754 quod
1742 678 1995 739 KviEala
2038 699 2347 755 perperam
2381 700 2491 756 pro
2523 701 2695 756 argu-

360 766 561 822 mento
620 764 831 822 habuit
886 765 1029 823 haec
1073 762 1146 822 ab
1190 763 1505 840 Iphigenia
1550 765 1788 823 cantata
1842 784 1989 839 esse,
2041 784 2397 841 quamquam
2446 769 2506 824 et
2549 766 2696 824 Her·

361 867 614 907 mannus
672 853 733 907 et
777 850 1127 925 Hartungus
1186 867 1293 907 suo
1356 849 1607 924 quisque
1653 849 1828 908 modo
1872 848 2031 909 hunc
2076 851 2422 925 scrupulum
2469 871 2696 910 exeme-

358 937 513 1005 rant,
560 933 662 991 ille
708 933 849 992 τῶν
893 933 988 992 σῶ
1002 955 1036 990 v
1080 934 1543 1009 praemittendo,
1591 934 1687 992 hic
1725 934 1908 994 verba
1938 935 2007 992 ut
2036 954 2107 992 ex
2138 955 2194 994 v.
2232 937 2350 993 153
2384 937 2698 1011 desumpta

364 1018 638 1077 delendo.
730 1020 1023 1079 Neutrum
1068 1020 1194 1079 sine
1238 1019 1691 1094 probabilitate,
1739 1021 1807 1077 ut
1849 1020 1912 1078 in
1955 1022 2122 1078 tanta
2164 1021 2565 1094 responsionis
2609 1022 2694 1078 in-

364 1102 740 1178 certitudine,
787 1105 932 1178 quid
978 1124 1184 1163 verum
1232 1104 1327 1178 sit,
1376 1104 1634 1163 discerni
1678 1106 1952 1179 nequeat.

528 1188 822 1247 Incertior
867 1189 1044 1247 etiam
1091 1192 1183 1249 est
1214 1190 1518 1263 sequentis
1546 1187 1803 1247 membri
1832 1188 2186 1260 emendatio,
2237 1189 2394 1263 quod
2431 1189 2493 1247 in
2524 1189 2693 1247 libris

356 1273 439 1329 ita
481 1273 728 1349 legitur:

1010 1352 1144 1415 τίν’
1197 1354 1260 1414 ἐκ
1305 1355 1426 1414 τῶν
1470 1349 1732 1433 εὐόλβων
1776 1354 1974 1433 ’Ἀργει

1007 1438 1303 1520 βασιλέων
1346 1435 1532 1519 ἀρχά,

356 1563 457 1620 ubi
504 1564 664 1637 quod
717 1563 1096 1621 Hei-mannus
1143 1561 1381 1636 scripsit
1435 1558 1546 1630 τίς
1606 1554 1704 1617 ἔτ’
1767 1554 1830 1617 ἐκ
1888 1561 2227 1635 importune
2273 1562 2689 1637 interrogatio·
2731 1574 2787 1619 11

348 1667 482 1705 nem
544 1648 729 1706 insert
788 1648 861 1705 ab
921 1646 1211 1706 eiusmodi
1275 1645 1807 1705 exclamationibus
1875 1646 2156 1721 alienam,
2223 1646 2691 1705 Badhamianum

347 1752 486 1790 vero
544 1729 748 1802 τίνος
809 1728 904 1805 ἐκ,
960 1731 1119 1806 quod
1174 1731 1402 1805 recepit
1445 1730 1733 1804 Klotzius,
1781 1750 1875 1789 me
1919 1750 2040 1789 non
2083 1731 2434 1807 intellegere
2480 1732 2687 1791 fateor.

349 1817 622 1875 Proxime
678 1817 753 1875 ad
812 1817 1150 1876 litterarum
1216 1815 1461 1874 ductum
1531 1816 1761 1876 accedit
1813 1835 2004 1891 neque
2058 1836 2094 1874 a
2151 1835 2328 1875 sensu
2392 1816 2686 1890 abhorret,

347 1902 505 1976 quod
551 1902 690 1959 olim
739 1902 1119 1978 Mus-gravius
1165 1901 1499 1961 coniectum
1557 1903 1767 1976 postea
1812 1900 2041 1975 reiecit,
2106 1920 2295 1976 nuper
2338 1901 2687 1978 Hartungus

349 1987 420 2044 de
469 1987 745 2060 prosodia
789 2006 1029 2046 securus
1073 2006 1179 2061 pro
1226 1979 1341 2042 τίν’
1408 1981 1471 2042 ἐκ
1515 1986 1752 2060 intulit,
1812 1983 2100 2060 φθίνει.
2195 1986 2311 2045 Sed
2358 1986 2420 2045 in
2465 2006 2533 2045 eo
2577 2006 2687 2047 nec

348 2090 628 2145 praesens
676 2072 871 2146 placet
919 2072 1260 2146 imperfecto
1305 2070 1653 2130 adiunctum
1696 2074 1971 2145 amatque
2016 2071 2076 2128 in
2108 2071 2199 2129 his
2231 2071 2493 2129 eiusdem
2528 2072 2683 2131 vocis

345 2156 763 2231 repetitionem
808 2156 1147 2230 Euripides,
1195 2159 1293 2230 ut,
1352 2156 1598 2215 verbum
1644 2155 1693 2213 si
1741 2156 2067 2230 posuisset,
2114 2155 2274 2213 idem
2319 2154 2475 2229 quod
2523 2159 2683 2213 ante-

344 2239 589 2298 cedente
655 2260 829 2300 versu
895 2240 1216 2317 posuisset,
1284 2236 1499 2316 ἔρρει.
1606 2239 1776 2310 Quod
1833 2259 1967 2298 cum
2022 2241 2199 2298 nimis
2255 2261 2291 2298 a
2347 2240 2682 2298 litterarum

343 2325 612 2400 vestigiis
657 2326 918 2400 recedat,
986 2327 1048 2384 in
1091 2325 1358 2383 editione
1414 2325 1655 2400 reposui
1700 2316 1949 2381 οὐκέτι
2004 2322 2123 2381 τῶν
2179 2317 2464 2399 εὐόλβων,
2524 2326 2683 2398 quod

342 2413 501 2468 certe
555 2410 947 2486 Euripideum
1002 2429 1127 2469 esse
1183 2429 1318 2468 eum
1370 2410 1473 2467 alii
1530 2409 1645 2467 loci
1700 2409 2011 2483 evincunt,
2059 2411 2185 2468 tum
2235 2409 2681 2468 Andromachae

341 2496 706 2572 v.1222sq.

991 2573 1226 2638 οὐκέτ’
1275 2576 1393 2637 ἔστι
1435 2599 1534 2655 μοι
1582 2573 1784 2654 πόλις,

988 2657 1324 2740 σκῆπτρά
1367 2655 1417 2720 τ’
1469 2659 1741 2740 ἐρρέτω
1786 2661 1944 2724 τάδε.

510 2783 817 2842 Postrema
863 2783 1045 2843 verba

987 2894 1212 2977 μόχθος
1258 2891 1315 2959 δ’
1369 2899 1432 2960 ἐκ
1475 2899 1726 2979 μόχθων
1769 2897 1945 2983 ᾄσσει

340 3023 575 3096 praeter
620 3019 953 3078 Seidlerum
998 3040 1171 3079 nemo
1215 3022 1513 3081 editorum
1558 3021 1925 3095 sollicitavit,
1974 3023 2207 3078 tantum
2242 3022 2312 3080 de
2343 3043 2429 3096 eo,
2478 3027 2674 3081 utrum

341 3126 475 3163 cum
521 3105 904 3179 sequentibus
950 3108 1075 3164 arte
1130 3106 1433 3182 iungenda
1489 3126 1568 3164 an
1626 3108 1803 3181 plena
1848 3106 2230 3165 distinctione
2274 3107 2349 3165 ab
2396 3109 2467 3167 iis
2512 3128 2675 3183 sepa·

345 3191 526 3248 randa
568 3193 789 3264 essent,
838 3191 1262 3249 dissenserunt.
1336 3191 1483 3249 Mihi
1514 3192 1771 3267 quidem,
1819 3193 1963 3266 quin
1994 3194 2295 3266 postrema
2323 3193 2475 3251 ratio
2506 3193 2675 3251 unice

344 3293 481 3333 vera
524 3277 638 3349 sit,
685 3294 927 3350 prorsus
973 3275 1284 3334 indubium
1328 3276 1568 3335 videtur
1611 3280 1672 3334 et
1714 3279 1960 3352 propter
2002 3276 2337 3334 absolutum
2386 3278 2676 3336 vibrantis

339 3360 671 3418 sententiae
719 3362 919 3419 orbem
967 3364 1029 3418 et
1071 3365 1319 3435 propter
1362 3360 1633 3420 scabram
1663 3364 2115 3436 contortamque
2154 3362 2671 3437 constructionem,

344 3463 491 3518 quae
537 3447 742 3503 ortura
784 3450 904 3521 est,
965 3445 1014 3503 si
1060 3446 1209 3504 illud
1254 3439 1478 3521 μόχθος
1535 3439 1600 3502 δ’
1662 3441 1726 3502 ἐκ
1770 3444 2021 3521 μόχθων
2062 3440 2236 3525 ᾄσσει
2278 3465 2409 3504 cum
2456 3446 2673 3507 dativis

338 3524 721 3599 δινευούσαις
766 3526 970 3600 ἵπποις
1016 3535 1077 3590 et
1105 3549 1489 3606 quaecunque
1521 3530 1595 3589 iis
1628 3530 1950 3589 adhaerent
1993 3530 2459 3606 conglutinatur,
2505 3533 2668 3605 post·

340 3632 499 3672 remo
558 3616 737 3673 etiam
793 3618 1036 3690 propter
1092 3619 1428 3676 accuratam
1485 3614 1900 3690 antistrophici
1957 3634 2165 3674 versus
2220 3616 2671 3690 responsionem

985 3716 1100 3791 φεῦ
1146 3716 1264 3791 φεῦ
1309 3716 1429 3774 τῶν
1461 3713 1663 3794 ’Ἀργει
1706 3707 1974 3792 μόχθων.

335 3817 517 3892 Nam,
566 3818 656 3875 uti
703 3817 819 3875 iam
867 3818 1016 3892 dixi,
1063 3819 1207 3876 mihi
1255 3819 1493 3894 quidem
1539 3824 1602 3877 et
1645 3821 1888 3894 propter
1929 3809 2446 3892 ἀντιψάλμους
2504 3810 2669 3898 ᾠδάς

334 3902 553 3961 diserte
596 3904 934 3962 nominatas
979 3906 1041 3961 et
1083 3906 1329 3978 propter
1373 3904 1710 3980 argumenti
1749 3903 2183 3978 verborumque
2215 3902 2665 3962 similitudinem

334 4007 618 4062 perquam
679 3988 989 4062 probabile
1047 3988 1285 4047 videtur
1340 3988 1685 4063 Iphigeniae
1743 3989 2001 4063 querelis
2060 3986 2368 4046 Choricam
2429 3989 2664 4046 neniam

334 4072 418 4129 ad
464 4073 771 4131 verbum
818 4073 961 4131 olim
1006 4073 1394 4147 respondisse.
1485 4071 1603 4131 Sed
1647 4073 1759 4131 hoc
1803 4072 2088 4147 suspicari
2133 4071 2303 4146 licet,
2352 4072 2665 4132 restituere

333 4175 453 4214 non
497 4157 636 4216 licet
678 4158 794 4217 nisi
839 4158 1116 4216 ludendo.

509 4326 694 4386 Venio
747 4328 822 4387 ad
879 4329 1211 4403 sequentia,
1271 4327 1342 4385 de
1397 4326 1613 4401 quibus
1659 4326 1774 4385 dici
1819 4345 1937 4385 non
1983 4329 2182 4402 potest
2229 4332 2484 4403 quantae
2529 4348 2664 4387 con·

334 4412 654 4471 troversiae
710 4414 971 4489 agitat-ao
1028 4415 1148 4473 sint
1204 4435 1238 4473 a
1293 4412 1530 4471 criticis.
1622 4412 1708 4470 Ex
1776 4412 1993 4488 quibus
2058 4413 2153 4471 hic
2217 4413 2457 4488 quidem
2513 4433 2664 4473 unus
