3132 5129
1382 407 1836 471 -186-

445 566 784 625 Nitzschius
816 566 1134 640 indicavit3
1184 564 1429 642 Cyclopi
1461 584 1637 640 vero,
1684 584 1862 641 quem
1895 565 2053 624 ultra
2083 568 2501 626 necessitatem
2532 568 2789 626 minime

444 652 824 727 eloquentem
868 669 996 710 esse
1040 651 1189 709 illud
1236 671 1290 708 v.
1342 653 1462 714 287
1519 640 1551 707 ὃ
1598 646 1667 707 δέ
1707 644 1776 726 μ’
1836 644 2015 708 οὐδὲν
2055 644 2330 728 ἀμείβετο
2375 647 2539 727 νηλέι
2593 653 2787 733 θυμῷ

446 737 673 812 arguit,
721 737 1252 811 interrogationem
1300 754 1417 795 uno
1464 754 1641 794 versu
1686 736 1806 793 252

698 845 746 913 ὦ
792 855 1002 929 ξεῖνοι,
1047 852 1205 924 τίνος
1252 849 1409 919 ἕστέ;
1452 850 1651 912 πόθεν
1693 847 1898 912 πλεῖθ’
1946 848 2097 931 ὑγρὰ
2142 850 2430 920 κέλευθα;

446 974 782 1034 absolutam
830 976 1001 1033 unice
1045 975 1359 1033 convenire
1406 974 1550 1032 satis
1594 975 1776 1048 patet.

616 1059 774 1118 Satis
820 1058 1213 1134 probabiliter
1254 1059 1408 1118 idem
1457 1058 1765 1117 Bekkerus
1810 1078 1864 1116 v.
1915 1059 2031 1115 271

698 1174 939 1248 ξείνιος,
986 1171 1053 1246 ὃς
1100 1176 1381 1249 ξείνοισιν
1424 1169 1532 1253 ἅμ’
1579 1173 1891 1235 αἰδοίοισιν
1933 1170 2153 1252 ὀπηδεῖ

444 1297 517 1354 ad
563 1298 748 1355 imum
793 1285 1128 1372 marginem
1172 1298 1487 1373 relegavit,
1535 1297 1638 1371 qui
1685 1315 1893 1356 versus
1936 1299 1998 1354 et
2040 1300 2176 1373 post
2218 1298 2664 1359 antecedentem

705 1413 857 1485 Ζεὺς
902 1405 965 1471 δ’
1013 1407 1364 1492 ἐπιτιμήτωρ
1410 1411 1663 1474 ἱκετάων
1707 1436 1766 1473 τε
1812 1414 2022 1487 ξείνων
2065 1437 2124 1474 τε

445 1533 693 1592 mirifice
751 1534 996 1609 languet
1048 1553 1157 1592 nec
1214 1534 1496 1593 obscurae
1565 1535 1813 1608 originis
1866 1538 1959 1594 cst
2013 1537 2232 1611 quippe
2289 1537 2556 1596 detortus
2609 1556 2679 1595 ex
2742 1559 2783 1613 η

451 1620 567 1677 165
600 1645 681 1666 =
716 1621 832 1677 181
883 1615 985 1675 ἵνα
1030 1615 1131 1676 καὶ
1178 1615 1280 1676 Διὶ
1333 1613 1770 1698 τερπικεραύνῳ
1808 1617 1820 1696 Ι
1858 1618 2204 1694 σπείσομεν,
2260 1615 2326 1691 ὅς
2381 1612 2454 1677 θ’
2513 1616 2787 1702 ἱκέτῃσιν

444 1693 547 1778 ἅμ’
594 1699 912 1761 αἰδοίοισιν
956 1696 1188 1776 ὀπηδεῖ.

615 1787 701 1846 De
747 1807 802 1845 v.
849 1788 973 1845 483

701 1883 959 1963 τυτθόν,
1005 1885 1291 1964 ἐδεύησεν
1334 1883 1396 1946 δ’
1444 1885 1639 1964 οἰήιον
1678 1885 1870 1967 ἄκρον
1910 1886 2150 1948 ἱκέσθαι

385 2014 417 2061 9
441 2008 812 2083 ineptissime
858 2027 926 2066 ex
971 2029 1027 2070 v.
1075 2009 1201 2066 540
1256 2009 1350 2068 hic
1393 2028 1632 2084 quoque
1677 2008 1845 2068 illato
1908 2029 2041 2069 cum
2100 2012 2361 2087 antiquis
2417 2013 2780 2071 recentiores

445 2093 828 2152 consentiunt
873 2112 1095 2153 omnes.
1173 2093 1298 2153 Nec
1340 2115 1396 2153 v.
1443 2095 1562 2152 531

697 2206 835 2269 υἱὸν
880 2207 1189 2289 Λαέρτεω,
1231 2207 1447 2293 Ἰθάκῃ
1491 2211 1587 2272 ἔνι
1629 2208 1769 2275 οἰκί’
1816 2210 2045 2290 ἔχοντα,

443 2349 628 2407 aeque
671 2332 1009 2407 importune
1053 2352 1126 2390 ex
1169 2334 1478 2391 luculenta
1530 2333 1725 2392 Ulixis
1770 2334 1842 2392 de
1893 2353 2000 2393 suo
2061 2353 2277 2410 genere
2333 2334 2778 2411 praedicatione

442 2436 497 2474 v.
546 2417 668 2474 505
716 2416 777 2475 in
822 2420 1190 2476 aestuantem
1240 2416 1516 2493 Cyclopis
1562 2419 2025 2478 exsecrationem
2075 2419 2306 2478 illatum
2342 2420 2779 2478 Alexandrino-

443 2520 573 2557 rum
620 2501 879 2577 suspicio
925 2503 1104 2561 tacite
1149 2503 1527 2579 praeteriisse
1575 2502 1835 2578 videtur,
1895 2523 2069 2580 quem
2115 2504 2391 2579 pluribus
2448 2505 2510 2562 in
2554 2505 2777 2563 codici·

440 2586 549 2645 bus
595 2589 878 2645 omissum
923 2590 1079 2646 recte
1123 2588 1479 2647 recentiores
1523 2590 1858 2648 reiecerunt
1901 2608 2125 2648 omnes.

609 2671 704 2728 Ad
748 2690 784 2726 κ
837 2672 953 2729 189

692 2766 935 2830 κέκλυτέ
975 2792 1089 2849 μευ
1131 2771 1375 2850 μύθων,
1421 2767 1575 2833 κακά
1622 2795 1728 2853 περ
1771 2771 2098 2852 πάσχοντες
2145 2771 2383 2853 ἑταῖροι,

443 2892 544 2965 qui
588 2891 747 2949 idem
792 2893 1018 2966 optime
1063 2912 1098 2949 a
1141 2893 1400 2969 Necyiae
1443 2896 1683 2953 auctore
1728 2894 1821 2953 bis
1868 2894 2170 2954 adhibitus
2214 2896 2306 2954 est
2346 2917 2388 2969 μ
2434 2896 2576 2953 271.
2626 2896 2774 2970 340,
2828 2957 2834 2960 ⁴

441 2976 746 3052 egregium
812 2978 984 3036 nobis
1052 2982 1352 3037 servatum
1419 2982 1510 3036 est
1563 2978 2003 3038 Alexandrinae
2059 2980 2277 3039 criseos
2339 2980 2777 3080 fragmentum:

444 3057 879 3137 Καλλίστρατός
925 3077 1115 3138 φησιν
1169 3056 1252 3133 ὥς
1296 3056 1418 3120 ὖπό
1463 3082 1622 3134 τινος
1673 3057 1704 3120 ὁ
1748 3062 1941 3140 στίχος
1984 3060 2372 3137 προτέτακται
2413 3071 2805 3142 αγνοοῦντος·

441 3141 504 3201 τὸ
540 3138 860 3222 Ὁμηρικὸν
903 3142 1077 3222 ἔθος,
1122 3140 1203 3218 ὥς
1248 3144 1413 3206 θέλει
1470 3142 1642 3226 (num
1703 3149 1905 3222 potius
1969 3152 2178 3223 φιλεῖ
2189 3146 2250 3227 ‘?)
2307 3145 2601 3226 ἄρχεσθαι
2653 3143 2777 3208 ἀπὸ

444 3228 546 3287 τοῦ
590 3226 722 3307 γάρ.
798 3232 936 3290 Iure
982 3231 1394 3292 Callistratum
1441 3234 1630 3291 secuti
1674 3236 1815 3292 sunt
1857 3234 2237 3294 recentiores.

610 3315 735 3375 Nec
800 3316 1063 3376 dubitari
1127 3320 1356 3392 potest,
1423 3317 1571 3391 quin
1638 3318 1844 3377 eodem
1909 3319 2026 3391 iam
2098 3320 2481 3396 antiquorum
2550 3319 2773 3379 iudicio

443 3399 708 3459 damnati
753 3401 980 3461 fuerint
1023 3404 1085 3461 et
1126 3423 1184 3461 v.
1234 3403 1354 3460 253

693 3502 986 3573 ξεστοῖσιν
1027 3496 1262 3578 λάεσσι,
1321 3498 1681 3585 περισκέπτῳ
1727 3500 1814 3562 ε’νὶ
1857 3498 2049 3585 χοίρῳ,

440 3602 596 3662 male
640 3624 710 3662 ex
759 3625 811 3664 v.
860 3605 980 3661 211
1028 3607 1350 3681 repetituS,
1397 3610 1458 3665 et
1499 3627 1556 3666 v.
1607 3608 1727 3666 265

692 3702 798 3763 καί
833 3698 899 3782 μ’
948 3700 1384 3784 ὀλοφυρόμενος
1429 3704 1571 3767 ἔπεα
1615 3703 1930 3786 πτερόεντα
1974 3703 2315 3787 προσηύδα,

439 3826 776 3900 importune
819 3845 890 3884 ex
933 3825 973 3902 β
1019 3827 1140 3885 362
1196 3827 1490 3901 intrusus,
1546 3846 1722 3903 quem
1771 3831 2093 3903 utrumque
2151 3829 2213 3887 in
2277 3829 2506 3905 aliquot
2559 3828 2781 3888 codici-

439 3911 550 3970 bus
596 3912 880 3970 omissum
927 3910 1326 3970 recentiorum
1371 3931 1693 3972 consensus
1738 3913 2105 3989 proscripsit.

609 3994 832 4055 Contra
876 3995 948 4053 de
991 4016 1048 4055 v.
1096 3996 1217 4055 329

692 4094 784 4155 σοὶ
826 4093 1027 4167 δέ’τις
1072 4091 1139 4154 έν
1181 4093 1506 4172 στήθεσσιν
1548 4090 1919 4174 ἀκήλητος
1964 4092 2099 4170 νόος
2145 4095 2343 4175 ἐστίν,

441 4201 680 4274 praeter
723 4199 1054 4274 simplicem
1099 4199 1262 4258 illam
1319 4202 1690 4260 notationem
1735 4233 1817 4243 —
1873 4195 1905 4259 ὁ
1950 4195 2245 4273 Σιδώνιός
2300 4216 2490 4278 φησιν
2539 4194 2779 4259 ἀθετεῖ-

440 4286 589 4340 σθαι
635 4280 735 4341 τὸν
780 4281 981 4360 στίχον
1023 4317 1102 4327 -
1149 4287 1329 4345 etiam
1384 4289 1903 4363 argumentorum,
1961 4287 2180 4363 quibus
2236 4287 2625 4346 Alexandrini
2672 4290 2784 4346 aut

438 4370 655 4427 reicere
701 4372 803 4427 aut
846 4369 1164 4429 defendere
1209 4370 1572 4430 studuerunt
1613 4389 1849 4429 versum
1896 4373 2265 4447 apertissime
2310 4391 2380 4430 ex
2430 4372 2483 4427 Γ
2521 4374 2600 4430 63
2668 4445 2676 4453 .

694 4463 778 4543 ὣς
822 4466 918 4528 σοὶ
961 4466 1053 4528 ἐνὶ
1095 4467 1423 4549 στήθεσσιν
1465 4459 1881 4551 ἀτάρβητος
1925 4469 2064 4546 νόος
2110 4469 2265 4532 ἐστίν
