3132 5129
1342 364 1831 428 ·-76-

453 525 790 601 deprompti
835 526 1006 593 sunt,
1053 522 1128 581 ad
1173 521 1525 598 explendam
1570 521 1896 581 clausulam
1942 521 1992 577 Β
2023 521 2147 580 260
2195 517 2556 597 Τηλεμάχοιο
2596 511 2791 599 πατὴρ

451 604 908 684 κεκλημένος
966 604 1102 682 εἴην
1156 608 1218 666 in
1265 606 1598 666 subsidium
1644 609 1873 666 vocato.
1948 606 2060 669 His
2104 606 2360 666 sublatis
2402 607 2583 666 verba
2625 610 2793 682 patet

450 687 775 751 θέσκελα
820 688 852 749 ἓ
875 713 1007 770 ργα
1058 693 1180 752 130
1223 709 1329 752 suo
1375 692 1613 750 demum
1658 689 2029 767 significatu,
2087 709 2206 765 quo
2251 692 2569 765 primarius
2614 696 2792 767 poeta

454 798 524 837 ea
553 778 825 854 intellegi
856 777 1069 849 voluit,
1115 796 1252 836 vere
1296 776 1447 835 frui:
1494 776 1679 835 subiti
1724 777 2027 835 armistitii
2072 775 2512 835 miraculum
2555 777 2787 835 intelle-

450 864 620 939 gitur
677 865 815 938 post
876 862 1043 922 varia
1111 862 1438 920 certamina
1491 862 1610 920 iam
1667 879 1847 937 super
1907 860 2135 919 Helena
2201 859 2543 936 depugnata
2604 863 2788 921 tacito

452 949 759 1023 utrimque
805 964 1096 1006 consensu
1139 948 1203 1005 in
1259 947 1438 1006 breve
1499 948 1734 1022 tempus
1779 947 2035 1023 institui.
2126 945 2311 1005 Cuius
2366 946 2587 1020 quietis
2638 965 2790 1021 quae

454 1051 634 1092 causa
678 1032 862 1091 fuerit
906 1034 1012 1091 aut
1040 1032 1193 1090 ratio
1239 1050 1308 1091 ex
1340 1050 1504 1090 more
1534 1031 1748 1090 horum
1779 1033 2092 1106 poetarum
2124 1048 2445 1105 „quaerere
2490 1029 2788 1105 distulit“,

357 1125 417 1172 11
449 1118 672 1193 quippe
716 1135 848 1175 cum
896 1117 1139 1175 festinet
1181 1116 1255 1174 ad
1308 1118 1399 1175 sui
1440 1116 1719 1175 carminis
1763 1117 2110 1191 primarium
2151 1115 2361 1187 finem,
2417 1116 2519 1190 qui
2574 1117 2640 1174 in
2693 1117 2791 1173 he-

453 1221 623 1261 roum
667 1202 1312 1276 praestantissimorum
1358 1201 1708 1276 plenissima
1750 1200 2065 1275 ethopoeia
2108 1201 2391 1259 cernitur.
2480 1199 2577 1258 Ad
2624 1201 2790 1259 cuius

452 1287 735 1346 carminis
804 1287 1114 1344 consilium
1174 1286 1443 1360 proxime
1508 1285 1735 1344 accedit
1791 1284 2147 1344 Uhlandii
2217 1285 2369 1343 illud
2427 1304 2787 1360 quamquam

452 1371 652 1430 indole
709 1371 1208 1441 diversissimum,
1271 1372 1432 1446 quod
1479 1370 1718 1442 „Caroli
1777 1371 2152 1444 imperatoris
2209 1388 2416 1427 cursus
2474 1370 2789 1445 pelagius“

455 1457 805 1531 inscriptum
852 1456 914 1512 in
960 1455 1227 1513 moribus
1273 1455 1611 1526 duodecim,
1662 1456 1762 1530 qui
1809 1455 1984 1513 simul
2016 1456 2334 1529 navigant,
2380 1453 2788 1512 palatinorum

454 1539 655 1600 vivide
701 1539 1091 1619 depingendis
1135 1541 1327 1598 totum
1375 1543 1664 1599 versatur.
1742 1539 1865 1598 Nec
1907 1558 2016 1598 nos
2060 1537 2436 1621 repudiamus
2482 1538 2631 1597 illud
2663 1557 2788 1596 car-

452 1644 619 1696 men,
682 1643 1038 1700 quamquam
1096 1655 1179 1664 ——
1239 1624 1387 1698 proh
1445 1624 1671 1699 pudor!
1722 1654 1795 1663 —-
1847 1623 2035 1682 multo
2089 1624 2285 1682 minus
2336 1623 2518 1699 vulgo
2574 1623 2793 1683 scimus

455 1710 526 1768 de
577 1712 739 1780 istis,
790 1727 966 1784 quam
1014 1707 1223 1767 Graeci
1270 1709 1341 1767 de
1390 1709 1723 1768 Homericis
1765 1707 2062 1767 heroibus.

625 1794 750 1852 Iam
798 1795 867 1853 ut
910 1792 983 1850 ad
1029 1796 1254 1854 ceteras
1298 1793 1751 1870 progrediamur
1795 1792 2117 1866 atheteses,
2185 1792 2300 1848 144

761 1910 971 1988 Αἴθρη
1018 1912 1295 1989 Πιτθῆος
1340 1908 1618 1987 θυγάτηρ
1664 1906 1944 1987 Κλυμένη
1989 1931 2048 1969 τε
2092 1908 2314 1988 βοῶπις

452 2048 724 2124 pluribus
772 2049 843 2107 de
889 2049 1080 2108 causis
1126 2047 1200 2106 ab
1231 2047 1579 2107 Aristarcho
1621 2047 1904 2105 reiectum
1953 2065 2079 2106 esse
2111 2047 2547 2107 demonstravit
2577 2046 2787 2106 LehrS.

451 2134 515 2192 in
560 2133 1001 2193 Friedlaenderi
1047 2133 1388 2191 Aristonico
1446 2152 1502 2208 p.
1552 2133 1654 2191 84.
1743 2126 1868 2190 Nec
1922 2150 2030 2190 nos
2074 2132 2201 2191 eius
2246 2131 2463 2191 iudicio
2509 2131 2788 2190 adversa-

452 2218 671 2277 bimur.
748 2218 1005 2277 Videtur
1052 2237 1258 2277 versus
1306 2218 1539 2277 Atticae
1583 2237 1710 2277 esse
1754 2217 2263 2291 interpolationis,
2307 2235 2423 2292 quo
2469 2216 2785 2290 respicere-

454 2307 553 2359 tur
598 2302 673 2360 ad
720 2303 982 2361 fabulam
1029 2301 1102 2361 de
1148 2302 1485 2378 grandaeva
1527 2301 1739 2361 Thesei
1784 2306 1975 2358 matre
2019 2321 2054 2359 a
2097 2300 2417 2375 nepotibus
2464 2299 2791 2360 Acamante

453 2389 515 2446 et
557 2386 1005 2462 Demophoonte
1062 2393 1196 2462 post
1249 2391 1479 2463 captam
1539 2388 1746 2445 urbem
1804 2386 2046 2444 inventa
2100 2388 2278 2459 atque
2333 2386 2394 2443 in
2449 2384 2793 2443 libertatem

456 2471 772 2532 vindicata.
862 2471 970 2531 Cui
1030 2472 1316 2547 Clymene
1373 2473 1573 2531 nescio
1632 2490 1783 2547 quae
1839 2489 1981 2528 num
2039 2488 2232 2528 comes
2276 2465 2479 2527 addita
2535 2469 2617 2528 sit
2670 2470 2791 2529 for·

454 2556 639 2630 tuito,
686 2578 760 2617 an
806 2561 1122 2634 propterea
1166 2557 1327 2632 quod
1371 2551 1458 2616 ita
1504 2556 1692 2632 ipsius
1738 2556 1984 2614 Homeri
2044 2555 2231 2613 mater
2275 2553 2443 2614 audit
2487 2554 2549 2614 in
2595 2574 2782 2631 popu-

458 2642 682 2700 laribus
727 2642 989 2702 letarum
1034 2643 1510 2712 narrationibuS,
1556 2660 1714 2700 nunc
1743 2640 1983 2717 quidem
2014 2659 2123 2715 ego
2155 2658 2482 2715 „quaerere
2512 2640 2788 2700 distuli“.

623 2726 779 2785 Tum
826 2727 947 2784 224

705 2835 777 2902 οὗ
821 2841 957 2902 τότε
1000 2835 1059 2922 γ’
1106 2834 1217 2902 ὧδ’
1259 2837 1546 2920 Ὀδυσῆος
1601 2837 1979 2922 ἀγασσάμεθ’
2026 2834 2182 2913 εἶδος
2227 2839 2456 2914 ἰδόντες

455 2980 608 3039 alius
653 2998 780 3039 esse
826 2981 1069 3056 eiusque
1113 2980 1425 3039 deterioris
1470 2980 1830 3039 recensionis
1875 2998 1984 3055 pro
2027 2979 2412 3040 antecedente
2458 2999 2634 3039 versu

706 3090 817 3156 οὐκ
858 3092 942 3157 ἄν
984 3092 1167 3157 ἔπειτ’
1211 3092 1460 3176 Ὀδυσῆί
1494 3091 1550 3175 γ’
1601 3094 1845 3174 ἐρίσσειε
1889 3095 2095 3175 βροτὸς
2138 3094 2313 3168 ἄλλος

455 3234 673 3291 mirum
718 3236 812 3293 est
855 3253 891 3293 a
932 3235 1167 3293 nemine
1232 3235 1371 3292 dum
1430 3254 1558 3312 esse
1615 3234 2107 3295 animadversum.
2181 3233 2315 3292 Non
2373 3236 2564 3294 solum
2629 3237 2791 3295 miri-

456 3318 564 3376 fice
608 3318 854 3394 languet
896 3322 1035 3395 post
1078 3319 1327 3378 alterum
1374 3320 1543 3378 illum
1591 3319 1820 3391 illatus,
1867 3319 1969 3378 sed
2016 3319 2227 3391 etiam,
2278 3338 2387 3393 per
2430 3339 2493 3379 se
2523 3321 2572 3379 si
2619 3339 2791 3421 spec-

453 3405 644 3473 tatur,
712 3403 910 3478 inepte
975 3408 1036 3463 et
1100 3406 1468 3481 excogitatus
1524 3408 1617 3464 est
1671 3408 1734 3462 et
1798 3404 2165 3463 enuntiatus.
2258 3402 2412 3462 Nam
2466 3422 2575 3464 nec
2631 3403 2790 3475 ειδος

456 3486 648 3546 Ulixis
694 3505 872 3563 supra
918 3489 1042 3548 210
1073 3508 1160 3564 sq.
1210 3490 1330 3547 217
1362 3508 1493 3565 sqq.
1539 3490 1626 3547 ita
1665 3489 1888 3547 elatum
1922 3492 2080 3561 erat,
2128 3491 2196 3546 ut
2240 3489 2292 3547 ei
2341 3508 2475 3548 cum
2522 3491 2792 3564 emphasi

455 3571 717 3630 eiusdem
760 3573 1100 3648 eloquentia
1144 3576 1447 3649 tamquam
1508 3574 1779 3648 superior
1822 3574 2249 3648 opponeretur,
2305 3576 2368 3631 et
2410 3573 2569 3648 quod
2614 3574 2793 3633 huius

454 3656 640 3731 ipsius
699 3657 923 3716 mentio
980 3676 1102 3716 non
1163 3658 1378 3718 diserte
1435 3658 1640 3716 addita
1699 3661 1790 3718 est
1848 3657 1950 3716 sed
2005 3677 2074 3716 ex
2132 3657 2416 3717 adverbio
2479 3648 2597 3716 οἶδε
2652 3660 2790 3718 elici

455 3741 661 3813 debet,
710 3743 976 3816 profecto
1021 3741 1337 3801 durissima
1378 3746 1471 3803 est
1515 3743 1765 3818 ellipsis.

626 3826 689 3884 Si
736 3845 944 3884 verum
988 3828 1109 3897 est,
1155 3827 1311 3901 quod
1344 3846 1523 3903 supra
1554 3829 1791 3901 monui,
1838 3829 1899 3886 in
1932 3827 2353 3902 Teichoscopia
2397 3827 2603 3886 foedus
2634 3829 2793 3887 inter

457 3910 713 3969 Graecos
769 3915 831 3970 et
888 3911 1174 3970 Troianos
1230 3912 1415 3970 ictum
1477 3931 1721 3987 prorsus
1777 3912 2072 3988 ignorari,
2136 3931 2209 3970 ne
2281 3911 2489 3971 violati
2544 3913 2790 3989 quidem

456 3995 722 4053 eiusdem
767 3997 989 4055 mentio
1036 3997 1098 4054 in
1141 3996 1448 4071 Epipolesi
1506 3996 1784 4072 primitus
1830 3998 2025 4055 inesse
2069 3996 2285 4071 potuit.
2382 3997 2463 4055 Et
2508 4017 2648 4056 sane
2693 4018 2791 4058 res

456 4079 841 4154 gravissima,
891 4100 1071 4157 quae,
1127 4081 1175 4140 si
1222 4082 1368 4140 nota
1412 4081 1626 4141 fuisset
1669 4084 1908 4155 poetae,
1966 4083 2028 4139 et
2071 4081 2132 4138 in
2180 4083 2646 4157 Agamemnonis
2692 4084 2789 4141 ad·

455 4164 895 4224 hortationibus
954 4169 1014 4223 et
1057 4166 1119 4224 in
1165 4166 1596 4241 appellatorum
1656 4166 1900 4224 heroum
1955 4166 2257 4240 responsis
2311 4167 2504 4242 repeti
2569 4167 2789 4243 ubique

456 4247 637 4306 variis
682 4249 874 4309 modis
919 4250 1204 4324 debebat,
1263 4251 1491 4310 duobus
1535 4253 1769 4309 tantum
1825 4251 1971 4309 locis
2014 4250 2205 4329 iisque
2250 4252 2372 4308 tam
2419 4251 2616 4310 obiter
2657 4271 2787 4328 per-

457 4333 807 4407 stringitur,
877 4338 944 4393 ut
1008 4354 1077 4394 ea
1141 4336 1625 4395 commemoratio
1691 4337 1796 4392 aut
1859 4335 2140 4394 facillime
2193 4336 2488 4396 removeri
2550 4338 2657 4394 aut
2711 4336 2787 4394 ad

455 4416 616 4478 aliud
672 4418 923 4493 quodvis
982 4419 1320 4493 „Troianae
1377 4419 1553 4480 fidei“
1610 4420 1919 4495 periurum
1973 4421 2306 4496 exemplum
2362 4420 2519 4480 trahi
2574 4421 2783 4496 possit.
