3132 5129
1257 383 1727 447 —273--

625 538 934 620 πέμψαν
975 534 1033 599 δ’
1082 537 1156 612 ἐς
1203 536 1454 599 Λύκτον
1495 535 1796 619 Κρήτης
1842 534 1903 610 ἒς
1946 536 2127 598 πίονα
2171 536 2366 615 δῆμον

317 668 386 723 et
428 662 682 723 alterum
1273 670 1306 689 ⁸

625 772 882 860 Κρήτῃ
927 774 995 837 ἕν
1037 772 1236 860 εὐρείῃ
1278 774 1648 858 τρεφέμεν
1690 771 1745 835 τ’
1791 770 2371 855 ἀτιταλλέμεναί
2408 796 2467 835 τε

323 919 474 979 duos
532 916 888 994 antiquioris
930 916 1207 975 carminis
1251 934 1459 975 versus
1501 916 1761 991 recipere
1804 917 2035 990 posset,
2091 933 2269 974 nemo
2313 933 2433 974 non
2479 912 2660 987 videt,

323 1022 576 1079 quorum
624 1021 683 1062 v.
733 1001 856 1060 479
903 996 1142 1073 ἐδέξατο
1171 1000 1364 1059 Γαῖα
1405 992 1640 1079 πελωρη
1684 1000 1747 1059 in
1784 1017 1959 1061 causa
2002 999 2137 1075 fuit,
2184 1002 2255 1059 ut
2297 999 2515 1075 aliquis
2560 1000 2665 1056 aut

323 1087 664 1164 explicandi
708 1086 904 1163 gratia
946 1086 1364 1161 praemitteret
1406 1088 1511 1145 aut
1552 1103 1664 1161 pro
1707 1084 1874 1144 varia
1900 1086 2239 1143 recensione
2268 1083 2667 1145 substitueret

323 1172 652 1233 obscuriori
699 1168 796 1229 At
806 1166 976 1252 γαί
951 1189 999 1227 ω
1045 1165 1189 1228 ἔν”
1154 1190 1277 1249 ορει
1317 1164 1755 1250 πεπυκασμένῳ
1794 1162 2038 1245 ὑλήεντι
2078 1188 2318 1229 versum
2362 1168 2485 1227 483

626 1310 872 1370 αντρῳ
918 1284 985 1347 ἐν
1025 1280 1284 1370 ἠλιβάτῳ
1326 1284 1547 1366 ζαθέης
1590 1278 1712 1347 ὑπὸ
1751 1280 2063 1347 κεύθεσι
2103 1286 2340 1365 γαίης.

329 1426 642 1487 Postremo
701 1426 952 1484 duarum
1011 1443 1294 1483 manuum
1339 1424 1595 1502 vestigia
1636 1424 1815 1483 etiam
1862 1424 1925 1483 in
1970 1424 2267 1484 similibus
2310 1425 2665 1500 argumento

329 1512 432 1571 sed
488 1530 688 1571 secum
742 1509 1151 1587 pugnantibus
1203 1508 1472 1570 versibus
1528 1509 1652 1569 494
1698 1512 1763 1569 et
1802 1510 1927 1569 496
1974 1510 2233 1586 conspici
2278 1509 2561 1569 viderunt
2603 1508 2667 1583 ii,

327 1596 428 1672 qui
473 1594 861 1671 posteriorem
907 1612 1018 1670 pro
1064 1594 1266 1670 spurio
1311 1594 1613 1654 haberent.

503 1678 855 1739 Accedimus
910 1680 1029 1737 iam
1084 1678 1161 1738 ad
1215 1682 1674 1755 postremam
1741 1679 2023 1755 antiquae
2080 1678 2457 1757 Theogoniae
2509 1697 2671 1754 par-

331 1770 507 1840 tem,
563 1764 635 1822 de
678 1783 796 1840 qua
836 1763 1004 1823 brevi
1035 1782 1164 1823 esse
1192 1764 1352 1822 licet.
1413 1764 1719 1823 Habemus
1750 1764 1905 1823 enim
1936 1764 2033 1823 hic
2062 1765 2417 1824 901—909.
2465 1764 2675 1823 912—

335 1852 456 1909 929
501 1849 878 1908 ternarias
911 1848 1188 1924 strophas
1218 1848 1680 1924 perfectissimas
1710 1867 1832 1908 non
1864 1849 2059 1908 minus
2088 1867 2377 1925 novem,
2423 1866 2674 1924 quarum

335 1935 513 1993 tertia
572 1953 725 2009 quae
771 1932 1007 1992 Gratias
1062 1934 1338 1993 nominat
1386 1932 1611 1992 additis
1668 1952 1725 1994 v.
1758 1935 1883 1992 910
1907 1953 1994 2009 sq.
2055 1936 2337 1993 consueto
2393 1952 2559 1994 more
2610 1932 2672 1990 in

332 2018 758 2094 quinariam
802 2020 1032 2077 mutata
1075 2019 1182 2077 est.
1239 2017 1406 2077 Idem
1451 2018 1678 2078 factum
1723 2017 1961 2078 videtur
1988 2020 2051 2077 in
2081 2018 2435 2078 transitione
2465 2019 2673 2077 881-

333 2104 474 2180 885,
522 2121 673 2178 quae
717 2121 823 2161 cur
867 2101 1243 2178 compositori
1287 2102 1489 2178 potius
1531 2121 1711 2177 quam
1753 2102 1903 2179 ipsis
1940 2103 2333 2179 Theogonicis
2377 2102 2671 2161 adscriba-

333 2189 452 2263 tur,
495 2206 729 2247 causam
773 2187 1000 2245 nullam
1045 2186 1248 2246 video:
1305 2186 1470 2263 prior
1511 2189 1747 2247 tantum
1794 2189 1914 2247 881
1963 2206 2092 2247 cum
2143 2188 2264 2247 883
2305 2206 2397 2263 sq.
2445 2185 2673 2245 habuit.

335 2270 414 2330 Et
480 2291 764 2348 perquam
827 2270 1157 2347 probabilis
1211 2275 1304 2330 est
1357 2272 1683 2332 Hermanni
1738 2273 1993 2348 suspicio
2058 2275 2201 2347 post
2252 2273 2373 2329 917
2429 2272 2676 2330 nomina

337 2356 635 2415 Musarum
690 2376 762 2415 ex
809 2357 1056 2415 77—79
1102 2356 1448 2433 inserentis,
1509 2376 1629 2433 qua
1670 2376 1734 2416 re
1778 2375 1999 2417 novum
2041 2358 2377 2417 ternionem
2420 2354 2677 2431 acquiri-

342 2459 488 2503 mus,
577 2440 740 2501 Hinc
799 2441 978 2499 etiam
1035 2442 1095 2498 in
1143 2440 1414 2517 longiore
1461 2441 1534 2501 de
1576 2440 1739 2501 Iovis
1784 2443 1848 2500 et
1890 2441 2133 2501 Metidis
2176 2440 2430 2501 conubio
2474 2456 2673 2498 narra-

339 2524 500 2586 tione
544 2524 837 2603 duplicem
889 2525 1054 2584 illam
1100 2525 1420 2586 editionem
1463 2544 1781 2604 agnoscere
1822 2525 1971 2586 mihi
2013 2525 2245 2587 videor:

419 2804 573 2884 Ζεὺς
595 2807 662 2871 δὲ
684 2815 853 2872 θεῶν
872 2809 1154 2890 βασιλεὺς
1168 2805 1325 2890 πρώ-
1772 2809 1926 2885 Ζεῦς
1949 2809 2016 2873 δὲ
2038 2809 2671 2894 θεῶνβασιλεὺςπρω-

510 2918 621 2973 την
662 2895 880 2974 αλοχον
925 2892 1069 2955 θέτο
1099 2897 1312 2974 Μῆτιν
1354 2905 1454 2954 886
1862 2919 1973 2975 την
2013 2893 2233 2976 αλοχον
2274 2895 2418 2958 θέτο
2464 2902 2693 2976 Μῆτιν

338 2984 573 3041 πλεῖστα
603 2985 775 3041 θεῶν
804 2978 1042 3040 εἰδυιαν
1063 2977 1150 3040 ιδὲ
1172 2985 1326 3059 θνη·
1683 2986 1928 3043 πλεῖστα
1954 2987 2125 3044 θεῶν
2153 2981 2385 3043 εἰδυῖαν
2409 2979 2499 3042 ἰδὲ
2524 2985 2680 3060 θνη-

509 3065 630 3126 τῶν
667 3057 1048 3162 ἀνθρώπων,
1866 3066 1985 3127 τῶν
2026 3060 2406 3148 ἇνθρωπων·

343 3144 424 3221 ὣς
465 3148 541 3228 δή
584 3149 647 3210 οἱ
669 3141 1001 3227 φράσσαιτο
1030 3149 1148 3209 θεὰ
1179 3141 1326 3226 ἄγα-

512 3233 636 3292 θόν
679 3255 739 3294 τε
782 3233 975 3294 κακόν
1018 3256 1097 3295 τε.
1355 3243 1459 3292 900

423 3313 554 3379 ἀλλ’
584 3339 684 3378 οτε
711 3313 886 3397 δήῤ’
914 3315 1128 3396 ἤμελλε
1170 3316 1332 3380 θεὰν
1686 3315 1817 3380 ἀλλ’
1874 3317 1972 3380 ὅτε
2030 3320 2108 3399 δή
2155 3317 2215 3400 ῥ’
2262 3315 2475 3400 ἤμελλε
2519 3317 2682 3380 θεὰν

507 3401 860 3503 γλαυκῶπιν
897 3398 1174 3481 ’Λθήνην
1356 3411 1460 3462 888
1862 3409 2211 3484 γλαυκῶπιν
2249 3402 2526 3484 Ἀθήνην

344 3483 641 3565 τέξεσθαι,
663 3481 784 3547 τότ’
808 3485 1008 3548 ἔπειτα
1030 3482 1184 3571 δόλῳ
1193 3484 1332 3568 φρέ-

511 3595 620 3645 νας
665 3567 1038 3650 ἐξαπατήσας

345 3656 665 3734 αἱμυλίοισι
693 3651 956 3736 λόγοισιν
987 3653 1096 3736 ἑὴν
1123 3655 1328 3738 ἔγκᾶτ-
1561 3667 1660 3718 889
1692 3656 1984 3738 τέξεσθαι,
2013 3655 2137 3720 τότ’
2172 3659 2371 3721 ἔπειτα
2394 3657 2502 3740 ἑὴν
2539 3661 2550 3735 Ι
2589 3657 2676 3739 ἐγ·

511 3747 656 3802 θετο
704 3741 926 3819 νηδύν·
1358 3753 1462 3801 890
1866 3743 2121 3805 κάτθετο
2164 3744 2361 3824 νηδὺν
2579 3753 2682 3802 890

1702 3842 1863 3910 Γαίης
1904 3845 2337 3913 φραδμοσύνῃσι
2373 3844 2465 3897 καὶ
2502 3841 2680 3908 Οὐρα-

1868 3933 1971 3982 νοῦ
2007 3929 2383 3996 ἀστερόεντος
2396 3943 2409 3955 ·

1698 4014 1808 4066 τοὶ
1850 4011 1962 4081 γάρ
2000 4013 2056 4068 οἱ
2090 4012 2417 4080 φρασάτην,
2462 4009 2557 4065 ἵνα
2604 4012 2680 4078 μὴ

1872 4097 2165 4165 βασιληίδα
2198 4098 2370 4163 τιμὴν

1702 4180 1874 4244 ἄλλος
1908 4181 2007 4250 ἔχῃ
2032 4182 2169 4244 Διὸς
2205 4181 2333 4234 ἀντὶ
2369 4184 2522 4235 θεῶν
2553 4180 2683 4236 alet·

1085 4323 1090 4330 .
1870 4265 2196 4332 γενετάων,

423 4347 487 4410 ἐκ
497 4349 610 4433 γὰρ
620 4359 730 4428 τῆς
743 4349 984 4430 εἵμαρτο
997 4351 1332 4432 περίφρονα
1691 4348 1774 4425 ὥς
1818 4349 1885 4414 ἐκ
1926 4353 2030 4432 τῆς
2074 4351 2315 4435 ειμαρτο
2352 4354 2686 4437 περίφρονα

519 4433 691 4498 τέκνα
736 4434 1034 4514 τεκέσθαι,
1361 4446 1462 4495 894
1871 4434 2048 4498 τέκνα
2094 4435 2409 4518 τεκέσθαι,

455 4543 696 4595 xoomy,
727 4544 972 4586 Sauriam.
1011 4545 1052 4586 1.
2218 4543 2281 4592 18
