3132 5129
347 701 407 748 12

357 3666 417 3712 13

1375 365 1836 428 ...204--

611 518 711 581 καὶ
758 513 834 599 δὴ
879 516 1308 599 πυρπολέοντες
1333 511 1702 616 ἐλεύσσομεν
1744 514 1916 616 ἐγγὺς
1962 516 2193 592 ἐόντας.

526 605 597 667 οδ
685 602 821 667 ἔνθ’
873 602 971 685 ἐμὲ
1014 602 1122 683 μὲν
1166 594 1389 685 γλυκυς
1434 601 1626 677 ὕπνος
1671 602 1937 682 ἐπηλυθε
1982 604 2325 683 κεκμηῶτα·

616 689 733 753 αἰεὶ
776 684 886 771 γὰρ
932 688 1089 751 πόδα
1138 687 1276 766 νηὸς
1321 686 1588 767 ἐνώμων,
1632 685 1773 757 οὐδέ
1817 711 1898 770 τῳ
1941 688 2099 771 ἄλλῳ

617 772 758 854 δῶχ’
810 768 1132 853 ἕτοὶρων,’“’
1099 797 1201 834 ινα
1245 779 1483 835 θασσον
1528 774 1808 853 ἱκοίμεθα
1852 773 2110 879 πατρίδα
2152 780 2351 852 γαῖαν

528 883 563 921 a
690 862 750 921 οἲ
793 857 853 920 δ’
901 858 1100 936 εταροι
1143 856 1375 919 ἐπέεσσι
1419 856 1568 936 πρὸς
1611 855 1904 935 ἀλλήλους
1947 853 2259 936 ἀγόρευον,

613 945 718 1005 καί
755 941 821 1022 μ’
872 942 1105 1020 ἔφασαν
1148 939 1366 1022 χρυσόν
1411 967 1470 1005 τε
1516 942 1617 1004 καὶ
1663 965 1924 1025 αργυρον
1967 940 2169 1004 οἴκαδ’
2217 942 2496 1024 αγεσθαι,

613 1031 776 1108 δῶρα
817 1026 960 1109 παρ’
1011 1024 1235 1090 Αἰόλου
1278 1029 1671 1127 μεγαλήτορος
1709 1024 2100 1090 Ἱπποτάδαο·

614 1108 731 1177 ὦδε
775 1112 843 1174 δέ
883 1137 971 1188 τις
1017 1114 1313 1192 εἴπεσκεν,
1359 1105 1505 1175 ἰδων
1552 1113 1612 1187 ἐς
1656 1115 1911 1193 πλησίον
1951 1106 2160 1175 αλλον·

528 1203 565 1260 d
696 1222 785 1277 ,,ω
832 1198 1039 1278 πόποι,
1086 1194 1165 1270 ὥς
1206 1196 1315 1262 οδε
1357 1200 1505 1259 πᾶσι
1549 1200 1720 1277 φίλος
1737 1139 1865 1259 vua!
1912 1197 2104 1275 τίμιός
2150 1195 2308 1258 ἐστιν

612 1281 993 1363 ἀνθρωποις,
1040 1282 1226 1349 οτειόν
1269 1306 1328 1344 τε
1372 1283 1548 1345 πόλιν
1591 1283 1692 1345 καὶ
1734 1290 1914 1364 γαῖαν
1957 1282 2183 1361 ἵκηται·

529 1384 591 1429 οε
691 1367 873 1428 πολλὰ
915 1365 1026 1445 μὲν
1070 1368 1134 1430 ἐκ
1183 1368 1396 1474 Τροίης
1441 1368 1646 1467 αγεται
1690 1368 1961 1447 κειμήλια
2004 1366 2152 1429 καλὰ

612 1453 842 1527 ληίδος·
889 1448 1059 1533 ἡμεῖς
1105 1450 1163 1515 δ’
1211 1446 1353 1515 αὖτε
1398 1448 1555 1532 ὁμὴν
1599 1445 1747 1514 ὁδὸν
1790 1451 2193 1525 ἐκτελέσαντες

615 1537 820 1598 οἴκαδε
866 1534 1200 1617 νισσόμεθα
1245 1536 1452 1612 κενεάς
1499 1536 1617 1599 σὺν
1659 1545 1856 1618 χεῖρας
1900 1537 2158 1616 ἔχοντες·

530 1638 592 1683 οε
697 1621 796 1683 καὶ
840 1625 960 1684 νῦν
1005 1625 1067 1684 οἱ
1103 1619 1241 1684 τάδ’
1290 1621 1472 1684 ἔδωκε
1518 1621 1891 1702 χαριζόμενος
1937 1621 2209 1720 φιλότητι

618 1706 868 1780 Αἴολος·
914 1703 1044 1768 ἀλλ’
1090 1708 1198 1788 ἄγε
1241 1714 1478 1769 θᾶσσον
1482 1706 1824 1815 ἰδώμεθα,
1870 1706 1991 1768 ὅττι
2036 1698 2167 1767 ταδ’
2217 1704 2408 1784 ἐστίν,

612 1790 787 1864 οσσος
834 1815 920 1866 τις
964 1792 1178 1870 χρυσός
1223 1816 1283 1854 τε
1328 1792 1428 1853 καὶ
1469 1790 1728 1873 αργυρος
1771 1786 1943 1877 ἀσκῳ
1989 1791 2236 1854 ἔνεστιν.
2245 1795 2286 1828 “

530 1899 561 1938 ο
690 1900 771 1947 ως
815 1875 1072 1952 ἔφασαν·
1120 1874 1306 1955 βουλη
1353 1874 1420 1937 δὲ
1464 1877 1617 1955 κακὴ
1670 1878 1908 1955 νίκησεν
1952 1875 2232 1952 ἑταίρων·

614 1953 799 2022 ἀσκὸν
840 1960 949 2041 μὲν
993 1967 1210 2039 λῦσαν,
1255 1956 1459 2040 ἄνεμοι
1504 1958 1568 2022 δ’
1618 1960 1683 2023 ἐκ
1726 1957 1945 2035 πάντες
1990 1960 2287 2035 ὄρουσαν·

530 2049 568 2107 b
697 2039 833 2119 τοὺς
878 2044 940 2107 δ’
988 2042 1130 2119 αἶψ’
1173 2041 1489 2126 ἁρπάξασα
1534 2045 1718 2122 φέρεν
1758 2046 2050 2108 πόντονδε
2094 2047 2324 2107 θύελλα

617 2131 962 2210 κλαίοντας,
1007 2134 1178 2212 γαίης
1224 2132 1347 2194 απο
1391 2132 1700 2234 πατρίδος·
1749 2123 1936 2209 αύτάρ
1982 2130 2095 2213 ἐγώ
2138 2153 2201 2212 γε

618 2213 924 2321 ἐγρόμενος
971 2215 1118 2278 κατά
1165 2215 1371 2322 θυμὸν
1413 2236 1690 2294 αμυμονα
1732 2215 2076 2296 μερμήριξα,

617 2323 687 2376 ηε
731 2298 933 2362 πεσών
979 2301 1043 2364 ἐκ
1090 2299 1232 2381 νηὸς
1277 2298 1642 2379 ἀποφθίμην
1685 2296 1771 2361 ἐνὶ
1816 2298 2033 2384 πόντῳ,

619 2383 660 2465 ἢ
702 2382 899 2447 ἀκέων
942 2387 1151 2464 τλαίην
1194 2387 1294 2448 καὶ
1338 2385 1418 2445 ἔτι
1467 2388 1666 2459 ζωοῖσι
1707 2386 1960 2486 μετείην.

702 2466 831 2531 ἀλλ’
879 2470 1048 2548 ἔτλην
1094 2472 1195 2533 καὶ
1238 2472 1468 2552 ἔμεινα·
1517 2464 1938 2549 καλυψάμενος
1982 2467 2041 2529 δ’
2092 2467 2181 2531 ἕνὶ
2227 2467 2321 2546 νηὶ

2711 527 2782 576 30

2715 952 2782 1000 35

2719 1799 2786 1846 45

619 2556 853 2636 κείμην·
902 2557 1067 2619 ίστοῦ
1112 2555 1178 2619 δὲ
1221 2555 1547 2635 προτόνους
1592 2554 1793 2636 ἔρρηξε
1835 2552 2062 2618 θύελλα
2408 2562 2793 2628 22544-54409

616 2638 1012 2721 ἀμφοτέρους·
1061 2641 1218 2714 [στὸς
1262 2637 1321 2704 δ’
1371 2639 1562 2703 ὀπίσω
1607 2639 1808 2719 πέσεν,
1854 2638 2013 2701 οπλα
2057 2663 2115 2701 τε
2158 2635 2355 2700 πάντα

618 2728 701 2798 εἰς
742 2724 962 2787 ἄντλον
1005 2725 1364 2806 κατέχυνθ’·
1415 2724 1453 2788 6
1495 2724 1554 2786 δ’
1604 2725 1721 2804 όῖρα
1765 2721 2003 2831 πρύμνῃ
2049 2723 2137 2786 ένι
2181 2721 2280 2801 νηὶ

617 2814 799 2889 πλῆξε
845 2812 1225 2889 κυβερνήτεω
1268 2806 1560 2888 κεφαλήν,
1607 2811 1726 2873 σὺν
1768 2808 1828 2871 δ’
1878 2806 2030 2871 ὀστέ’
2078 2802 2256 2888 αραξε

627 2892 807 2957 πάντ’
856 2895 1076 2975 αμυδις
1119 2902 1407 2975 κεφαλῆς·
1452 2889 1484 2955 ὃ
1531 2893 1591 2956 δ’
1641 2893 1742 2971 ἄρ’
1790 2892 2110 2974 ἀρνευτῆρι
2153 2885 2358 2967 έοικως

621 2979 884 3041 κάππεσ’
932 2977 1040 3040 ἀπ’
1090 2980 1378 3060 ἰκριόφιν,
1423 2982 1555 3043 λίπε
1602 2980 1654 3040 δ’
1704 2977 1873 3042 ὀστέα
1916 2978 2119 3057 θυμὸς
2162 2975 2423 3059 ἀγήνωρ.

536 3070 572 3125 d
702 3064 852 3136 Ζεὺς
899 3061 957 3124 δ’
1005 3063 1222 3146 αμυδις
1266 3064 1556 3145 βρόντησε
1602 3064 1703 3126 καὶ
1749 3064 1960 3144 ἔμβαλε
2007 3061 2104 3142 νηὶ
2150 3061 2474 3143 κεραυνόν·

619 3148 663 3226 ἢ
706 3146 765 3209 δ’
817 3147 1088 3230 ἐλελίχθη
1132 3162 1295 3214 πᾶσα
1344 3151 1489 3223 Διὸς
1532 3156 1819 3231 πληγεῖσα
1865 3172 2157 3232 κεραυνω.

536 3239 564 3296 f
697 3231 835 3295 ἕνθ’
882 3233 1049 3296 αλλοι
1089 3234 1201 3314 μὲν
1244 3235 1461 3309 πάντες
1503 3232 1858 3309 ἀπέφθιθεν
1904 3210 2113 3295 ἐσθλοὶ
2154 3232 2406 3315 ἑταῖροι·

620 3314 808 3400 αύτάρ
853 3310 964 3402 ἐγὼ
1008 3319 1220 3397 τρόπιν
1261 3311 1448 3423 ἀγκὰς
1494 3318 1643 3381 ἔλων
1687 3310 1819 3392 νεὸς
1863 3316 2254 3397 ἀμφιελίσσης

622 3403 884 3483 ἐννῆμαρ
932 3405 1238 3485 φερόμην·
1284 3402 1501 3488 δεκάτῃ
1546 3404 1615 3466 δέ
1658 3429 1729 3482 με
1773 3402 1947 3466 νυκτὶ
1989 3403 2237 3486 μελαίνῃ

607 3490 811 3568 ,νῆσον
856 3488 914 3561 ές
954 3487 1250 3572 Ὠγυγίην
1289 3490 1555 3553 πέλασαν
1597 3491 1750 3566 θεοί,
1797 3487 1952 3550 ἔνθα
1997 3481 2272 3565 Καλυψω

626 3574 780 3636 ναίει
824 3571 1230 3656 ἐυπλόκαμος,
1274 3575 1440 3654 δεινὴ
1485 3569 1657 3647 θεός·
1705 3572 1748 3653 ἥ
1788 3596 1859 3652 με
1907 3575 2170 3651 λαβοῦσα

627 3657 922 3732 ἐνδυκέως
967 3661 1155 3738 ἐφίλει
1200 3683 1259 3721 τε
1304 3660 1403 3721 καὶ
1448 3659 1688 3738 ἔτρεφεν
1731 3653 1837 3736 ήδε
1882 3657 2106 3735 ἔφασκε

624 3743 845 3850 θήσειν
889 3743 1206 3807 ἀθάνατον
1249 3744 1349 3806 καὶ
1394 3739 1663 3824 ἀγήραον
1708 3743 1901 3822 ἤματα
1945 3737 2169 3803 πάντα·

621 3824 753 3891 ἀλλ’
801 3828 942 3909 ἐμὸν
985 3855 1056 3893 ου
1104 3851 1244 3891 ποτε
1286 3823 1485 3910 θυμὸν
1531 3827 1619 3891 ένι
1667 3828 1994 3906 στήθεσσιν
2037 3826 2299 3889 ἔπειθεν.

539 3920 576 3976 d
705 3913 857 3974 ἔνθα
899 3913 1010 3994 μὲν
1054 3913 1320 3987 ἕπταετες
1364 3913 1547 3993 μένον
1591 3913 1866 3994 ἔμπεδον,
1912 3913 2121 3989 εἵματα
2165 3907 2222 3972 δ’
2274 3909 2392 3973 αἰεὶ

622 3999 880 4074 δάκρυσι
924 3996 1230 4078 δεύεσκον,
1274 3999 1344 4061 wi
1388 4026 1488 4079 μοι
1531 3998 1803 4100 αμβροτα
1847 3999 1998 4058 δῶκε
2047 3991 2333 4072 Καλυψω.

539 4085 606 4156 eg·
686 4077 818 4145 ἀλλ’
865 4108 963 4146 οτε
1006 4085 1084 4165 δὴ
1128 4080 1346 4166 ὄγδοόν
1389 4109 1488 4162 μοι
1534 4079 1927 4163 ἐπιπλόμενον
1973 4081 2094 4152 ἔτος
2139 4074 2324 4161 ἦλθε,

625 4166 726 4228 καὶ
770 4163 894 4233 τότε
940 4170 1018 4275 δή
1037 4194 1133 4269 με
1177 4168 1454 4234 κέλευσεν
1497 4167 1923 4267 ἐποτρύνουσα
1948 4165 2190 4228 νέεσθαι

625 4246 821 4330 Ζηνὸς
863 4245 969 4314 ὑπ’
1016 4247 1323 4336 ἀγγελίης,
1368 4280 1406 4334 η
1458 4250 1559 4317 καὶ
1603 4250 1741 4326 νόος
1784 4248 2050 4329 ἐτράπετ’
2102 4247 2303 4328 αὐτῆς.

540 4336 608 4408 οζ
687 4336 878 4414 πέμπε
923 4335 979 4398 δ’
1024 4339 1120 4402 ἐπὶ
1167 4342 1403 4419 σχεδίης
1446 4337 1847 4415 πολυδέσμου·
1893 4334 2083 4398 πολλὰ
2129 4329 2191 4397 δ’
2240 4334 2460 4414 ἔδωκε,

623 4427 786 4481 σῖτον
830 4423 930 4484 καὶ
973 4424 1132 4505 μέθυ
1176 4421 1317 4505 ἡδύ,
1364 4426 1462 4487 καὶ
1508 4425 1778 4506 αμβροτα
1822 4420 2030 4501 εἵματα
2077 4418 2290 4482 ἕσσεν·

2685 2650 2791 2697 410

2691 3076 2793 3123 415

2632 3253 2787 3316 ’2251

2693 3583 2795 3631 255

2696 4006 2800 4055 260

2696 4430 2799 4478 265
