3132 5129
1284 360 1581 423 —579
1680 396 1760 406 —

349 513 430 573 Et
471 513 621 572 illud
682 510 918 585 εἰκότως
974 518 1120 592 quin
1163 534 1303 576 vere
1346 516 1691 592 Iphigeniae
1735 515 2093 574 adtribuerit
2136 516 2444 591 aptissime
2489 516 2574 575 ita
2616 516 2689 574 ad

347 599 635 658 Thoantis
694 591 763 658 εὖ
817 621 880 679 γε
937 599 1212 675 κηδεύεις
1268 594 1440 659 πόλιν
1496 601 1910 677 respondenti,
1971 600 2234 659 dubitari
2289 619 2412 660 non
2467 603 2689 676 potest.

349 683 464 742 Sed
533 685 798 743 eiusdem
865 688 1193 762 particulae
1259 686 1322 745 in
1379 686 1667 745 Thoantis
1732 703 2018 761 responso
2084 687 2365 761 repetitio
2422 685 2565 745 ferri
2620 703 2688 744 eo

347 770 545 827 minus
591 771 806 845 potuit,
857 773 1137 847 quoniam
1179 772 1357 830 aliam
1400 771 1802 830 desideramus
1833 770 2188 845 particulam
2222 771 2384 830 urbis
2415 789 2689 830 reveren-

346 855 491 911 tiam
536 872 668 913 cum
714 854 1061 931 Iphigeniae
1122 858 1345 933 pietate
1408 859 1883 931 componentem.
1974 856 2066 915 Ne
2109 855 2330 932 multa,
2378 854 2693 931 Euripides

345 939 586 1014 scripsit
627 938 928 1018 adverbio,
975 942 1139 1017 quod
1186 942 1248 1001 in
1293 942 1519 1001 deliciis
1563 940 1759 1016 habet,
1805 941 2009 1000 illato:

516 1056 1012 1117 ΙΦΙΓΕΝΕΙΛ.
1069 1055 1332 1129 εἰκότως.

513 1141 683 1200 ΘΟΑ
695 1146 763 1203 Σ.
1153 1135 1231 1214 ὥς
1274 1165 1311 1201 κ
1325 1138 1365 1201 οἱ
1378 1166 1410 1218 ρ
1428 1165 1455 1201 τ
1470 1164 1508 1200 α
1553 1164 1590 1201 κ
1605 1165 1642 1199 α
1658 1138 1678 1199 i
1725 1138 1802 1201 σὲ
1845 1149 2013 1200 πᾶσα
2057 1139 2357 1219 θαυμάζει
2401 1134 2590 1213 πόλις.

345 1258 453 1336 Cf.,
504 1265 571 1320 ut
614 1262 761 1322 alios
805 1264 964 1323 locos
1009 1266 1263 1337 taceam,
1311 1263 1554 1338 Hippol.
1596 1264 1749 1330 1041

700 1375 823 1438 καὶ
872 1389 1000 1439 σοῦ
1043 1401 1105 1459 γε
1151 1377 1387 1460 κοὶρτα
1434 1388 1620 1439 ταῦτα
1669 1372 2054 1457 θαυμάζω,
2097 1377 2302 1459 πάτερ.

533 1498 773 1558 Retinui
820 1503 881 1558 et
923 1500 1182 1576 defendi,
1228 1502 1318 1561 uti
1363 1522 1473 1578 par
1514 1504 1658 1576 erat,
1703 1501 1765 1560 in
1796 1500 2055 1560 editione
2087 1520 2144 1560 v.
2186 1501 2364 1576 1299,
2410 1500 2689 1575 quemad·

357 1583 593 1642 modum
640 1584 822 1660 vulgo
869 1605 938 1643 ex
986 1586 1319 1646 Marklandi
1364 1588 1727 1646 correctione
1770 1586 2007 1662 legitur,

754 1699 982 1779 μέτεστι
1027 1698 1236 1780 χύμῖν
1279 1711 1403 1763 τῶν
1443 1698 1876 1781 πεπραγμένων
1915 1699 2124 1779 μέρος,

344 1842 477 1883 cum
523 1823 662 1882 libri
706 1817 942 1898 μέτεστί
980 1817 1060 1880 θ’
1109 1817 1259 1897 ύμῖν
1300 1823 1644 1899 praebeant.
1720 1822 1837 1881 Sed
1879 1822 2025 1882 mihi
2058 1841 2298 1898 quoque
2328 1824 2398 1881 ut
2425 1822 2694 1882 Nauckio

341 1902 488 1984 ὑμῖν
530 1904 718 1966 τῶνδ
731 1927 757 1965 ε
802 1913 924 1966 τῶν
971 1905 1415 1987 πεπραγμένων
1468 1907 1822 2005 proponenti
1877 1908 2233 1967 inusitatum
2276 1908 2340 1967 in
2386 1908 2494 1967 hac
2538 1908 2695 1967 locu-

342 1995 505 2051 tione
551 1989 722 2067 μέρος
766 1998 1105 2069 suspectum
1141 1999 1256 2068 est,
1306 1994 1482 2069 idque
1526 2012 1595 2053 eo
1639 1994 1848 2068 magia,
1895 2011 2012 2092 quo
2058 1993 2291 2051 facilius
2336 1994 2517 2051 etiam
2561 1993 2694 2051 aliis

341 2078 676 2137 rationibus
708 2079 904 2138 omitti
934 2082 1194 2153 poterat,
1250 2082 1320 2136 ut
1349 2082 1454 2136 aut
1484 2076 1599 2135 τῶν
1629 2076 2057 2153 πεπραγμένων
2104 2073 2285 2145 ἴσως
2327 2079 2431 2136 aut
2471 2071 2700 2148 μέτεστί

343 2156 414 2218 θ’
477 2156 651 2263 ὑμῖν,
677 2161 810 2221 καί
860 2184 930 2220 τι
984 2161 1106 2220 τῶν
1162 2158 1591 2239 πεπραγμένων
1634 2166 1741 2221 aut
1782 2161 1929 2220 adeo
1975 2158 2151 2230 ἴσως
2206 2181 2341 2238 γαρ
2384 2155 2533 2235 ὑμῖν
2576 2162 2698 2218 τῶν

345 2244 777 2345 πεπραγμένων
818 2243 994 2323 μέτα
1041 2249 1534 2309 scriberetur..

515 2333 701 2392 Recte
747 2334 864 2390 iam
911 2333 1276 2407 antiquiores
1323 2330 1556 2389 critici
1541 2350 1603 2388 m
1634 2350 1690 2390 v.
1729 2330 1888 2388 1386
1920 2351 1966 2387 ω
2013 2329 2123 2406 γῆς
2159 2320 2438 2397 Ελλᾶδος
2482 2327 2694 2386 ναῦται

348 2411 495 2486 νεώς
541 2416 948 2489 offenderunt,
999 2417 1101 2475 sed
1148 2417 1302 2475 male
1349 2414 1658 2474 scribendo
1702 2433 1811 2489 pro
1853 2420 1971 2491 γῆς
2016 2418 2121 2472 aut
2164 2413 2290 2487 τῆς
2335 2416 2439 2472 aut
2483 2435 2555 2471 tv
2544 2408 2688 2469 ⁶6²

350 2503 698 2580 languidum
731 2502 1071 2561 intulerunt
1115 2502 1601 2578 supplementum
1645 2503 1850 2558 contra
1892 2500 2080 2575 ipsius
2125 2503 2336 2575 poetae
2381 2501 2695 2558 consuetu-

351 2590 568 2663 dinem,
617 2608 753 2665 qua,
801 2586 946 2662 quid
974 2587 1070 2646 hic
1101 2606 1334 2662 quoque
1371 2586 1657 2661 scriptum
1691 2585 1894 2660 fuerit,
1928 2585 2074 2643 satis
2104 2588 2309 2682 aperte
2341 2583 2694 2643 declaratur.

351 2672 644 2748 Compara
702 2673 859 2731 enim
913 2672 1060 2730 mihi
1120 2689 1332 2747 quaeso
1389 2671 1612 2728 similes
1669 2670 2098 2744 adpellationes
2144 2671 2206 2728 in
2250 2669 2384 2727 Hel.
2422 2670 2581 2728 1593
2606 2688 2693 2745 sq.

350 2756 409 2816 τί
446 2752 697 2834 μέλλετ’,
743 2778 789 2814 ω
837 2762 979 2859 γῆς
994 2749 1270 2825 Ἑλλαδος
1313 2754 1666 2831 λωτίσματα,
1706 2757 1717 2830 Ι
1757 2747 2001 2828 σφαζειν
2045 2750 2329 2827 φονεύειν
2358 2746 2694 2832 βαρβαρους

352 2846 412 2902 et
456 2843 879 2902 Phoen.1225
929 2862 980 2899 ω
1033 2863 1140 2918 7ης
1186 2835 1469 2910 Ελλάδος
1527 2834 1954 2916 στρατηλάται,
2012 2841 2337 2915 statimque
2380 2839 2695 2915 intelleges

351 2928 448 2985 hic
491 2947 724 3002 quoque
767 2930 905 3001 post
948 2916 996 2983 ὦ
1041 2925 1148 3003 γῆς
1189 2918 1470 2994 Ἑλλαδος
1513 2925 2025 3001 quadrisyllabum
2054 2925 2313 3000 positum
2346 2924 2529 2983 fuisse
2559 2925 2691 2982 sub·

354 3012 682 3071 stantivum
704 3056 718 3085 ,
787 3030 904 3085 quo
961 3011 1274 3085 peculiaris
1327 3014 1642 3070 nautarum
1709 3010 1976 3070 condicio
2034 3010 2255 3068 diserte
2309 3007 2691 3067 indicaretur.

355 3096 424 3154 Id
457 3115 595 3155 vero
625 3115 745 3154 non
788 3092 1091 3153 νεανίαι
1136 3096 1271 3169 fuit,
1319 3096 1473 3171 quod
1505 3095 1812 3154 Nauckius
1844 3095 2110 3169 coniecit,
2157 3094 2260 3152 sed
2305 3090 2691 3168 νεηλαται,

357 3182 522 3240 cuius
576 3180 850 3240 vocabuli
905 3181 1126 3238 nostris
1183 3181 1385 3239 lexicis
1429 3181 1691 3289 ignorati
1734 3180 2082 3238 memoriam
2128 3179 2389 3238 servavit
2434 3178 2690 3253 Hesych.

361 3262 518 3345 [Vol.
543 3264 714 3340 IIIp.
738 3265 856 3322 145
885 3260 1138 3343 Schm.]:
1186 3285 1311 3340 νεη
1328 3261 1410 3321 λα
1424 3276 1575 3338 της
1624 3258 1656 3321 ὁ
1704 3259 1943 3322 ἰθύνων
1984 3257 2025 3337 ἢ
2068 3255 2334 3321 ἐλαύνων
2364 3258 2427 3319 τὸ
2459 3265 2689 3321 πλοῖον.

358 3351 642 3409 Eiusdem
695 3349 970 3409 vocabuli
1025 3350 1236 3409 similis
1295 3349 1492 3426 glossa
1546 3349 1606 3406 h.
1649 3350 1689 3408 1.
1737 3348 1853 3406 fuit
1904 3347 2183 3404 ναῦται
2240 3342 2437 3417 νεώς.
2525 3346 2689 3404 Idem

356 3436 568 3497 vitium
626 3434 769 3492 olim
824 3435 888 3492 in
942 3434 1205 3493 Maneth.
1250 3434 1340 3510 II,
1387 3437 1465 3494 65
1523 3433 1723 3509 expuli
1782 3423 2033 3489 έλαται
2089 3452 2254 3508 νηων
2311 3451 2420 3507 pro
2477 3431 2692 3488 ναῦται

359 3519 526 3597 νηῶν
568 3519 900 3579 scribendO.
