3132 5129
1285 368 1580 431 -493
1674 405 1749 414 —

348 543 599 599 eamque
643 524 833 599 magis
878 524 1058 582 etiam
1106 525 1445 583 contortam
1491 525 1784 582 rationem
1831 523 1967 581 iniit
2011 521 2358 582 Gebauerus
2401 543 2456 598 p.
2490 525 2568 582 78
2591 543 2681 598 sq.

347 628 470 669 non
530 608 721 667 solum
789 611 850 666 et
913 608 1106 668 Naide
1170 611 1405 667 retenta
1460 612 1522 668 et
1573 609 1954 667 iureiurando
2021 612 2280 683 servato,
2349 608 2451 666 sed
2506 609 2685 667 etiam

349 695 592 753 Diana
635 695 697 752 in
749 692 1083 752 subsidium
1127 697 1353 753 vocata.
1415 680 1791 769 Daphnidem
1835 692 2023 768 igitur
2063 693 2273 753 Naidis
2316 711 2517 753 amone
2561 711 2684 751 cor-

224 838 233 845 ,
352 782 584 855 reptum
632 778 817 837 fuisse
861 779 1057 853 ipsum
1107 778 1393 854 fugientis
1436 797 1507 837 ex
1554 776 1770 838 ovidio
1817 779 1931 837 art.
1960 797 2074 835 am.
2105 777 2153 852 I,
2203 778 2323 836 732
2370 781 2433 836 et
2468 778 2685 837 Nonno

350 863 476 938 XV,
526 864 646 923 307
676 881 762 937 sq.
816 881 1099 938 apparere
1158 866 1362 938 putat,
1419 863 1521 938 qui
1580 866 1642 921 et
1699 863 1827 938 ipse
1883 864 2093 937 poetae
2148 863 2332 921 verba
2386 882 2455 921 eo
2509 862 2686 921 modo

350 948 743 1022 intellexerit,
819 954 937 1030 qu‘o
1013 946 1353 1006 Gebauerus
1425 948 1744 1023 proverbio
1799 946 2169 1006 Germanico
2209 958 2416 1007 ¹usus:
2505 948 2686 1022 „das

348 1033 706 1092 Madchen
772 1032 978 1090 lauft
1043 1032 1283 1093 davon
1347 1033 1531 1091 fiber
1596 1032 1745 1090 alle
1812 1030 2134 1108 Berge“!
2226 1031 2377 1090 Tum
2431 1032 2684 1090 Dianam

347 1119 591 1193 eiusque
645 1117 1112 1176 familiaritatem
1178 1119 1428 1177 arcessit
1492 1137 1563 1176 ex
1619 1117 1880 1176 Diodoro
1936 1115 2041 1191 IV,
2086 1116 2197 1191 8‘4,
2267 1117 2432 1175 cuius
2497 1117 2684 1174 cultui

347 1202 618 1276 Daphnis
664 1202 768 1277 „in
813 1201 1004 1277 prima
1048 1202 1444 1261 adolescentia
1489 1221 1551 1261 se
1597 1204 1803 1261 sancto
1850 1201 2108 1276 quodam
2153 1202 2447 1276 promisso
2491 1203 2684 1259 totum

346 1286 701 1346 addixerit“.
790 1287 1002 1362 Vides,
1068 1305 1248 1361 quam
1312 1288 1505 1346 multa
1569 1286 1720 1346 sciat
1774 1285 2117 1346 Gebauerus
2184 1289 2246 1344 et
2302 1286 2567 1361 antiquis
2626 1289 2687 1343 et

344 1373 519 1431 nobis
563 1389 805 1446 prorsus
849 1372 1085 1447 ignota;
1134 1372 1237 1431 sed
1282 1371 1479 1447 accipe
1522 1371 1696 1447 plura
1739 1371 1812 1430 de
1857 1370 2264 1430 crudelissimo
2295 1370 2453 1429 Deae
2483 1371 2685 1429 castis-

266 1481 271 1486 ·
347 1457 531 1515 simae
576 1456 855 1515 facinore.
930 1457 1087 1515 Dum
1131 1457 1290 1515 enim
1319 1457 1589 1532 Daphnis
1632 1455 2039 1514 iusiurandum
2085 1458 2425 1515 servaturus
2469 1455 2685 1513 misero

346 1541 581 1600 exhalat
610 1561 835 1616 amore,
866 1541 1095 1600 accedit
1122 1542 1229 1600 illa
1258 1543 1439 1617 atque
1471 1542 1715 1601 virtutis
1747 1559 1889 1618 ergo
1919 1540 2270 1600 morientem
2302 1540 2682 1617 spurcissimo

346 1627 615 1702 increpat
659 1626 924 1687 convicio
970 1647 1025 1685 v.
1061 1627 1305 1685 87--91
1358 1619 1591 1707 ᾦπόλος
1636 1629 1770 1701 etc.,
1819 1625 1982 1702 quod
2025 1644 2166 1684 sane
2210 1625 2686 1685 libidinosissimi

347 1711 473 1769 Dei·
522 1730 594 1769 ex
661 1714 759 1769 ore
823 1711 1178 1789 surripuisse
1242 1711 1497 1771 videtur.
1597 1710 1712 1770 Sed
1772 1710 2068 1786 quomodo
2126 1711 2236 1769 hoc
2291 1709 2420 1769 fieri
2475 1710 2682 1786 possit,

347 1795 631 1871 quaeris?
715 1796 830 1855 Pro
875 1815 930 1855 v.
954 1797 1067 1871 86,
1124 1816 1301 1871 quem
1361 1815 1478 1855 uno
1536 1796 1597 1855 in
1655 1796 1783 1857 cod.
1832 1814 1867 1853 a
1911 1796 2167 1856 secunda
2211 1795 2449 1854 demum
2506 1814 2685 1854 manu

320 1881 644 1959 ,adiectum
689 1881 806 1938 iam
854 1881 1155 1940 deleverat
1196 1881 1558 1956 Ahrensius,
1618 1881 1760 1939 olim
1816 1880 2078 1940 adfuisse
2121 1882 2298 1956 putat
2340 1880 2686 1940 Gebauerus

348 1966 562 2040 alium,
609 1985 728 2041 quo
773 1965 1026 2024 Dianam
1070 1966 1382 2026 accessisse
1428 1926 1656 2025 dict’um
1700 1965 1902 2025 fuerit.

521 2050 839 2109 Sufficiant
889 2050 1062 2125 haec,
1128 2052 1370 2127 opinor,
1440 2051 1515 2109 ad
1573 2050 2128 2126 demonstrandum,
2185 2054 2443 2126 quantus
2502 2050 2682 2110 offen-

348 2135 530 2194 sionis
573 2135 726 2211 lapis
771 2136 849 2193 sit
890 2135 985 2195 hic
1030 2135 1233 2211 Priapi
1291 2155 1505 2195 sermo.
1598 2133 1808 2194 Cetera
1863 2136 1982 2193 iam
2027 2136 2126 2195 vix
2182 2137 2381 2194 minus
2436 2135 2687 2195 obscura

345 2219 702 2279 adferemus.
793 2217 944 2288 Quid
994 2220 1107 2279 sibi
1155 2221 1346 2279 velint
1389 2220 1724 2296 Daphnidis
1771 2221 1982 2295 verba,
2027 2220 2245 2295 quibus
2270 2220 2564 2278 Venerem
2596 2221 2682 2278 in-

312 2307 546 2380 crepat
587 2324 645 2367 v.
681 2307 1043 2380 105—113,
1092 2323 1265 2365 nemo
1310 2304 1504 2364 dicere
1547 2304 1766 2380 potuit.
1855 2304 2085 2364 Volunt
2127 2303 2533 2380 Daphnidem,
2578 2304 2682 2379 qui

348 2390 607 2449 moriens
663 2390 903 2463 quidem
959 2393 1159 2449 tamen
1216 2391 1404 2448 amori
1459 2389 1714 2464 resistit,
1775 2388 2136 2463 exprobrare·
2187 2384 2408 2447 Veneri
2464 2389 2684 2447 amoris

348 2475 537 2550 Deae,
586 2475 745 2550 quod
789 2477 852 2533 et
894 2475 1026 2549 ipsa
1067 2478 1376 2549 pastorum
1419 2475 1714 2535 Anchisae
1760 2477 1938 2549 atque
1982 2473 2276 2533 Adonidis
2323 2474 2508 2532 amori
2554 2492 2684 2532 suc-

348 2558 639 2620 cubuerit.
730 2559 910 2631 Quasi
963 2559 1075 2620 hoc
1118 2558 1410 2620 Venerem
1464 2559 1778 2635 puduerit:
1837 2579 1976 2618 nam
2033 2559 2144 2619 hoc
2195 2577 2317 2618 non
2345 2552 2568 2618 ⁸vereor
2609 2579 2686 2617 ne

347 2645 483 2720 quis
535 2644 680 2703 mihi
735 2646 862 2704 eius
917 2646 1216 2721 querelam
1271 2646 1334 2705 in
1379 2644 1694 2704 Homerico
1748 2644 1972 2721 hymno
2025 2645 2270 2704 effusam
2323 2643 2404 2703 sit
2446 2645 2683 2719 opposi-

348 2736 537 2789 turuS.
601 2730 811 2789 Potius
854 2731 1007 2789 illud
1051 2730 1382 2806 Daphnidis
1427 2731 1762 2791 convicium
1806 2733 1936 2789 tum
1981 2727 2393 2789 tantummodo
2439 2729 2513 2788 ad
2558 2748 2682 2787 rem

350 2816 600 2889 faceret,
646 2816 695 2875 si
742 2817 805 2874 et
848 2814 974 2890 ipse
1004 2815 1257 2875 Veneris
1288 2834 1551 2874 amorem
1596 2815 1898 2890 petiisset,
1946 2815 2049 2875 sed
2095 2816 2169 2874 ab
2212 2833 2284 2874 eo
2316 2816 2386 2872 ut
2413 2814 2684 2873 mortalis

352 2903 535 2974 atque
579 2901 782 2975 pastor
824 2900 1170 2974 repudiatus
1216 2900 1443 2963 fuisset.
1518 2899 1635 2958 Sed
1680 2919 1972 2982 ponamus
2015 2900 2254 2976 probari
2285 2918 2391 2973 per
2421 2919 2482 2960 se
2513 2917 2685 2974 posse

349 2984 531 3041 illam-
561 2985 1143 3060 interpretationem,
1189 2985 1483 3061 quomodo
1526 2985 1603 3044 ad
1646 3005 1773 3045 eam
1821 2984 2065 3061 adaptas
2095 2983 2444 3044 Diomedem
2467 2984 2684 3042 Veneri

356 3068 683 3127 infestum?
729 3068 915 3129 Vides
945 3069 1040 3128 hic
1081 3089 1273 3129 meras
1318 3090 1447 3130 esse
1492 3070 1796 3129 tenebras!
1835 3101 1912 3111 —-
1946 3069 2099 3128 Tum
2129 3089 2186 3127 v.
2223 3071 2347 3129 120
2366 3089 2453 3146 sq.
2485 3088 2687 3145 quam·

352 3173 532 3228 quam
578 3172 685 3229 per
728 3172 789 3212 se
834 3157 972 3229 post
1021 3157 1167 3230 130,
1216 3174 1333 3232 quo
1378 3174 1480 3214 eos
1524 3155 1837 3214 transtulit
1880 3154 2211 3229 Hauptius,
2258 3156 2497 3231 egregie
2540 3173 2685 3229 qua-

351 3241 557 3313 drant,
607 3242 837 3314 tamen,
883 3242 1203 3314 antequam
1248 3241 1444 3298 omnia
1487 3240 1549 3299 in
1583 3240 1850 3299 ordinem
1884 3239 2119 3298 redacta
2163 3239 2311 3315 sint,
2359 3241 2511 3298 hanc
2543 3257 2686 3313 quo-

354 3342 470 3398 que
537 3323 935 3382 coniecturam
1007 3324 1270 3383 nondum
1338 3324 1734 3384 indubitatam
1798 3343 1927 3384 esse
1980 3324 2319 3384 meminisse
2375 3326 2561 3384 iuvat.
2605 3354 2687 3364 ——

356 3408 575 3466 Mirum
634 3408 843 3483 etiam,
904 3409 1062 3484 quod
1118 3412 1326 3484 pastor
1376 3409 1584 3468 beluas
1628 3408 1868 3485 quidem
1912 3409 2109 3468 valere
2151 3410 2318 3468 iubet
2359 3410 2463 3469 sed
2510 3408 2688 3466 boum

351 3511 596 3551 suorum
632 3512 1063 3569 vaccarumque
1095 3494 1485 3570 obliviscitur,
1519 3495 1623 3570 qui
1653 3512 1777 3554 non
1807 3495 2002 3553 minus
2032 3513 2210 3569 quam
2240 3494 2379 3553 illae
2409 3489 2493 3573 (v.
2524 3494 2690 3550 71-

359 3575 466 3653 75)
513 3578 910 3638 calamitatem
956 3579 1083 3638 eius
1127 3579 1422 3638 luxerant.
1468 3612 1550 3622 --
1597 3579 1748 3639 Tum
1796 3579 1954 3656 quod
1983 3578 2111 3637 Pan
2156 3579 2461 3639 morientis
2505 3577 2686 3654 preci-

354 3661 465 3721 bus
525 3664 877 3739 advocatur,
949 3683 1307 3739 quamquam
1363 3664 1472 3723 hoc
1527 3684 1635 3740 per
1689 3685 1751 3723 se
1804 3663 2260 3739 necessitudini,
2324 3683 2475 3739 quae
2531 3664 2688 3722 inter

352 3746 545 3805 Deum
590 3751 767 3823 atque
812 3749 1141 3825 principem
1196 3752 1496 3824 pastorem
1553 3748 1895 3824 intercedit,
1955 3750 2515 3809 convenientissime
2572 3748 2687 3805 fac-

353 3834 483 3889 tum
527 3832 796 3909 videtur,
853 3837 1053 3892 tamen
1112 3833 1273 3908 quod
1318 3833 1467 3891 nihil
1513 3833 1682 3908 quasi
1726 3834 2067 3892 testamenti
2110 3837 2218 3892 aut
2259 3834 2509 3892 ultimae
2552 3850 2687 3908 pre-

354 3917 602 3976 cationis
646 3917 774 3976 loco
815 3918 941 3977 Deo
987 3917 1519 3977 commendandum
1564 3918 1772 3993 habet,
1819 3936 1890 3976 eo
1935 3918 2122 3987 magis
2166 3919 2484 3993 miramur,
2530 3916 2688 3993 quod

356 4001 591 4060 adferre
635 4001 731 4061 hic
775 4003 1019 4064 iubetur
1062 4004 1366 4080 syringem
1414 4004 1742 4062 accuratius
1772 4002 2146 4077 descriptam.
2215 4003 2371 4060 Nam
2404 4004 2507 4078 qui
2537 4000 2686 4060 illud

356 4080 491 4163 φέρ’
539 4107 595 4144 v.
636 4088 751 4146 128
798 4088 953 4147 acci
969 4087 1229 4163 piendi
1275 4106 1454 4146 sensu
1496 4090 1877 4162 aeceperunt,
1924 4104 2132 4145 vereor
2174 4090 2244 4145 ut
2284 4087 2474 4145 ullum
2518 4087 2684 4145 inau-

360 4171 516 4228 ditae
548 4172 999 4247 significationis
1044 4172 1378 4248 exemplum
1423 4172 1655 4232 adferre
1685 4173 1936 4249 possint.
1973 4204 2047 4213 —
2081 4171 2394 4231 Postremo
2425 4178 2685 4232 exsecra·

359 4255 583 4313 tionem
628 4257 793 4316 illam
839 4278 896 4318 v.
934 4259 1298 4332 132—136,
1361 4276 1477 4333 qua
1532 4258 1723 4317 omnis
1777 4276 1981 4315 rerum
2034 4259 2248 4315 natura
2293 4290 2367 4298 —
2418 4260 2487 4316 ut
2530 4257 2686 4334 apud

343 4358 470 4398 -nos
514 4359 550 4397 a
592 4342 949 4416 quibusdum
994 4343 1269 4402 scientia!
1319 4375 1401 4384 -——
1446 4342 1791 4401 converti
1838 4336 2060 4420 (πάντα
2099 4335 2159 4398 δ’
2194 4338 2404 4399 ἔναλλα
2432 4339 2684 4421 γένοιτο)

356 4423 626 4501 iubetur,
672 4447 708 4484 a
750 4428 881 4486 miti
925 4429 1285 4503 amabilique
1313 4427 1643 4504 Daphnidis
1688 4429 1887 4486 animo
1933 4427 2185 4486 alienam
2225 4447 2352 4488 esse
2381 4429 2526 4488 scite
2555 4447 2685 4504 per-

2722 1544 2789 1591 30
