3132 5129
1292 388 1750 452 -239—

606 537 762 604 εἷλκε
807 543 872 606 δὲ
916 544 1176 622 χεύματα
1220 538 1417 603 πάντα
1461 542 1907 621 κυλινδομένοιο
1952 538 2152 626 ῥόοιο,

604 653 745 709 αχρι
787 629 855 691 δὲ
900 625 1147 709 πηγάων
1189 623 1550 730 ὖπεδέχνυτο
1592 630 1809 708 μυρίον
1852 624 2018 707 ὕδωρ

606 710 932 814 ἑσπόμενον
977 717 1297 820 προχοῇσιν
1341 706 1757 790 ἀπολλυμένου
1802 718 2107 792 ποταμοῖο.

606 801 782 871 ἄλλος
827 792 881 859 δ’
931 791 1071 862 αὖτε
1116 790 1312 861 πεσών
1354 792 1591 876 πρηνὴς
1636 795 1730 858 ἐπὶ
1775 795 2007 877 κύματα
2050 796 2285 858 πόντου
2619 811 2687 859 30

605 890 781 947 πῖνεν
823 881 948 945 ὖπό
993 880 1335 984 στομάτεσσι
1376 880 1593 943 ποτόν·
1653 883 1934 965 κελάρυζε
1978 881 2046 944 δὲ
2089 885 2279 966 λαιμῷ

610 969 843 1047 Νηρέος
884 964 1154 1049 ἁλμυρὸν
1196 964 1375 1048 οἶδμα
1417 960 1500 1027 δι’
1548 962 1931 1048 ἀνθερεῶνος
1973 963 2214 1029 ὁδεῦον·

605 1054 932 1132 πινομένου
975 1054 1041 1115 δὲ
1093 1059 1316 1131 βυθοῖο
1360 1049 1461 1112 καὶ
1508 1050 1725 1125 υδατος
1766 1050 2113 1131 ὀλλυμένοιο

605 1134 901 1220 γυμνώθη
918 1140 1092 1239 μέγα
1135 1137 1380 1235 βένθος,
1427 1132 1735 1232 έχερσώθη
1784 1136 1852 1199 δὲ
1894 1138 2193 1199 θάλασσα.

608 1222 827 1305 κούρης
872 1216 933 1284 δ’
978 1224 1131 1285 αντα
1181 1215 1302 1284 δυω
1344 1216 1759 1323 γλαυκωπιδος
1800 1218 2171 1329 Ἀτρυτωνης
2620 1235 2685 1283 36

607 1311 876 1413 γηγενέες
917 1306 1257 1389 μάρναντο·
1306 1307 1488 1385 φέρεν
1535 1299 1593 1366 δ’
1641 1305 1677 1368 ο“
1717 1306 1827 1385 μὲν
1871 1307 2079 1387 οὔρεος
2121 1329 2340 1389 ακρην,

608 1386 798 1470 αὖτάρ
840 1389 936 1473 ογ’
982 1390 1272 1472 ἠλίβατον
1316 1392 1540 1467 πέτρην
1582 1388 1824 1472 ἀνάειρε
1857 1390 2208 1496 μεμαρπώς·

609 1477 745 1552 τούς
789 1477 858 1541 δὲ
900 1475 1016 1539 θεά
1061 1480 1389 1555 κατέπεφνε
1432 1473 1762 1555 δορυσσόος
1807 1500 1920 1556 ουχ
1964 1477 2055 1540 ἐνὶ
2101 1499 2328 1562 ποτμω·

609 1568 711 1626 τοῦ
754 1563 867 1666 μὲν
907 1556 1017 1644 γάρ
1062 1564 1329 1643 στέρνοιο
1373 1558 1614 1658 διήλασε
1654 1564 1920 1639 μείλινον
1963 1564 2154 1643 ἔγχος,

610 1652 695 1733 τῷ
741 1642 796 1708 δ’
843 1673 965 1724 αρα
1009 1649 1355 1729 λαι“νόεργον
1400 1642 1497 1708 ἐπ’
1543 1639 1795 1720 ἀσπίδος
1838 1644 2247 1726 ὀμφαλοέσσης
2620 1661 2688 1709 40

614 1736 876 1836 Γοργοῦς
907 1735 1060 1808 δεῖξε
1106 1732 1403 1812 κάρηνον·
1448 1729 1487 1794 ὃ
1533 1728 1589 1789 δ’
1637 1726 1719 1805 ὥς
1763 1733 1887 1812 ἴδε,
1932 1739 2072 1813 γυῖα
2116 1733 2432 1811 πεδηθείς,

547 1855 562 1864 -
608 1807 647 1902 ᾖ
689 1820 869 1899 φέρεν
912 1816 977 1878 έν
1019 1817 1218 1897 παλάμ
1263 1837 1385 1897 σιν,
1434 1811 1657 1896 ὁμοίιος
1702 1816 1900 1879 ιστατο
1945 1819 2148 1921 πέτρη.

611 1901 840 1978 Κύπρις
884 1897 940 1963 δ’
988 1905 1128 1965 ουτε
1170 1844 1341 2003 βέλος
1385 1904 1595 1982 φέρεν,
1641 1899 1792 1962 ουθ’
1820 1896 2048 2004 ὅπλον,
2090 1899 2223 1966 αλλ’
2243 1900 2540 2004 ἐκόμιζεν

607 1983 896 2069 ἀγλαΐην·
939 1988 1166 2089 θεμένη
1208 2011 1320 2068 γαρ
1365 1985 1458 2048 ἐπ’
1506 1986 1771 2065 ομμασιν
1812 1981 2063 2069 αγγελον
2106 1982 2301 2068 αὐγὴν

609 2076 813 2149 πρῶτα
857 2072 967 2150 μὲν
1010 2073 1295 2146 απλεκέας
1337 2069 1562 2155 περόνῃ
1606 2072 1942 2147 διεκρίνατο
1984 2079 2221 2179 χαίτας,
2623 2084 2686 2132 45

611 2158 707 2219 καὶ
754 2151 1003 2232 πλεκτάς
1047 2159 1285 2238 ἔσφιγξε
1328 2180 1542 2219 πυκνω
1590 2157 2009 2263 περιπλέγματι
2055 2160 2283 2241 σειράς,

612 2244 845 2342 στίμμεϊ
884 2238 943 2305 δ’
993 2240 1328 2323 ὀφθαλμῶν
1373 2220 1617 2322 ἐρατοῦς
1660 2238 2051 2321 ὖπεγράψατο
2095 2245 2391 2323 κανθούς,

610 2319 820 2401 λεπτας
865 2326 924 2388 δ’
973 2325 1286 2409 εὖανέμοιο
1329 2330 1552 2432 ραφας
1571 2323 1868 2405 χαλάσασα
1911 2331 2155 2406 χιτῶνος

613 2412 972 2493 πορφυρέων
1017 2411 1089 2475 οὗ
1135 2410 1399 2491 κρύπτεν
1442 2402 1552 2488 ὑφ’
1602 2412 1842 2489 εἵμασιν
1885 2408 2081 2475 ανθεα
2122 2415 2353 2494 μαζων,

613 2496 870 2577 ὄμματος
913 2500 995 2573 εἰς
1039 2498 1231 2581 ἄγρην
1279 2493 1646 2598 ὡπλισμένη·
1692 2492 1808 2577 εἶχε
1852 2495 1964 2580 γαρ
2013 2496 2169 2577 αὕτη
2619 2509 2687 2556 50

611 2583 835 2663 πλέγμα
878 2584 1099 2665 κόρυν,
1147 2583 1291 2665 δόρυ
1335 2581 1538 2681 μαζόν,
1585 2578 1784 2660 ὀφρῦν
1827 2581 2016 2664 βέλος,
2060 2579 2283 2646 ἀσπίδα
2329 2581 2574 2663 κάλλος,

613 2666 763 2728 ὅπλα
804 2667 972 2748 μέλη,
1016 2669 1354 2750 θέλγητρον
1398 2662 1745 2747 έπάρκεσιν·
1792 2667 1845 2727 εί
1892 2667 1956 2731 δέ
2000 2693 2086 2742 τις
2129 2667 2283 2774 αὐτῇ

611 2752 770 2856 ὄμμα
812 2751 1009 2833 βάλοι,
1055 2754 1338 2832 δέδμητο,
1383 2751 1552 2831 βέλος
1598 2751 1668 2811 δ’
1709 2743 1829 2813 ἀπὸ
1874 2748 2065 2832 χειρὸς
2110 2752 2284 2829 ἐάσας

611 2830 691 2908 ὦς
725 2838 968 2944 ’Ἄρεως
990 2841 1170 2923 αἰχμῇ
1206 2841 1284 2942 τῇ
1319 2798 1639 2917 Κύπριδος
1687 2836 1917 2899 ωλλυτο
1960 2843 2191 2942 μορφῇ·

609 2945 709 2982 και
758 2917 860 2982 τόν
903 2920 1011 3001 μὲν
1055 2922 1331 2984 θανάτου
1375 2921 1557 3000 νέφος
1602 2943 1887 2999 αμφεχεν.
1960 2917 2107 2986 ἀλλά
2158 2915 2444 3001 Τυφωευς
2616 2934 2680 2982 55

615 2998 766 3084 ὦρτο
813 3008 1229 3081 Ποσειδάωνος
1274 3007 1543 3070 ἐναντία·
1593 3009 1699 3067 τοῦ
1743 3005 1812 3067 δὲ
1854 3011 2087 3094 τριαίνῃ

610 3091 820 3172 στέρνα
867 3091 1255 3171 Ποσειδάων,
1301 3090 1455 3165 Ζευς
1500 3088 1559 3152 δ’
1610 3089 1791 3170 ἤλασε
1837 3095 2025 3196 κρᾶτα
2067 3097 2363 3178 κεραυνῷ.

606 3173 955 3274 Ἐγκέλαδος
1000 3175 1061 3238 δ’
1109 3201 1181 3239 ου
1225 3181 1364 3255 λῆγε
1405 3172 1624 3256 μάχης·
1670 3173 1792 3237 ἀνὰ
1839 3177 1873 3237 δ
1944 3199 2172 3259 ηρπασε
2220 3181 2409 3256 νῆσον

611 3257 927 3364 πρόρριζον
968 3260 1281 3324 πολέεσσιν
1324 3260 1705 3361 έρειδομένην
1748 3257 1997 3339 ὀρέεσσι·

614 3335 780 3405 δεινά
825 3340 883 3406 δ’
928 3341 1250 3427 ἀπειλήσας
1295 3339 1488 3423 Ζηνός
1531 3345 1861 3406 κατέναντα
1908 3347 2184 3428 βεβήκει·
2626 3358 2693 3405 60

612 3433 819 3491 στεῦτο
861 3429 928 3492 δὲ
970 3437 1153 3513 γαῖαν
1195 3429 1343 3510 ὅλην
1386 3432 1498 3507 μὲν
1541 3428 1868 3510 ἀναρρῆξαι
1910 3433 2258 3511 κενεώνων,

615 3513 801 3596 ἄστρα
848 3515 910 3577 δε
953 3527 1265 3595 συγχεῦαι,
1313 3517 1506 3592 Ζηνὸς
1552 3514 1619 3576 δὲ
1660 3515 1960 3596 μέλαθρον
2005 3513 2273 3599 ἐρύσσαι·

613 3605 741 3661 τοῖα
786 3596 845 3660 δ’
895 3599 1223 3679 ἐπηπείλει·
1280 3609 1371 3685 τῳ·
1415 3598 1482 3661 δὲ
1526 3598 1746 3673 σθένος
1790 3623 1974 3706 ωρορε
2017 3604 2241 3682 μήτηρ·

612 3683 678 3756 ὃς
721 3682 834 3764 μὲν
854 3681 1276 3785 ἀνασχόμενος
1321 3683 1541 3764 φόρεεν
1586 3685 1785 3762 βέλος,
1834 3686 2035 3763 ηελίου
2080 3684 2147 3747 δὲ

616 3770 796 3847 νῆσος
835 3763 1198 3851 ἀνερχομένη
1244 3773 1488 3832 σκίασεν
1531 3765 1719 3847 φάος,
1766 3766 1831 3829 έν
1875 3769 1943 3831 δέ
1986 3795 2045 3833 τε
2094 3769 2259 3855 νήσῳ
2622 3781 2688 3828 65

614 3853 880 3960 δένδρεα
905 3854 1006 3916 καὶ
1046 3856 1298 3934 ποταμοὶ
1341 3854 1526 3936 θηρές
1573 3851 1626 3915 τ’
1676 3853 1820 3915 ἔσαν
1864 3854 2108 3929 ὄρνιθές
2152 3879 2231 3918 τε.

614 3938 714 3999 καὶ
756 3935 880 4000 τότ’
926 3963 1154 4001 ανακτα
1197 3946 1362 4003 θεῶν
1407 3940 1575 4020 χόλος
1605 3939 1863 4011 ἄσπετος
1908 3939 2280 4019 ἐστυφέλιξε·

616 4024 798 4128 ῥῆξεν
841 4020 952 4105 γάρ
995 4049 1055 4086 τε
1100 4019 1288 4124 πυρὸς
1346 4025 1618 4102 νεφέλας,
1664 4029 1904 4101 συχνοῖς
1948 4049 2007 4087 τε
2052 4032 2361 4104 κεραυνοῖς

611 4107 929 4188 ασβέστους
973 4104 1302 4192 πυρόεντας
1346 4106 1439 4171 ἐπ’
1482 4103 1815 4191 Ἰἠηιελάδω
1860 4111 1991 4187 χέεν
2032 4110 2312 4190 ὄμβρους.

764 4217 799 4256 ια
967 4216 1002 4255 ιοι
1173 4217 1208 4255 ιιι
1377 4220 1411 4257 ιι
1583 4216 1618 4254 *
1791 4215 1826 4254 ιοι

614 4271 796 4357 ἤθελ’
845 4275 1242 4378 ἀμαλδύνειν·
1289 4277 1330 4340 δ’
1372 4277 1439 4340 δὲ
1480 4279 1779 4358 μεσσόθεν
1824 4279 2037 4358 ἔνθορε
2079 4278 2304 4341 πόντου
2625 4292 2691 4340 70

612 4360 963 4442 αἰθόμενος·
1012 4372 1100 4426 ταῖ
1146 4354 1204 4426 δ’
1252 4362 1407 4444 ἀμφὶ
1450 4365 1598 4443 πυρὶ
1641 4366 1878 4442 ζείουσα
1922 4364 2201 4426 θάλασσα

613 4447 812 4510 δεινὸν
854 4427 1232 4527 παφλάζεσκε
1277 4448 1593 4530 κυκωμένη
1639 4449 1701 4524 ές
1745 4445 1969 4531 πέραθ’
2014 4446 2219 4531 υγρῆς.

2712 2855 2776 2902 21
