3132 5129
327 2975 391 3023 47

1365 381 1820 446 —332-

729 538 972 619 θάμβος
1015 535 1163 600 ὅταν
1204 536 1527 616 κερόεσσαν
1569 530 1853 615 ἆχαϊνέην
1896 557 1984 596 πο
1997 541 2045 595 θ
2059 533 2087 596 έ
2102 555 2133 592 ο
2148 558 2224 595 ντ
2241 558 2268 597 ε
2283 559 2313 608 ς

729 620 1004 705 ἇτταγέες
1049 620 1324 684 νώτοισιν
1368 620 1463 683 ἐπὶ
1510 626 1769 682 στικτοῖσ
1783 645 1804 682 ι
1818 646 1857 681 ν
1901 620 1934 682 ὅ
1949 644 1982 703 ρ
1998 643 2045 681 ω
2061 644 2138 681 ντ
2152 644 2189 681 α
2201 642 2239 681 ι.

429 747 546 806 Sed
605 746 874 806 consulto
930 745 1286 806 adiectivum
1343 735 1684 822 πτερόεντες
1740 743 2001 819 epitheto
2055 734 2377 819 κερόεσσαν
2420 744 2759 818 oppositum

427 852 556 892 esse
600 832 857 891 videtur.
922 830 1133 907 Itaque
1176 832 1421 889 lacunae
1453 829 1847 904 suspicionem
1875 827 2339 903 probabiliorem
2370 846 2497 887 esse
2527 846 2753 888 censeo.

596 916 673 975 V
719 917 954 1093 gaz}
983 994 1078 1077 ὅγ’
1126 990 1238 1058 οὐκ
1280 990 1502 1076 ἀλέγει,
1547 990 1699 1056 κατὰ
1746 991 1800 1053 δ’
1850 992 2103 1072 ἄσχετον
2147 988 2292 1067 ἰθὺς
2338 989 2567 1074 ὀρούει,

733 1073 891 1158 ὀξέσι
933 1081 1243 1163 πεφρικώς
1286 1075 1765 1161 σννερειδόμενος
1810 1078 2213 1141 σκολόπεσσιν.

429 1204 817 1280 Participium
875 1224 1184 1282 πεφρικως
1242 1222 1377 1263 cum
1436 1202 1551 1261 dici
1595 1221 1716 1262 non
1760 1203 1966 1276 posset
2012 1201 2084 1260 de
2130 1201 2284 1276 fera,
2341 1220 2491 1276 quae
2539 1201 2760 1262 furiose

389 1289 491 1347 ·in
539 1307 822 1366 oryngem
870 1291 1105 1350 irruens
1151 1288 1427 1348 cornibus
1471 1288 1635 1346 illius
1667 1286 2023 1361 confoditur,
2070 1286 2407 1345 Brzmckius
2437 1286 2581 1344 olim
2617 1306 2755 1346 con

430 1374 597 1447 iecit,
654 1374 993 1449 recepitque
1036 1375 1448 1434 Schneiderus:
1517 1364 1683 1444 ὀξέα
1749 1368 2164 1443 πεφρικῶσιν
2218 1366 2583 1447 ἐρειδόμενος
2626 1386 2757 1428 σκο-

432 1451 719 1516 λόπεσσιν.
798 1452 915 1517 Sed
962 1462 1259 1534 praestat,
1319 1458 1562 1532 opinor,
1609 1457 1761 1515 nihil
1806 1456 2052 1531 mutari,
2099 1474 2338 1515 versum
2382 1459 2583 1515 autem
2628 1458 2751 1516 473

430 1562 796 1618 praeponere
853 1544 1048 1604 versui
1092 1545 1249 1619 472,
1308 1547 1378 1601 ut
1421 1543 1524 1601 ille
1568 1542 1866 1617 pertineat
1910 1540 1985 1598 ad
2031 1560 2339 1617 oryngem.
2426 1541 2553 1600 Iam
2600 1543 2756 1601 enim

426 1628 591 1703 vide,
638 1647 814 1703 quam
861 1628 1012 1687 bene
1058 1629 1202 1688 haec
1244 1648 1278 1686 a
1321 1647 1375 1685 v.
1423 1627 1548 1686 470
1593 1626 1977 1685 cohaereant.

732 1719 939 1823 δόχμια
981 1719 1094 1807 γὰρ
1139 1726 1343 1797 κλίνας
1390 1716 1565 1801 βαιόν
1607 1721 1887 1801 κερόεντα
1930 1721 2205 1802 μέτωπα,

730 1808 996 1911 τεύχεσιν
1038 1808 1334 1891 ὀξυτέροις
1379 1806 1773 1887 δεδοκημένος
1817 1808 2028 1905 ἔμπεσε
2072 1809 2252 1888 θηρί,

731 1888 885 1971 ὀξέσι
928 1895 1235 1973 πεφρικὼς
1279 1891 1773 1997 συνερειδόμενος
1818 1887 2238 1954 σκολόπεσσιν·

667 1990 689 2018 “
730 1973 920 2060 αὕταρ
965 1979 1059 2061 ὅγ’
1108 1978 1219 2043 οὐκ
1260 1973 1458 2062 αλέγει
1498 1975 1649 2042 κατὰ
1694 1972 1751 2039 δ’
1800 1977 2055 2058 σ’ἶσχετον
2098 1975 2243 2052 ἰθὺς
2289 1972 2502 2059 ὀρονει.

427 2101 733 2173 Quomodo
778 2107 977 2163 autem
1021 2104 1149 2164 fera
1192 2106 1400 2164 contra
1442 2103 1676 2162 irruens
1722 2101 2000 2160 cornibus
2046 2100 2293 2177 oryngis
2336 2104 2585 2176 excepta
2626 2123 2757 2179 per-

426 2188 705 2263 fodiatur,
752 2189 1028 2264 pluribus
1075 2190 1138 2248 id
1183 2188 1321 2248 inde
1366 2207 1400 2245 a
1441 2207 1498 2247 v
1525 2187 1650 2246 474
1694 2187 2031 2280 exponitur.
2092 2184 2181 2244 Cf.
2228 2188 2428 2246 autem
2470 2187 2543 2245 de
2574 2188 2756 2248 verbo

427 2270 703 2350 φρίσσειν
745 2274 904 2332 infra
948 2294 1005 2334 v.
1034 2274 1155 2333 602
1202 2271 1550 2350 φρίσσοντες
1594 2262 1920 2346 ἀκάνθαις,
1964 2291 2020 2330 v.
2050 2272 2173 2330 604
2218 2269 2576 2347 πεφρίκασιν
2605 2266 2755 2330 ἄκω-

427 2360 580 2428 καῖς.
670 2357 780 2434 ΙΙΙ,
828 2361 949 2418 395
995 2356 1284 2434 πέφρικεν
1327 2351 1610 2457 ἐθείραις.

596 2444 921 2519 Postquam
947 2464 1117 2505 versu
1140 2446 1260 2504 481
1288 2440 1418 2521 ῥεῖα
1441 2435 1556 2520 γὰρ
1588 2436 1654 2499 έν
1683 2435 2013 2516 στέρνοισιν
2042 2429 2547 2500 ὀλισθαίνουσιν’
2510 2440 2759 2520 ακωκαί,

430 2528 885 2605 descriptionem
925 2520 1122 2591 finivit
1165 2530 1323 2589 ferae
1367 2526 1441 2587 ab
1473 2545 1700 2604 orynge
1731 2526 2007 2587 cornibus
2038 2525 2362 2604 confossas,
2409 2528 2609 2607 pergit
2638 2529 2754 2589 ita:

731 2621 949 2691 πολλόν
992 2625 1052 2689 δ’
1101 2622 1248 2706 αἷμα
1292 2625 1571 2689 κελαινὸν
1613 2617 1718 2686 ἆπ
1769 2621 2023 2686 ὥτειλῶν
2066 2621 2191 2686 ἓκα
2201 2650 2231 2686 τ
2250 2649 2275 2688 ε
2291 2650 2324 2707 ρ
2340 2632 2385 2686 θ
2399 2647 2427 2686 ε
2442 2651 2477 2688 ν

734 2709 1057 2814 ε’κχύμενον
1097 2710 1433 2795 γλωσσῃσιν
1478 2709 1578 2773 ἑὸν
1622 2708 1765 2789 τοὶχα
1810 2706 2215 2789 λιχμαζουσιν·

732 2793 874 2858 ουδὲ
896 2796 1025 2898 μὲν
1070 2796 1385 2897 ἐκφυγέειν
1427 2792 1562 2857 ουδ’
1614 2819 1634 2855 ι
1651 2818 1677 2855 ε
1691 2793 1820 2876 μέν
1833 2815 1864 2853 ο
1879 2819 1899 2855 ι
1914 2814 1947 2854 σ
1961 2819 1983 2855 ι
2025 2791 2342 2874 πάρεστιν·

730 2876 1094 2959 αλλήλους
1137 2879 1199 2944 δ’
1246 2875 1652 2944 ὀλέκουσιν
1694 2877 2174 2984 ἆμοιβαίοισι
2213 2878 2558 2955 φόνοισι

735 2969 841 3027 καί
880 2966 948 3028 κέ
993 2991 1074 3040 τις
1116 2963 1466 3068 αγρονόμων
1509 2991 1546 3044 η
1592 2966 1706 3045 βοι
1712 2966 1881 3038 κόλος
1924 2961 1967 3043 ἥ
2009 2989 2094 3038 τις
2139 2962 2422 3047 ἀροτρεὺς

733 3043 822 3130 ἆμ
839 3076 885 3130 φ
901 3076 922 3111 ι
938 3052 1192 3131 δυμοῖς
1235 3048 1451 3113 νεκύε
1467 3069 1585 3111 σσι
1628 3050 1811 3130 παραὶ
1854 3049 2029 3112 ποσιν
2068 3042 2459 3131 ἀντιβολήσας

732 3163 770 3199 α
753 3136 931 3218 ”γρην
975 3133 1300 3215 εὖοὶντητον
1343 3136 1457 3215 ἔχει
1499 3134 1876 3216 μεγαθαμβέι
1920 3141 2121 3220 θυμῷ.

432 3257 651 3317 Totum
698 3260 986 3336 adscripsi
1029 3259 1242 3335 locum,
1289 3261 1373 3335 ut,
1418 3277 1572 3334 quae
1620 3258 1681 3315 in
1714 3276 1780 3316 eo
1813 3258 2241 3334 describantur,
2289 3260 2628 3336 legentibus
2658 3261 2755 3319 vel

429 3362 547 3402 non
604 3345 848 3404 monitis
904 3347 1202 3421 appareat.
1291 3342 1532 3402 Certum
1589 3344 1786 3400 autem
1845 3346 1935 3401 est
1990 3342 2173 3401 alium
2228 3363 2461 3421 pugnae
2517 3345 2757 3422 depingi

349 3481 354 3486 .
431 3433 731 3505 eventum,
778 3448 896 3505 quo
940 3428 1182 3506 quidem
1225 3447 1345 3487 non
1388 3428 1514 3486 fera
1558 3428 1704 3502 sola,
1751 3427 1855 3487 sed
1901 3427 2076 3486 simul
2110 3429 2292 3487 etiam
2328 3448 2518 3505 orynx
2550 3432 2757 3488 mutua

433 3513 608 3571 caede
664 3518 924 3589 pereant.
1015 3513 1129 3573 Sed
1188 3514 1340 3571 male
1398 3533 1465 3572 ea
1517 3510 1780 3571 narratio
1827 3513 2060 3571 orditur
2102 3512 2258 3590 inde,
2306 3518 2617 3590 utramque
2662 3516 2759 3574 be-

433 3598 610 3657 stiam
667 3600 913 3658 alterius
956 3601 1305 3675 sanyuinem
1348 3598 1614 3672 haurire,
1672 3616 1806 3657 cum
1852 3596 2003 3655 nihil
2047 3599 2110 3657 in
2154 3597 2643 3658 antecedentibus
2688 3599 2759 3658 de

431 3685 652 3743 mutuis
709 3684 933 3743 dictum
990 3685 1071 3744 sit
1124 3684 1483 3743 vulneribus.
1570 3682 1780 3758 Itaque
1826 3683 1953 3741 sine
1999 3683 2179 3743 dubio
2224 3686 2362 3760 post
2402 3704 2461 3744 v.
2509 3686 2629 3744 481
2679 3684 2762 3743 la-

434 3787 586 3826 cuna
628 3773 722 3827 est
763 3770 1029 3845 plurium
1072 3788 1368 3830 versuum.
1440 3766 1787 3842 Comparari
1833 3772 2030 3827 autem
2084 3772 2286 3843 potest
2327 3769 2760 3845 quodammodo

437 3853 697 3929 Oppiani
755 3857 1020 3915 narratio
1065 3856 1128 3913 in
1171 3854 1434 3912 Halieut.
1482 3852 1571 3928 11,
1620 3853 1954 3912 379—383
2001 3853 2073 3913 de
2117 3873 2339 3930 angue,
2395 3854 2498 3930 qui
2543 3854 2762 3914 aculeis

436 3938 635 3997 echini
679 3941 984 4015 perfossus
1030 3942 1231 3999 tamen
1269 3938 1533 4012 corporis
1579 3938 1752 4013 spiris
1783 3938 2281 3998 circumvolutum
2311 3940 2539 3999 hostem
2570 3943 2762 3999 stran-

429 4024 615 4101 gulat.

601 4107 676 4167 V.
727 4110 869 4168 510.
932 4099 1364 4186 Ἀντιλέγουσιν
1410 4107 1480 4167 de
1525 4106 1833 4184 dentibus,
1892 4109 1995 4183 qui
2039 4107 2172 4166 duri
2216 4110 2530 4183 resistunt,
2586 4107 2764 4168 nimis

429 4192 699 4269 ineptum
744 4194 999 4270 videtur,
1046 4214 1222 4269 quam
1268 4197 1336 4253 ut
1375 4193 1553 4252 etiam
1598 4191 1732 4250 huic
1774 4193 2149 4268 relinquatur
2191 4193 2487 4285 scriptori.
2575 4192 2761 4252 Dede·

429 4280 628 4337 ratve.
702 4271 1207 4355 o'cvtt'ozovtnv‘?
1298 4279 1389 4338 Cf.
1450 4276 1714 4336 Halieut.
1774 4277 2034 4352 11,126
2091 4274 2362 4356 πετράων
2415 4265 2762 4353 ἆντί.σχεται

602 4362 677 4422 V.
726 4365 871 4423 566.
941 4363 1332 4423 Scribendum
1378 4381 1531 4423 csse:
1590 4350 1635 4436 ἦ
1684 4354 1756 4434 δὴ
1801 4360 1909 4418 καί
1946 4363 2164 4421 mirum
2208 4368 2328 4439 est,
2386 4363 2543 4440 quod
2587 4381 2764 4423 nemo

437 4449 578 4508 dum
622 4448 918 4508 editorum
961 4449 1208 4508 monuit.
