3132 5129
1341 324 1759 386 ...15—

381 481 513 552 dass
556 499 620 539 er
666 481 847 540 {lmen
900 485 1089 540 zuerst
1145 483 1252 541 das
1306 482 1501 540 wahre
1542 481 2038 553 Sachverhcfltniss
2096 464 2364 550 emmim,
2438 482 2723 557 Filysam·

381 569 491 626 kei!
536 585 651 626 von
696 567 877 625 ilmen
920 585 1034 625 aus
1078 566 1367 625 Grt'lnden
1420 567 1670 638 sordert,
1715 568 1842 625 und
1885 568 2049 625 dama
2096 573 2212 625 erst
2255 569 2358 625 mit
2404 569 2530 626 dem
2572 575 2725 642 νεῦρ-

384 654 563 711 ὶίεΙιεη
610 652 806 710 Zorne
851 653 951 710 cles
995 652 1253 727 Koniyes
1295 652 1628 710 schreckt?“
1688 654 1802 710 etc.
1879 652 2039 709 Haec
2094 670 2215 709 non
2261 653 2472 710 melius
2520 655 2724 711 consu

387 740 503 795 tari
550 756 728 811 posse
775 735 1085 806 videntur,
1146 756 1320 811 quam
1377 737 1426 795 si
1486 739 1758 794 veterum
1802 738 2059 793 λυτικῶν
2103 735 2464 794 subtilitates
2519 737 2723 795 affera-

380 840 542 880 mus:
604 817 706 878 διὰ
754 819 812 877 τί
854 810 916 877 τὸ
974 817 1125 891 ὅναο
1185 815 1383 890 ουδεὶς
1419 826 1540 878 τῶν
1596 816 1663 877 ἐν
1721 826 1801 900 τῷ
1855 819 2188 921 προβουλίῳ
2243 812 2505 890 ἀκούσας
2560 816 2720 896 παρὰ

373 900 806 1005 Ἀγαμέμνονος
855 901 1044 977 ἐξεῖπε
1091 908 1211 975 τοῖς
1255 901 1455 974 ἄλλοις
1496 879 1814 980 ’“Έλλησιν;
1868 904 1943 962 ἐν
1997 900 2108 977 μὲν
2159 902 2385 981 αἴτιον,
2445 899 2720 983 εὐλάβεια

374 1012 488 1069 γαρ
532 981 614 1083 ἦν
657 989 737 1066 μὴ
770 985 1190 1065 ὑπονοήσωσιν
1235 989 1297 1048 οἵ
1316 985 1606 1063 ’Έλληνες
1651 986 1741 1047 ὅτι
1786 985 1883 1047 διὰ
1932 987 2044 1065 τὴν
2086 987 2233 1065 πρὸς
2273 984 2534 1066 Ἀχιλλέα
2580 985 2718 1047 στά-

381 1091 481 1133 σιν
527 1063 630 1132 τὸν
672 1072 906 1153 ὄνειρον
948 1072 1199 1133 πλάσσει
1257 1073 1367 1149 (ita
1411 1075 1574 1151 leg03
1634 1074 1815 1150 vulgo
1858 1072 2168 1150 πράσσει),
2223 1070 2366 1152 ὅπερ
2420 1069 2491 1133 οὐ
2544 1075 2712 1152 βασι-

376 1157 578 1218 λικόν
626 1155 828 1236 ἕτερον
869 1155 967 1231 δέ,
1021 1156 1112 1217 ὅτι
1157 1154 1224 1217 τὰ
1286 1166 1408 1217 τῶν
1460 1153 1709 1235 ὀνειρων
1764 1152 1835 1216 οὐ
1891 1157 2146 1236 βεβαίως
2205 1154 2571 1229 πιστεύεται,
2634 1154 2715 1216 δι’

376 1241 457 1321 ἣν
499 1243 701 1303 αἰτίαν
745 1238 855 1302 οὐκ
901 1240 1121 1317 ἔξειπε·
1182 1242 1375 1320 τρίτον
1418 1240 1518 1318 δέ,
1583 1240 1675 1301 ότι
1721 1239 1788 1301 τὰ
1837 1238 1902 1301 ἐν
1957 1248 2085 1313 ταῖς
2140 1245 2387 1320 βουλαῖς
2441 1241 2719 1322 βασιλικὰ

378 1326 685 1405 σκέμματα
731 1327 832 1387 καὶ
878 1323 1207 1406 διηγήματα
1254 1349 1392 1398 τους
1435 1323 1765 1399 ἀκούοντας
1823 1323 1893 1386 οὐ
1951 1335 2254 1405 προσῆκεν
2310 1325 2718 1389 ἐκκαλύπτειν.

377 1414 568 1474 Vides
615 1415 792 1473 etiam
851 1415 987 1473 illos
1032 1416 1288 1474 offensos
1331 1433 1491 1487 esse,
1552 1414 1711 1490 quod
1770 1413 1936 1473 nulla
1988 1416 2163 1489 plane
2220 1416 2437 1473 somnii
2495 1418 2719 1473 mentio

376 1500 539 1575 apud
585 1500 835 1575 vulgum
881 1500 1152 1572 inicitur,
1200 1518 1350 1575 quae
1397 1498 1734 1558 observatio
1782 1500 1959 1557 etiam
2003 1500 2076 1557 ad
2120 1499 2314 1558 Ulixis
2359 1503 2420 1558 et
2448 1499 2719 1559 Nestoris

375 1586 682 1644 orationes
728 1586 1009 1659 pertinet.
1086 1585 1272 1656 Quid,
1329 1585 1488 1659 quod
1551 1583 1701 1641 nihil
1747 1603 1781 1642 a
1823 1589 1999 1659 poeta
2044 1585 2245 1659 potuit
2300 1585 2561 1659 ineptius
2619 1605 2718 1642 ex-

371 1670 656 1746 cogitari,
702 1689 879 1744 qnam
930 1668 1120 1744 quod,
1169 1672 1488 1744 postquam
1520 1667 1726 1727 Graeci
1760 1670 2006 1744 imperio
2041 1670 2503 1746 Agamemnonis
2535 1670 2718 1729 solius

375 1755 653 1814 obsecuti
697 1755 903 1831 fugam
949 1754 1275 1829 parabant,
1325 1753 1529 1812 Ulixes
1560 1754 1830 1813 homines
1878 1755 1948 1812 de
1994 1755 2166 1829 plebe
2210 1754 2510 1831 obiurgat,
2559 1756 2719 1829 quod

371 1858 612 1899 summo
655 1841 786 1915 regi
833 1858 1036 1914 parere
1082 1839 1379 1897 nesciant:
1430 1837 1545 1896 vid.
1596 1838 2023 1915 Naegelsbach.
2072 1859 2131 1913 p.
2167 1840 2320 1898 301:
2368 1838 2721 1907 „Wdhrend

375 1923 671 1999 odysseus
714 1925 807 1983 die
834 1924 899 1982 F
894 1930 1096 1982 iirsten
1140 1924 1319 1983 durch
1352 1923 1686 1997 Belehrunq
1713 1925 1840 1981 und
1883 1921 2202 1983 Vertrauen
2249 1925 2525 2000 beruhiyt,
2555 1925 2718 1984 schilt

374 2029 441 2067 er
483 2011 580 2068 die
620 2009 809 2069 Lente
864 2028 994 2067 vom
1050 2008 1188 2067 Volk
1241 2010 1368 2067 und
1422 2009 1684 2083 verlanyt
1738 2027 1851 2066 von
1908 2010 2103 2067 diesen
2157 2010 2550 2083 umbedinqten
2606 2007 2719 2067 Ge·

371 2096 613 2154 horsum
628 2139 645 2161 ,
710 2096 807 2153 ein
876 2095 1053 2153 bloses
1115 2091 1298 2152 Ordre
1352 2095 1604 2166 pariren
1669 2094 1814 2151 ohne
1876 2094 2117 2168 Frayen
2175 2095 2328 2153 nach
2403 2094 2529 2153 Wie
2591 2096 2719 2153 und

386 2179 705 2240 Warum.“
780 2179 967 2253 Atqui
1012 2178 1121 2237 hoc
1168 2179 1361 2252 ipsum
1408 2178 1704 2236 fecerant!

549 2264 896 2322 Transimus
941 2263 1014 2320 ad
1076 2264 1321 2322 alteram
1365 2263 1703 2321 contionem
1758 2264 1819 2319 et
1862 2263 1937 2320 ad
1982 2263 2291 2338 egregium
2335 2262 2486 2320 illud
2533 2262 2715 2321 Ther-

376 2350 527 2407 sitae
574 2343 931 2406 ἐπεισόδιον.
1008 2347 1120 2406 Hic
1167 2348 1410 2422 quidem
1455 2348 1717 2423 primum
1762 2351 1921 2406 recte
1968 2367 2060 2404 me
2103 2347 2388 2405 refutavit
2432 2347 2717 2423 Naegels-

372 2433 548 2492 bach.
595 2453 657 2507 p.
710 2434 862 2503 294,
909 2434 1070 2507 quod
1114 2433 1362 2491 miratus
1407 2451 1541 2490 sum
1588 2450 1708 2490 non
1754 2433 2264 2508 Agamemnonem
2312 2436 2415 2489 aut
2459 2431 2714 2505 Ulixem,

376 2519 481 2578 sed
528 2518 869 2578 Thersitam
914 2518 1171 2594 primum
1216 2515 1402 2593 loqui.
1477 2516 1652 2576 Hunc
1683 2518 1875 2590 enim,
1922 2517 2133 2576 ceteris
2166 2516 2334 2576 sedes
2380 2535 2515 2584 suas
2546 2535 2715 2592 repe-

375 2605 677 2675 tentibus,
725 2604 906 2662 etiam
937 2609 1064 2661 tum
1095 2602 1379 2661 continuo
1410 2602 1667 2662 clamare
1689 2599 1802 2679 (ἔτι
1832 2609 2055 2677 μοῦνος
2095 2635 2161 2643 -
2201 2598 2420 2683 ἐκολῴα
2452 2622 2513 2662 v.
2545 2603 2712 2678 212),

374 2708 484 2748 nec
528 2689 699 2763 prius
744 2688 981 2746 Ulixem
1035 2688 1328 2746 contionis
1373 2687 1615 2746 initium
1670 2688 1856 2746 facere
1901 2705 2107 2763 posse,
2153 2706 2332 2762 quam
2390 2687 2481 2745 illi
2539 2688 2714 2747 silen-

373 2776 524 2832 tium
574 2774 945 2848 imposuerit.
1027 2772 1196 2842 Quod
1255 2777 1453 2831 autem
1499 2772 1802 2832 Thersites
1863 2791 1983 2830 non
2030 2772 2298 2844 Ulixem,
2356 2774 2458 2847 qui
2516 2776 2714 2831 tamen

373 2859 538 2917 solus
582 2859 906 2916 exercitum
962 2858 1305 2929 reduxerat,
1367 2876 1730 2932 quamquam
1775 2858 1837 2915 et
1891 2856 1981 2915 illi
2037 2861 2098 2914 et
2155 2857 2377 2915 Achilli
2433 2858 2713 2916 inimicis·

375 2944 564 3001 simus
616 2943 801 3001 fuisse
859 2943 1080 3001 dicitur
1124 2973 1200 2983 —
1260 2947 1321 3000 et
1375 2942 1492 2999 rite
1548 2942 1824 3016 quidem,
1894 2941 2113 3017 quippe
2169 2944 2232 2999 et
2289 2942 2712 3001 facundissimo

374 3029 935 3102 sapientissimeque
990 3027 1341 3101 insipienter
1391 3027 1877 3101 loquacissimum
1937 3033 2001 3084 et
2054 3027 2453 3100 pulcherrimo
2512 3027 2710 3085 fortis-

374 3113 647 3187 simoque
707 3113 1120 3187 turpissimum
1179 3116 1240 3169 et
1297 3112 1746 3186 ignavissimum
1804 3112 2057 3169 maxime
2127 3111 2530 3169 adversarium
2585 3131 2712 3171 esse

373 3195 624 3256 decebat
679 3228 793 3266 —,
856 3195 958 3255 sed
1019 3197 1560 3271 Agamemnonem,
1618 3196 1757 3254 licet
1810 3196 1861 3254 is
1921 3196 2125 3272 fugam
2183 3196 2336 3254 serio
2390 3197 2711 3271 imperasse

374 3282 672 3353 videatur,
711 3280 994 3339 conviciis
1027 3286 1260 3354 onerat;
1312 3280 1468 3355 quod
1502 3281 1815 3338 avaritiam
1844 3283 1905 3339 et
1937 3280 2247 3338 libidinem
2284 3282 2339 3338 ei
2371 3280 2709 3355 exprobrat,

379 3366 546 3425 cuius
593 3365 920 3440 explendae
964 3359 1203 3444 [gratia]
1237 3366 1560 3423 exercitum
1607 3364 1779 3423 malis
1825 3365 2065 3438 obruat3
2112 3365 2272 3439 quod
2316 3366 2525 3424 relicto
2558 3367 2711 3441 Aga-

376 3469 692 3508 memnone
734 3453 962 3508 ceteros
1003 3450 1194 3508 redire
1238 3450 1432 3522 iubet3
1480 3450 1623 3507 haec
1667 3451 1867 3508 omnia
1911 3467 2043 3508 cum
2073 3450 2559 3509 antecedentibus
2590 3469 2711 3508 non

374 3535 691 3610 quadrare,
751 3538 813 3592 et
856 3539 985 3593 tum
1030 3539 1270 3593 tantum
1314 3534 1463 3593 bene
1509 3534 1760 3604 habere,
1819 3534 1869 3592 si
1914 3534 2197 3592 disertam
2245 3535 2709 3610 Agamemnonis

376 3619 449 3677 ad
493 3623 796 3679 certamen
838 3619 1314 3678 adhortationem
1361 3619 1687 3693 excipiant,
1735 3619 1794 3676 id
1842 3620 2184 3677 etiamnunc
2228 3619 2556 3685 contendo,
2602 3638 2710 3677 nec

376 3704 678 3762 infirmare
739 3704 939 3778 potnit
981 3703 1411 3780 Naegelsbach.
1459 3723 1512 3778 p.
1561 3705 1682 3760 294
1728 3703 1848 3760 his:
1896 3702 2044 3771 „Ale
2086 3705 2156 3762 ob
2201 3705 2356 3762 nicht
2405 3703 2707 3776 Odysseae,

376 3790 571 3848 iudom
616 3808 680 3846 er
722 3790 844 3847 dies
881 3790 1124 3862 yethan,
1168 3789 1379 3847 sowohl
1421 3789 1535 3846 den
1575 3789 1836 3846 Farsten
1879 3789 1968 3846 als
2010 3789 2136 3847 dem
2181 3787 2349 3847 Volke
2386 3789 2710 3863 yeyewilber

375 3875 494 3943 auf
526 3875 641 3932 den
673 3871 995 3947 Oberko‘niy
1038 3874 1417 3949 hinqewiesen
1460 3874 1588 3931 und
1630 3873 1832 3931 des-sen
1870 3872 2082 3932 Willen
2124 3874 2301 3931 altem
2340 3873 2446 3944 fiir
2472 3871 2700 3944 maass-

373 3959 593 4032 9ebend
636 3959 848 4017 erl-:Idri
891 3959 1076 4026 hatte,
1127 3976 1190 4016 so
1236 3958 1371 4029 dass
1413 3976 1472 4016 es
1514 3975 1627 4016 aus
1673 3955 1977 4032 Odysseus’
2036 3957 2273 4016 Worten
2327 3959 2456 4016 und
2496 3958 2708 4016 Hand·

374 4045 593 4118 langen
624 4043 850 4114 jedem,
894 4044 1045 4101 auch
1088 4044 1214 4101 dem
1253 4043 1542 4101 Thersites
1585 4043 1714 4101 Μαι·
1758 4044 1987 4100 werden
2015 4042 2205 4113 muse,
2253 4042 2344 4101 die
2371 4043 2709 4117 Hemmuny

376 4129 479 4186 der
521 4128 733 4186 nudat
777 4129 904 4186 und
949 4129 1058 4187 das
1099 4127 1342 4186 Bleiben
1383 4145 1480 4201 sey
1521 4126 1690 4186 Wizle
1733 4128 1831 4186 cles
1877 4125 2246 4202 Oberkbniys,
2300 4130 2404 4186 mit
2449 4129 2708 4186 welchem

375 4213 467 4271 ἄι”ε
526 4213 783 4271 Filrslen
825 4213 1272 4271 einverstanden
1326 4217 1560 4288 seyen.“
1649 4212 1893 4270 Praeter
1949 4212 2037 4282 id,
2106 4212 2267 4286 quod
2326 4213 2502 4270 modo
2566 4212 2705 4286 dixi,

379 4315 586 4355 omnes
634 4297 826 4372 ipsam
871 4299 1029 4374 regis
1061 4297 1427 4356 voluntatem
1468 4297 1710 4371 exsequi
1757 4295 1873 4354 sibi
1903 4296 2063 4355 visos
2110 4315 2265 4369 esse,
2312 4316 2491 4372 quam
2534 4297 2608 4355 ab
2638 4315 2706 4355 eo

378 4385 664 4439 mutatam
710 4401 837 4442 esse
884 4402 939 4444 v.
990 4375 1325 4442 203—205
1382 4381 1455 4439 ab
1502 4381 1678 4441 Ulixe
1722 4380 1971 4439 indicari
2016 4381 2196 4440 nullis
2241 4381 2529 4440 machinis
2575 4383 2707 4459 cogi

2756 2354 2817 2400 19
