3132 5129
1483 1220 1572 1303 V.

810 1410 903 1478 De
943 1406 1183 1480 Iliadis
1223 1410 1634 1480 carminibus
1674 1409 2070 1481 dissertatio
2110 1407 2247 1506 ν’).

537 1580 899 1639 Perventum
959 1581 1074 1639 iam
1133 1583 1223 1639 est
1280 1581 1354 1638 ad
1412 1583 1698 1640 sextum
1755 1583 1960 1642 Iliadis
2015 1583 2326 1653 librum,
2390 1601 2507 1658 quo
2555 1583 2707 1642 libro
2739 1593 2769 1637 3

363 1665 635 1724 divinum
691 1664 843 1723 illud
900 1664 973 1722 de
1040 1665 1249 1723 ultimo
1306 1665 1579 1724 Hectoris
1650 1671 1831 1742 atque
1887 1667 2336 1728 Andromachae
2403 1667 2701 1742 colloquio

362 1769 603 1808 carmen
648 1750 1008 1807 continetur.
1100 1750 1168 1807 Id
1214 1769 1450 1808 carmen
1495 1768 1628 1809 cum
1678 1752 1832 1809 inter
1876 1753 2386 1826 praestantissima
2430 1751 2534 1810 illa
2580 1771 2701 1811 om·

363 1835 527 1893 nium
561 1840 625 1892 et
652 1834 987 1910 temporum
1019 1837 1080 1892 et
1109 1835 1380 1910 gentium
1413 1836 1541 1893 iure
1586 1836 1839 1895 habetur
1882 1837 2134 1896 artificia
2176 1839 2239 1896 in
2286 1856 2459 1895 omne
2490 1856 2701 1896 aevum

363 1920 670 1990 duratura,
715 1937 865 1994 quae
909 1920 1077 1993 quasi
1118 1919 1248 1994 ipsa
1278 1919 1482 1977 Poesis
1530 1926 1592 1978 et
1636 1921 1932 1981 invenisse
1978 1922 2214 1981 videtur
2258 1924 2320 1978 et
2363 1922 2698 1996 perfecisse,

364 2007 494 2062 tum
554 2004 846 2079 imprimis
904 2003 1190 2080 singulari
1245 2006 1517 2062 nostrum
1564 2004 1993 2064 Germanorum
2039 2007 2237 2066 studio
2284 2006 2700 2082 dignissimum

364 2091 456 2147 est
511 2093 764 2164 propter
819 2089 1261 2146 celeberrimam
1323 2088 1683 2147 Schillcri
1746 2093 1936 2149 nostri
1993 2092 2380 2162 cantilenam,
2439 2110 2557 2165 qua
2603 2092 2703 2149 ille

362 2192 484 2232 non
542 2177 669 2231 tam
715 2173 1026 2248 antiquum
1086 2192 1299 2247 poema
1343 2175 1539 2248 ipsum
1584 2175 1809 2232 imitari
1864 2195 2042 2250 quam
2100 2177 2226 2236 eius
2287 2179 2701 2251 argumentum

366 2277 539 2316 verae
584 2257 970 2316 humanitatis
1015 2258 1422 2330 plenissimum
1470 2260 1693 2317 nostris
1739 2261 2005 2319 moribus
2051 2262 2287 2336 suisque
2335 2260 2702 2334 temporibus

364 2340 807 2401 accommodate
862 2344 1114 2401 tractare
1169 2346 1416 2401 conatus
1472 2347 1582 2405 est.
1674 2344 1819 2402 Inde
1879 2344 2134 2417 factum,
2204 2350 2299 2417 ut,
2358 2346 2405 2402 si
2464 2345 2523 2401 in
2584 2363 2701 2402 uno

366 2427 568 2503 aliquo
625 2426 898 2501 exemplo
931 2424 1374 2484 'demonstrare
1432 2427 1609 2500 velis,
1682 2433 1972 2503 quantum
2043 2430 2282 2488 intersit
2341 2428 2699 2487 discriminis

365 2513 526 2571 inter
581 2512 960 2587 antiquitatis
1017 2514 1200 2587 atque
1254 2515 1490 2571 nostrae
1536 2513 1748 2573 aetatis
1794 2513 2097 2590 ingenium
2145 2513 2409 2590 aequalis
2454 2532 2701 2589 poeseos

365 2598 629 2674 imagine
674 2614 1047 2672 expressum,
1093 2598 1192 2655 vix
1238 2598 1436 2672 aptius
1480 2598 1701 2674 eligere
1747 2601 1939 2675 possis
1984 2604 2163 2675 atque
2207 2600 2700 2659 luculentiusin-

363 2686 784 2754 strumentum,
829 2700 947 2756 quo
994 2680 1069 2739 ad
1113 2700 1242 2739 eam
1275 2683 1776 2757 comparationem
1807 2685 2235 2743 instituendam
2269 2684 2475 2755 utariS,
2521 2704 2699 2759 quam

365 2766 481 2825 duo
526 2766 631 2825 illa
675 2766 937 2825 carmina
978 2767 1097 2825 iam
1140 2765 1481 2825 nominibus
1527 2768 1651 2827 suis
1700 2800 1773 2809 —
1818 2764 2105 2845 ’Έκτορος
2149 2768 2248 2827 καὶ
2297 2762 2701 2845 Ἀνδρομάχης

363 2845 620 2926 ὁμιλία
676 2854 737 2911 et
780 2850 1107 2923 „Hektor’s
1152 2851 1576 2909 Abschied“
1612 2885 1685 2894 —-
1737 2853 1986 2912 diversa.
2064 2855 2193 2924 Quo
2242 2855 2432 2930 magis
2489 2872 2701 2929 operae

369 2937 628 3012 pretium
659 2939 767 3007 est,
816 2938 884 2994 ut
913 2954 1147 2994 carmen
1178 2935 1561 2994 Homericum
1596 2957 1736 2997 suae
1767 2938 2105 3015 integritati
2138 2940 2493 2998 restituatur
2524 2941 2700 3013 atque

343 3020 447 3099 ‚ab
491 3021 701 3079 alienis
748 3019 1167 3079 additamentis
1210 3024 1583 3096 repurgetur.

536 3105 607 3164 In
652 3124 769 3181 quo
823 3106 1064 3181 negotio
1108 3108 1246 3163 ante
1293 3106 1493 3164 omnia
1537 3106 1610 3165 de
1656 3107 1936 3165 carminis
1995 3108 2228 3167 initio
2273 3113 2451 3183 atque
2496 3108 2701 3165 exitu

372 3190 695 3266 quaeritur.
781 3189 870 3247 Ac
925 3188 1438 3249 Lachmannus
1497 3192 1738 3265 quidem
1797 3211 1832 3249 a
1890 3192 1939 3247 Z
1983 3194 2019 3249 2
2079 3190 2204 3269 (vel
2261 3190 2326 3266 5)
2385 3211 2570 3266 usque
2626 3192 2700 3249 ad

369 3276 435 3332 H
463 3276 584 3334 312
617 3293 800 3332 unum
830 3293 1063 3333 carmen
1095 3293 1221 3333 esse
1251 3270 1461 3345 voluit,
1494 3277 1589 3334 cui
1622 3276 1953 3334 sententiae
1984 3277 2258 3336 accedere
2288 3296 2408 3335 non
2440 3295 2700 3351 possum.

367 3359 521 3417 Nam
566 3376 674 3418 nec
724 3351 1123 3435 ἀνδροκτασίαι
1170 3391 1250 3401 —-
1290 3359 1374 3417 ita
1418 3359 1700 3418 Graeco
1766 3362 2007 3419 nomine
2062 3361 2166 3420 has
2223 3361 2543 3437 particulas
2603 3361 2700 3418 de-

368 3445 602 3521 signare
646 3443 814 3515 licet,
871 3443 944 3501 de
1003 3463 1251 3520 quarum
1309 3443 1506 3503 indole
1553 3445 1614 3502 in
1661 3445 2080 3504 dissertatione
2126 3445 2211 3503 IV
2243 3466 2298 3522 p.
2332 3447 2407 3503 21
2457 3446 2700 3520 exposui

375 3561 437 3571 --
494 3530 543 3585 Z
575 3529 801 3598 2—72‚
845 3546 954 3586 nec
999 3528 1274 3587 Hectoris
1318 3534 1497 3603 atque
1540 3528 1773 3587 Paridis
1817 3528 2145 3605 μονομαχία
2194 3532 2259 3586 Η
2289 3530 2578 3588 17-312
2625 3530 2699 3586 ad

370 3631 603 3672 carmen
660 3612 735 3671 de
778 3611 1052 3672 Hectoris
1106 3631 1240 3683 cum
1295 3632 1478 3672 uxore
1522 3632 1844 3689 congressu
1897 3616 2196 3689 pertinere
2241 3615 2412 3673 facile
2459 3613 2699 3672 demon-

368 3698 548 3756 strari
591 3700 810 3773 potest.

537 3784 741 3857 Atque
784 3783 854 3839 ut
898 3800 933 3839 a
975 3800 1267 3858 pugnae
1311 3782 1827 3857 descriptione
1881 3784 2119 3842 initium
2169 3783 2482 3854 faciamus,
2541 3782 2701 3840 vide-

374 3887 503 3926 mus
568 3868 631 3925 in
696 3885 767 3925 ea
829 3866 1143 3941 primum
1208 3868 1444 3925 Aiacem
1505 3867 1849 3927 Acamantis
1915 3869 2092 3928 caede
2158 3867 2432 3926 hostibus
2498 3867 2700 3943 fugam

371 3952 597 4011 civibus
639 3951 954 4011 victoriam
1000 3957 1304 4026 parantem
1353 3947 1432 4029 (Z
1461 3947 1717 4027 5—11),
1764 3957 1895 4010 tum
1940 3957 2080 4028 post
2123 3952 2473 4011 Diomedem
2518 3950 2699 4027 Axyli

371 4035 706 4113 Calesiique
764 4036 1207 4097 interfectorem
1267 4032 1599 4116 (12—19)
1654 4037 1982 4112 Euryalum
2050 4038 2195 4096 adeo
2257 4036 2372 4094 duo
2439 4036 2700 4094 hostium

369 4122 530 4196 paria
577 4115 911 4202 (ao—28),
957 4123 1185 4197 septem
1230 4121 1378 4181 alios
1421 4140 1563 4181 vero
1605 4154 1686 4163 -
1718 4122 2107 4198 Polypoetem
2139 4121 2375 4181 Ulixem
2411 4121 2701 4179 Teucrum

505 4355 562 4419 1)
582 4352 733 4423 [Ind.
753 4351 910 4408 lectt.
928 4351 987 4404 in
1005 4350 1113 4409 litt.
1133 4352 1284 4431 unig.
1309 4352 1493 4407 Turio.
1513 4352 1647 4406 inde
1670 4369 1705 4407 a
1725 4353 1777 4407 d.
1801 4351 2003 4406 XVIII.
2027 4369 2104 4408 m.
2127 4353 2251 4407 Oct.
2276 4352 2700 4410 MDCCCLVIII

374 4437 541 4489 unque
578 4421 654 4475 ad
692 4420 746 4477 d,
787 4417 932 4473 XIX.
969 4436 1039 4473 m.
1078 4419 1268 4475 Martii
1285 4418 1674 4479 ,MDcchlx
1709 4420 2135 4491 habendarum]
2538 4435 2543 4441 ’
