3132 5129
1329 391 1787 455 „487-

393 549 596 607 nalcas
652 546 903 607 canendi
956 547 1134 607 finem
1189 547 1418 608 fecerit.
1507 548 1566 607 N
1569 568 1647 608 on
1692 550 1928 624 optavit
1971 549 2073 609 sed
2114 553 2316 627 potius
2358 553 2728 628 praedicavit

389 632 462 693 de
505 632 750 693 Milonis
807 631 1091 707 obsequio
1149 637 1348 692 certus
1402 652 1695 694 summam
1752 635 1982 710 „dulcis
2044 634 2193 695 otii“
2248 637 2597 697 felicitatem
2651 671 2718 681 -

387 717 547 794 quod
601 718 911 777 notissimo
969 717 1236 794 „dolce
1290 718 1401 776 far
1454 718 1773 778 niente“
1829 720 2070 779 nomine
2111 719 2418 781 laudatum
2463 722 2645 781 etiam
2690 744 2726 781 a

388 802 757 863 nostratibus
800 801 971 863 Italis
1016 802 1448 863 studiosissime
1493 804 1691 879 expeti
1736 807 1974 865 constat
2014 836 2116 880 —,
2166 823 2282 881 qua
2324 824 2458 865 cum
2502 807 2724 867 amasio

306 955 314 963 ¹
388 886 499 947 sub
558 891 729 947 antro
784 889 1072 948 recubans
1129 891 1308 947 cantu
1366 907 1495 948 sese
1551 889 1854 964 marisque
1911 888 2194 965 adspectu
2238 890 2509 951 delectet.
2596 892 2725 951 Iam

390 971 537 1048 quid
591 971 819 1032 interea
872 973 1029 1033 curis
1074 991 1137 1032 se
1180 971 1380 1032 soluto
1427 972 1555 1033 fieri
1600 973 1747 1033 velit
1790 976 2001 1050 optans
2046 979 2385 1052 enumerat,
2443 979 2513 1036 ut
2556 977 2725 1054 gregi

388 1061 452 1117 et
493 1056 671 1131 lupus
715 1059 924 1132 parcat
967 1057 1172 1136 (63-et
1203 1054 1310 1132 64)
1355 1060 1419 1118 et
1460 1059 1621 1119 canis
1663 1058 1922 1135 vigilans
1966 1060 2123 1120 adsit
2167 1054 2276 1139 (65
2309 1064 2371 1119 et
2403 1056 2537 1137 66),
2586 1081 2725 1122 oves

386 1141 552 1217 ipsae
594 1144 794 1203 autem
840 1143 1063 1217 pabulo
1109 1160 1317 1202 secure
1359 1143 1727 1218 impleantur
1770 1139 1879 1223 (67
1913 1146 1975 1202 et
2005 1139 2134 1225 68),
2179 1146 2251 1203 ut
2279 1145 2370 1204 lac
2398 1144 2727 1220 praebeant

391 1229 449 1285 et
501 1228 675 1303 agnis
733 1226 1019 1288 satiandis
1076 1229 1136 1287 et
1190 1227 1374 1287 caseis
1439 1228 1724 1288 faciendis
1777 1229 1927 1289 satis
1982 1229 2253 1288 futurum
2309 1223 2418 1308 (69
2476 1232 2538 1289 et
2595 1228 2724 1306 70).

395 1310 617 1370 Eadem
660 1311 849 1389 igitur
891 1314 983 1372 est
1023 1312 1219 1388 pacati
1264 1313 1375 1371 otii
1418 1312 1719 1388 condici0,
1776 1333 1955 1390 quam
2006 1313 2142 1373 aliis
2199 1313 2560 1391 imaginibus
2616 1315 2725 1374 sed

392 1395 544 1454 haud
589 1397 964 1457 absimilibus
1008 1396 1282 1471 depinxit
1324 1396 1646 1459 Heinius
1701 1398 1766 1458 in
1820 1399 2174 1459 suavissimo
2220 1399 2325 1458 illo
2373 1398 2534 1474 quod
2578 1399 2725 1475 „der

394 1479 842 1540 Hirtenknabe“
899 1481 1247 1542 inscribitur
1294 1483 1562 1541 carmine
1581 1528 1596 1559 ,
1665 1484 1832 1543 cuius
1888 1502 2070 1544 unam
2123 1486 2358 1544 tantum
2417 1483 2721 1560 stropham

395 1564 720 1627 adscribere
763 1567 959 1627 iuvat:

1037 1685 1483 1761 „Unterdessen
1529 1705 1694 1747 muss
1739 1688 2009 1764 regieren

1032 1770 1157 1831 Der
1199 1772 1508 1848 Minister,
1547 1772 1724 1848 jener
1766 1770 1981 1848 Hund‚

1036 1856 1263 1915 Dessen
1307 1856 1625 1934 knurriges
1671 1854 1918 1916 Gebelle

1035 1940 1462 2001 Wiederhallet
1503 1941 1564 2000 in
1611 1941 1718 2000 der
1759 1939 2016 2002 Rund'.“

558 2058 752 2118 Unum
807 2059 1054 2135 insuper
1109 2076 1348 2119 monere
1403 2058 1573 2118 licet:
1631 2061 1744 2119 hoc
1788 2060 1977 2119 securi
2020 2061 2159 2137 otii,
2205 2061 2366 2136 quod
2409 2064 2718 2136 tamquam

388 2162 682 2203 summum
725 2145 948 2204 bonum
993 2147 1238 2220 exoptat
1281 2144 1595 2220 Menalcas,
1642 2143 1907 2204 studium
1950 2145 2175 2219 optime
2220 2146 2536 2205 convenire
2581 2164 2715 2204 cum

330 2298 338 2303 ,
391 2230 699 2303 parentum
742 2248 949 2289 severa
993 2228 1262 2290 custodia
1314 2224 1493 2304 supra
1537 2249 1593 2289 v.
1647 2230 1722 2287 15
1754 2248 1843 2304 sq.
1888 2231 2068 2303 atque
2115 2230 2198 2289 20
2241 2233 2716 2292 commemorata.

554 2313 653 2371 Ad
692 2313 1025 2389 Daphnidis
1068 2314 1188 2373 iam
1234 2332 1469 2372 carmen
1525 2313 1937 2373 hexametrum
1988 2311 2492 2390 transgredimur,
2551 2314 2718 2373 cuius

388 2397 651 2471 profecto
693 2400 869 2477 longe
901 2399 1019 2457 alia
1062 2417 1228 2458 mens
1273 2402 1385 2473 est,
1432 2398 1807 2458 consentiens
1852 2416 1986 2456 cum
2032 2402 2295 2457 extrema
2338 2398 2465 2457 eius
2510 2398 2715 2474 dacty-

388 2480 502 2539 lica
554 2484 814 2558 stropha.
903 2484 1030 2543 Hac
1086 2484 1247 2543 enim
1304 2501 1439 2541 cum
1494 2483 1713 2541 amoris
1769 2482 2092 2557 perniciem
2149 2482 2540 2558 declarasset,
2595 2481 2716 2541 iam

386 2566 489 2624 illo
533 2569 595 2626 et
637 2569 930 2643 quomodo
976 2570 1052 2628 ab
1096 2588 1166 2628 ea
1207 2573 1372 2644 peste
1419 2568 1532 2626 sibi
1580 2568 1805 2629 caverit
1845 2570 2070 2643 narrat,
2116 2571 2186 2626 ut
2227 2568 2458 2642 puellae
2504 2567 2720 2627 blande

386 2650 798 2726 compellantis
839 2652 1134 2713 illecebris
1182 2649 1289 2731 (72
1323 2659 1448 2732 sq.)
1500 2652 1691 2710 altum
1737 2651 2043 2711 silentium
2087 2653 2458 2728 celeremque
2504 2653 2716 2713 disces-

386 2754 517 2795 sum
575 2738 922 2813 opposuerit
977 2738 1084 2813 (74
1116 2736 1268 2815 sq.),
1326 2741 1388 2796 et
1441 2755 1620 2811 quam
1678 2737 1851 2795 unice
1906 2736 2111 2797 vitulis
2167 2737 2290 2796 suis
2336 2737 2576 2812 vitaque
2623 2737 2722 2797 de-

387 2820 643 2881 lectetur
698 2824 950 2897 pastoris
1008 2819 1117 2901 (76
1150 2819 1269 2899 sq.)
1324 2839 1552 2881 summo
1606 2820 1980 2896 naturalique
2025 2821 2206 2881 boum
2250 2840 2495 2881 suorum
2541 2841 2718 2882 orna-

385 2908 583 2965 mento
638 2907 902 2966 contenti
959 2905 1065 2983 (78
1097 2903 1233 2982 sq..)
1324 2905 1506 2966 Vides
1563 2925 1740 2983 quam
1796 2909 2017 2966 temere
2071 2906 2436 2967 Fritzschius
2492 2907 2719 2966 nullam

386 3009 513 3050 esse
556 3010 833 3051 versuum
881 2993 1131 3052 76-80
1178 2992 1271 3052 vel
1315 3010 1450 3051 cum
1482 2992 1730 3051 72-75
1761 2990 2200 3051 cohaerentiam
2231 2995 2591 3067 conquestus
2620 2993 2721 3052 sit.

554 3074 755 3135 Unum
799 3080 907 3148 est,
953 3077 1027 3136 de
1073 3095 1190 3153 quo
1223 3077 1480 3152 amplius
1510 3079 1850 3152 quaeratur,
1896 3095 2213 3152 quamnam
2245 3096 2303 3135 v.
2339 3078 2417 3136 ⁷2
2448 3076 2721 3153 Daphnis

382 3161 595 3219 innuat
648 3161 906 3236 puellam
950 3152 1422 3238 ὑποκοριστικῶς
1477 3163 1592 3221 sibi
1647 3161 2160 3238 abblandientem,
2222 3164 2423 3220 utrum
2467 3161 2718 3220 Naidem

382 3264 458 3303 an
502 3246 768 3322 ignotam
814 3246 1109 3322 quandam
1153 3246 1353 3305 aliam.
1444 3246 1558 3305 Res
1603 3247 1782 3322 paulo
1828 3245 2146 3321 difficilior,
2195 3245 2479 3322 quoniam
2523 3246 2713 3306 totius

296 3349 302 3354 ·
384 3349 589 3390 versus
643 3331 937 3406 scriptura
989 3332 1136 3391 satis
1193 3331 1441 3390 incerta.
1530 3330 1712 3391 Initio
1767 3330 2007 3406 quidem
2064 3330 2243 3407 vulgo
2300 3330 2521 3407 legitur
2563 3325 2715 3406 πῆμ’

384 3410 450 3472 ἐκ
493 3413 573 3473 τῶ
615 3411 847 3491 ἄντρα),
904 3435 1081 3492 quem
1124 3416 1300 3475 metri
1345 3415 1572 3474 hiatum
1619 3416 1786 3474 vario
1830 3414 2007 3473 modo
2053 3415 2287 3490 explere
2331 3414 2527 3474 conati
2572 3419 2715 3475 sunt

384 3500 605 3575 critici,
662 3519 914 3575 quorum
968 3500 1270 3577 plerisque
1325 3493 1475 3576 κήμὲ
1527 3496 1665 3578 γὰρ
1709 3493 1775 3557 ἐκ
1817 3498 2043 3575 placuit
2084 3500 2203 3559 iam
2247 3518 2282 3557 a
2326 3498 2715 3560 Valckenario

380 3603 452 3645 ex
498 3582 574 3658 V,
620 3586 722 3644 82.
770 3586 852 3644 90
895 3585 1215 3646 invectum.
1305 3586 1452 3657 Mihi
1497 3604 1663 3645 secus
1708 3584 1974 3645 videtur·
2035 3603 2228 3660 neque
2290 3583 2450 3642 enim
2507 3584 2604 3643 hic
2648 3587 2717 3642 ut

384 3668 507 3730 illis
558 3669 705 3730 locis
759 3669 1081 3729 adversarii
1136 3669 1481 3746 gloriationi
1538 3670 1807 3745 proxime
1852 3669 2227 3728 antecedenti
2270 3686 2439 3727 suam
2482 3671 2543 3727 et
2587 3668 2716 3742 ipse

382 3756 652 3831 opponit.
741 3753 897 3813 Tum
955 3755 1020 3814 in
1075 3753 1462 3830 sequentibus
1513 3753 1789 3813 nonnulli
1842 3752 2004 3828 apud
2055 3752 2419 3812 Ahrensium
2486 3752 2716 3812 codices

379 3832 419 3915 ἡ
484 3841 628 3909 παῖς
694 3832 1000 3916 σύνοφρυς
1069 3837 1269 3898 ἰδοῖσα
1336 3838 1557 3898 habent
1622 3837 1855 3898 omissis
1921 3832 2071 3913 κόρα
2124 3831 2331 3913 ἐχθὲς,
2397 3836 2554 3897 unde
2613 3838 2717 3896 ille

379 3924 658 3985 audacter
700 3942 807 3983 suo
853 3942 1016 3983 more
1061 3923 1165 3983 sed
1207 3924 1516 4000 ingeniose

633 4050 826 4137 πρᾶν
869 4051 1060 4118 ποκά
1100 4050 1165 4136 μ’
1216 4055 1280 4117 ἐκ
1328 4054 1568 4136 τῶντρω
1615 4055 1806 4129 Ναῒς
1850 4053 2197 4136 κυάνοφρνς
2242 4054 2474 4133 ἰδοῖσα,

381 4195 535 4271 quod
595 4196 646 4254 si
700 4195 763 4254 in
816 4196 988 4257 libris
1042 4197 1370 4273 legeretur,
1426 4194 1694 4271 profecto
1748 4212 1923 4254 nemo
1969 4194 2356 4269 vituperaret.
2446 4191 2559 4253 Sed
2607 4212 2716 4255 nec

381 4279 522 4354 quid
567 4280 629 4338 in
673 4273 825 4355 κήμέ
869 4282 1335 4356 vituperandum
1379 4282 1460 4339 sit
1502 4280 1695 4355 video,
1743 4298 1878 4338 cum
1922 4278 2031 4338 hoc
2075 4278 2252 4338 modo
2282 4297 2502 4340 novum
2533 4298 2714 4338 mem-

381 4364 554 4422 brum
608 4365 1094 4425 antecedentibus
1146 4366 1270 4425 alta
1326 4368 1523 4426 mente
1580 4364 1840 4440 repostis
1896 4363 2127 4422 adnecti
2184 4363 2376 4425 soleat
2420 4365 2514 4423 vel
2557 4364 2714 4440 apud

379 4467 520 4510 nos:
576 4449 759 4528 „Und
802 4450 949 4511 auch
994 4450 1086 4510 ich
1140 4450 1274 4509 hab’
1321 4451 1425 4512 ihn
1478 4451 1767 4529 geschen,
1823 4449 1937 4509 den
1993 4448 2098 4510 das
2143 4448 2297 4510 Herz
2351 4448 2716 4528 verlangend

2754 3252 2822 3300 24
