3132 5129
1249 379 1705 444 -491—

302 539 573 600 ordinem
622 543 763 615 post
804 538 1172 614 prooemium
1217 558 1275 601 V.
1309 540 1388 598 63
1416 558 1507 614 sq.
1551 538 1853 599 restituit:
1901 541 1955 600 2.
2000 541 2060 599 4.
2107 541 2165 598 2.
2216 541 2270 599 2.
2319 542 2377 599 6.
2425 543 2483 600 6.
2534 543 2588 599 2.
2627 537 2635 621 Ι

300 626 359 683 4.
405 626 463 684 4.
511 626 567 685 2.
615 626 673 683 2.
713 623 724 702 Ι
764 625 823 685 4.
869 624 929 683 4.
977 626 1035 684 5.
1083 625 1144 683 5.
1190 624 1251 683 4.
1337 623 1629 684 Probavit
1681 623 1822 683 haec
1868 623 2243 685 Godofredus
2290 625 2638 685 Herman-

299 729 445 769 nus
492 708 725 772 dissert.
758 710 797 768 l.
843 730 901 785 p.
936 711 993 785 9,
1037 708 1156 767 nisi
1202 708 1360 784 quod
1407 709 1554 769 duos
1587 727 1794 770 versus
1837 708 1913 767 ab
1959 710 2223 785 Hauptio
2268 711 2486 771 eiectos
2521 713 2638 771 106

304 797 366 853 et
418 796 538 854 107
595 813 714 854 non
770 795 962 853 solum
1017 793 1297 869 retinuit,
1356 793 1462 853 sed
1521 794 1704 853 etiam
1757 797 1896 853 ante
1938 814 1995 854 v.
2032 797 2150 852 112
2209 795 2359 855 duos
2412 815 2636 872 versus,

302 879 519 955 quibus
566 880 760 956 turpis
804 878 904 936 ille
949 878 1200 937 Veneris
1244 882 1423 954 atque
1466 879 1677 938 Martis
1722 878 1974 938 Volcani
2026 879 2141 938 reti
2186 881 2639 940 constrictorum

304 962 654 1023 concubitus
698 966 1062 1023 memoratus
1107 964 1321 1040 fuerit,
1369 962 1654 1024 excidisse
1698 966 1904 1040 putat,
1952 965 2013 1022 et
2054 963 2142 1022 ita
2169 984 2229 1024 v.
2261 965 2339 1023 65
2387 968 2526 1024 ante
2557 966 2637 1024 64

309 1047 627 1124 collocate,
673 1049 870 1107 deleto
915 1049 1092 1108 etiam
1127 1069 1179 1110 v.
1217 1050 1295 1108 73
1342 1067 1605 1126 carmen,
1655 1048 1815 1125 quod
1860 1068 1930 1108 ex
1959 1049 2152 1107 tribus
2183 1048 2453 1124 partibus
2481 1069 2637 1109 com-

298 1134 562 1210 positum
605 1135 722 1193 iam
768 1132 1067 1208 Hauptius
1123 1131 1589 1210 demonstravit,
1646 1135 1708 1193 in
1764 1133 1871 1194 has
1927 1135 2203 1209 strophas
2261 1133 2522 1211 redegit:
2580 1137 2634 1194 4.

298 1220 358 1282 4.
410 1220 469 1278 6.
522 1220 581 1277 6.
630 1219 687 1282 2.
738 1216 748 1291 Ι
798 1218 858 1275 4.
904 1218 965 1276 4.
1012 1219 1070 1276 4.
1117 1219 1176 1276 4.
1229 1217 1238 1292 Ι
1293 1220 1351 1276 4.
1397 1220 1458 1276 4.
1505 1219 1564 1281 5.
1613 1218 1670 1278 5.
1714 1220 1776 1279 4.
1865 1219 1996 1290 Qua
2040 1218 2427 1297 dispositione
2480 1223 2639 1278 certe

301 1309 423 1362 tres
471 1304 748 1363 carminis
794 1306 996 1378 partes
1040 1303 1280 1380 egregie
1326 1302 1774 1380 discernuntur,
1831 1308 1899 1363 ut
1955 1304 2083 1362 iure
2128 1304 2363 1364 mireris
2408 1304 2637 1364 Ahren-

300 1390 487 1465 sium,
534 1388 693 1465 quod
739 1391 800 1446 et
842 1388 1067 1463 primae
1112 1389 1302 1462 partis
1345 1389 1771 1465 gravissimum
1814 1389 2040 1447 exitum
2072 1406 2131 1449 v.
2161 1390 2242 1448 92
2274 1392 2335 1447 et
2365 1390 2444 1448 93
2483 1409 2637 1449 rese-

300 1475 425 1533 cuit
475 1476 537 1533 et
593 1473 896 1549 stropham
957 1473 1319 1550 115—118,
1385 1492 1535 1548 quae
1605 1478 1696 1533 est
1759 1474 2132 1549 apertissime
2187 1474 2399 1533 tertiae
2454 1473 2638 1549 partis

303 1560 527 1635 prima,
587 1559 879 1618 secundae
937 1559 1256 1618 extremam
1313 1576 1442 1619 esse
1487 1558 1701 1619 voluit.
1791 1558 2001 1634 Itaque
2052 1560 2212 1618 recte
2257 1558 2394 1618 illos
2438 1559 2637 1635 potius

304 1663 481 1720 quam
525 1645 686 1703 hunc
731 1646 967 1703 secutus
1013 1647 1105 1702 est
1151 1640 1584 1703 Gebauerus
1627 1644 1670 1703 l.
1703 1662 1752 1702 c.
1787 1662 1847 1718 p.
1880 1644 1990 1718 84,
2036 1643 2152 1702 nisi
2198 1643 2357 1718 quod
2401 1646 2635 1702 retento

299 1750 356 1789 v.
391 1732 470 1788 73
530 1733 591 1788 et
635 1748 810 1789 versu
865 1728 1205 1787 intercalari
1262 1729 1343 1787 84
1396 1732 1535 1804 post
1588 1728 1669 1788 85
1726 1728 1925 1802 posit-o
1980 1733 2159 1803 atque
2213 1748 2270 1787 v.
2304 1730 2383 1787 89
2443 1728 2637 1786 deleto

302 1815 529 1889 primae
573 1814 764 1888 partis
810 1814 960 1872 hanc
1002 1813 1287 1889 praetulit
1338 1812 1807 1873 ordinationem:
1867 1813 1926 1871 4.
1975 1815 2033 1874 2.
2082 1814 2140 1873 2.
2189 1815 2351 1889 7.,7.
2442 1812 2637 1873 Offen-

236 1922 251 1937 ⁸
302 1899 393 1958 dit
455 1899 516 1958 in
578 1899 670 1958 his
729 1900 845 1957 iam
901 1917 1009 1973 per
1052 1916 1114 1958 se
1161 1898 1598 1973 strophicorum
1644 1917 1924 1959 versuum
1969 1916 2252 1957 numerus
2294 1897 2474 1957 nimis
2520 1897 2637 1957 dis-

302 2002 576 2058 crepam.

468 2067 595 2125 Iam
639 2085 811 2143 vero,
869 2068 932 2127 in
987 2068 1080 2126 his
1124 2068 1442 2143 quominus
1496 2068 1936 2144 acquiescamus
1988 2067 2428 2143 conaminibuS,
2486 2068 2638 2128 aliae

304 2154 548 2213 obstant
590 2152 973 2212 difficultates
1018 2152 1169 2211 bene
1214 2153 1438 2212 multae
1484 2157 1545 2211 et
1588 2153 1652 2211 in
1694 2152 2058 2227 explicandis
2103 2153 2358 2229 singulis
2403 2154 2548 2211 locis
2580 2156 2640 2211 et

301 2240 364 2298 in
408 2236 775 2298 enucleando
822 2239 1009 2297 totius
1056 2237 1331 2296 carminis
1372 2240 1725 2315 argumento
1768 2239 2016 2313 positae,
2064 2257 2212 2313 quas
2258 2237 2638 2296 difficultates

303 2328 575 2382 excutere
621 2325 797 2398 atque
841 2340 1144 2382 removere
1190 2324 1422 2397 praeter
1466 2322 1722 2381 editores
1752 2322 1854 2380 alii
1884 2322 2063 2380 etiam
2095 2322 2454 2381 studuerunt
2482 2320 2638 2380 haud

299 2409 501 2484 pauci,
551 2426 619 2466 ex
664 2407 880 2482 quibus
923 2406 1282 2466 recentiores
1327 2409 1562 2465 tantum
1606 2406 1895 2466 adtulisse
1941 2408 2088 2465 satis
2133 2410 2254 2465 est:
2303 2405 2636 2465 Welcke-

300 2512 459 2551 rum
506 2492 596 2570 (in
639 2492 925 2568 opuscull.
962 2491 1078 2551 vol.
1113 2491 1231 2567 Ip.
1261 2490 1639 2567 1-88-202),
1685 2490 2219 2550 Doederlinum
2259 2488 2349 2567 (in
2391 2490 2633 2550 lection.

301 2578 546 2638 Theocr.
592 2599 644 2637 a..
690 2574 896 2655 1843),
946 2576 1224 2636 Carolum
1269 2577 1644 2637 Fridericum
1688 2577 2187 2636 Hermannum
2235 2576 2633 2654 („disputatio

302 2663 373 2722 de
404 2662 715 2739 Daphnide
747 2662 1048 2722 Theocriti
1079 2661 1404 2738 Gottingae
1438 2658 1693 2738 1853“),
1741 2661 2149 2721 Haulerum
2195 2658 2262 2737 (l.
2295 2680 2343 2720 c.
2375 2681 2435 2737 p.
2466 2662 2632 2719 45—

302 2743 432 2827 47),
491 2746 956 2807 Gebauerum
1003 2747 1066 2822 (l.
1102 2766 1151 2806 c.
1185 2767 1244 2822 p.
1278 2746 1575 2822 74—84).
1663 2747 1895 2806 Horum
1954 2748 2217 2806 omnium
2261 2746 2633 2822 aliorumque

301 2833 611 2909 opiniones
663 2833 855 2908 magis
912 2834 1179 2891 minusve
1237 2831 1641 2907 discrepantes
1695 2832 1745 2890 si
1800 2831 1934 2907 quis
2001 2835 2268 2892 accurate
2328 2850 2632 2890 recensere

302 2923 478 2994 atque
521 2917 870 2994 singulatim
899 2915 1217 2976 diiudicare
1247 2918 1537 2991 voluerit,
1584 2935 1696 2976 nae
1741 2916 1829 2975 illi
1873 2916 2196 2993 singularis
2225 2916 2463 2975 libellus
2495 2934 2634 2976 con·

302 3002 645 3062 scribendus
674 3005 832 3061 esset
860 3001 1179 3062 voluminis
1224 3003 1479 3061 circuitu
1508 3000 1886 3062 Theocriteas
1927 3001 2210 3077 reliquias
2255 3002 2433 3076 longe
2461 3021 2633 3077 supe-

300 3082 566 3146 raturus!
654 3086 711 3145 A
754 3105 871 3161 qua
925 3104 1106 3161 opera
1155 3086 1336 3145 taedii
1389 3087 1568 3163 plena
1618 3105 1726 3147 nos
1778 3087 1957 3163 longe
2013 3087 2257 3162 remoti,
2315 3088 2631 3161 antequam

298 3175 564 3232 nostram
594 3171 869 3234 carminis
897 3169 1340 3230 restitutionem
1379 3173 1771 3247 proponimus
1816 3174 1993 3247 atque
2036 3190 2410 3246 enarramuS,
2456 3170 2519 3229 in
2562 3190 2632 3230 eo

305 3261 536 3316 tantum
566 3256 958 3330 versabimur,
1006 3258 1074 3314 ut
1116 3255 1389 3314 carminis
1434 3254 1820 3317 difficultates
1849 3255 2109 3316 breviter
2139 3255 2469 3315 indicemus
2497 3274 2629 3333 gra-

303 3340 562 3401 vissimis
608 3342 730 3401 fere
775 3342 1176 3415 interpretum
1219 3341 1516 3399 erroribus
1559 3342 1804 3401 notatis.

471 3426 696 3485 Eorum
740 3444 1012 3485 errorum
1057 3424 1373 3501 primarius
1416 3423 1575 3484 haud
1618 3427 1737 3485 scio
1782 3443 1861 3485 an
1904 3425 2007 3484 ille
2051 3424 2253 3501 fuerit,
2298 3425 2458 3499 quod
2505 3427 2636 3483 tan-

303 3515 434 3571 tum
478 3530 600 3570 non
646 3530 850 3571 omnes
893 3511 969 3569 ad
1013 3509 1430 3584 explicandum
1475 3509 1775 3569 Theocriti
1821 3527 2056 3569 carmen
2110 3509 2330 3569 fabulis
2374 3509 2518 3568 alibi
2563 3509 2635 3567 de

303 3595 620 3671 Daphnide
683 3596 943 3655 narratis
1010 3595 1177 3654 abusi
1244 3598 1400 3660 sunt.
1512 3593 1728 3670 Itaque
1779 3612 1902 3656 non
1958 3594 2151 3654 solum
2206 3594 2265 3653 N
2280 3593 2433 3652 aidi
2498 3613 2635 3652 eum

302 3680 678 3740 matrimonio
709 3681 981 3740 iunctum
1012 3679 1192 3739 fuisse
1222 3699 1291 3739 ex
1334 3680 1463 3755 ipso
1494 3678 1841 3754 Theocrito,
1888 3678 1992 3738 sed
2035 3679 2213 3738 etiam
2259 3679 2634 3739 iusiuran-

302 3766 339 3823 d
359 3785 469 3823 um
515 3765 588 3824 de
633 3766 894 3825 maritali
925 3765 1202 3825 mstitate
1232 3765 1423 3824 eidem
1453 3763 1658 3823 datum
1689 3763 2246 3840 „adsumpserunt“,
2293 3781 2411 3839 quo
2444 3782 2633 3822 sacra-

302 3856 503 3910 mento
562 3852 846 3912 offensam
902 3849 1196 3910 Venerem
1259 3867 1525 3908 novum
1591 3848 1781 3908 eidem
1846 3867 2105 3906 amorem
2172 3848 2472 3924 iniecisse,
2540 3850 2635 3907 cui

302 3939 499 3995 tamen
530 3936 837 3997 Phaedrae
865 3934 1222 4011 Euripideae
1266 3933 1458 3994 instar
1502 3934 1822 3995 fortissime
1865 3933 2146 3993 resistens
2178 3932 2442 4008 Daphnis
2478 3952 2632 3991 mor-

304 4025 421 4080 tem
481 4022 647 4080 obire
704 4041 881 4097 quam
933 4020 1113 4079 fidem
1164 4021 1440 4096 frangere
1483 4020 1780 4080 maluerit.
1867 4016 2092 4077 Verum
2135 4018 2295 4079 enim
2338 4036 2478 4078 vero
2524 4036 2634 4077 nec

302 4105 512 4164 Naidis
566 4107 764 4165 uxoris
816 4124 924 4165 nec
976 4105 1361 4165 iurisiurandi
1417 4104 1611 4164 eidem
1667 4104 1821 4180 dati,
1879 4103 2038 4179 quod
2084 4103 2437 4163 Theocritus
2490 4101 2634 4162 alibi

305 4209 538 4265 quoque
580 4190 842 4266 ignorat,
889 4191 1212 4268 vestigium
1268 4189 1364 4249 vel
1417 4189 1831 4249 tenuissimum
1874 4192 2079 4248 nostro
2124 4190 2187 4247 in
2231 4189 2490 4248 carmine
2536 4187 2635 4247 ad·

306 4277 496 4348 paret.
564 4271 771 4351 Itaque
814 4277 878 4335 in
923 4278 1109 4336 tantis
1138 4275 1622 4351 Daphnidearum
1671 4273 2008 4333 fabularum
2053 4272 2464 4349 discrepantiis
2493 4273 2635 4332 mali

305 4360 655 4435 interpretis
684 4364 776 4422 est
806 4363 874 4421 ut
902 4362 1045 4421 mali
1087 4364 1297 4438 poetae
1341 4360 1521 4434 foret,
1578 4359 1800 4418 inferre
1844 4356 2036 4417 aliena
2080 4357 2154 4416 ad
2200 4358 2634 4419 obscurandum

305 4463 563 4523 carmen,
611 4447 774 4524 quod
803 4466 837 4508 a
879 4447 1037 4508 bono
1080 4448 1283 4524 poeta,
1328 4444 1560 4521 qualem
1593 4443 1976 4505 Theocritum
2020 4443 2146 4503 iure
2189 4443 2501 4521 habemus,
2547 4446 2634 4504 ita

2672 2413 2738 2461 28
