3132 5129
1210 375 1673 440 -383-

264 550 326 589 v.
359 531 469 605 72,
528 547 664 588 cum
716 531 897 590 nimis
953 534 1246 591 remotum
1295 532 1377 590 sit
1418 532 1606 606 patris
1663 548 1911 605 nomen,
1970 530 2045 587 ad
2100 530 2259 606 quod
2305 530 2598 589 referatur

264 605 376 687 ἑὸς
417 575 829 775 {cilis-‚AEotius
874 610 1084 692 ἰάχησε
1130 611 1295 686 νέος
1339 612 1483 684 πάις
1525 615 1904 675 scribendum
1950 632 2178 673 censeo.

512 791 802 876 πόρδαλις
845 820 918 859 ου
964 797 1187 869 κλονέει
1231 822 1336 878 με,
1382 821 1484 859 και
1528 793 1900 879 ἀγροτέρη
1943 789 2196 878 γένυς”
2159 819 2403 876 αρκτου.

268 918 417 977 Cum
460 912 772 995 ἆγρότερος
817 922 1116 980 constanti
1161 941 1272 982 usu
1315 923 1434 981 iam
1478 920 1635 997 apud
1680 920 2008 980 Homerum
2052 923 2293 1012 recepto
2337 919 2409 978 de
2453 919 2598 995 ipsis

265 1005 407 1063 feris
449 1005 806 1063 animalibus
852 1005 1113 1081 dicatur,
1169 1008 1244 1065 N.
1290 1006 1521 1066 dedisse
1581 1006 1835 1065 conicio:
1899 1000 1999 1061 καὶ
2057 996 2379 1082 ἀγροτέρης
2422 1003 2599 1079 γένυς

263 1105 514 1165 αρκτου,
563 1108 681 1164 quo
725 1090 904 1149 etiam
950 1092 1291 1151 concinnior
1335 1092 1403 1150 fit
1447 1093 1659 1150 oratio.
1738 1088 1826 1149 Cf.
1858 1088 1969 1163 III,
2004 1090 2126 1149 388
2170 1094 2232 1150 et
2268 1088 2482 1164 XLIV,
2518 1091 2595 1149 66

258 1166 547 1249 ἀγροτέρη
617 1170 847 1250 λέαινα,
914 1175 1141 1251 XLIII,
1202 1178 1323 1236 349
1392 1168 1680 1254 ἀγροτέρη
1743 1167 2059 1249 πόρδαλις,
2128 1173 2413 1249 XLVIII,
2476 1176 2594 1234 707

259 1250 615 1334 ἆγροτέρους
674 1254 826 1333 μετὰ.
876 1262 1107 1336 θῆρας,
1177 1260 1428 1337 Oppian.
1486 1259 1639 1336 Cyn.
1694 1259 1814 1335 III,
1869 1260 1985 1318 139
2039 1253 2253 1333 ἄρκτοι
2299 1251 2595 1335 ἀγριάδες.

261 1342 350 1401 De
407 1341 573 1402 Circe
630 1349 945 1423 usurpatur
998 1345 1110 1405 hoc
1165 1346 1521 1406 adiectivum
1570 1344 1884 1417 XXXVII,
1942 1343 2053 1421 58,
2100 1348 2169 1404 ut
2210 1345 2373 1420 apud
2415 1346 2594 1403 Hom.

267 1428 473 1485 Φ471
523 1429 597 1486 de
641 1430 850 1490 Diana.
937 1429 1083 1489 Inde
1140 1431 1318 1490 etiam
1371 1429 1629 1505 XXVII,
1683 1432 1800 1489 133
1856 1392 2175 1507 ἀγροτέρης
2229 1425 2525 1507 ἔπιβήμεν
2526 1450 2596 1487 ον

263 1509 419 1582 ἰξύας
462 1533 716 1590 αρκτου,
760 1516 910 1575 illud
939 1507 1137 1592 ἆγροτ.
1169 1535 1289 1575 non
1322 1534 1453 1575 cum
1483 1510 1646 1587 ἰξύας
1677 1515 1779 1574 sed
1812 1534 1942 1574 cum
1975 1533 2202 1593 αρκτου
2232 1515 2593 1591 iungendum

261 1600 453 1740 gat.
456 1597 622 1657 Alibi
668 1601 823 1676 apud
854 1600 951 1676 N.
998 1604 1067 1659 ut
1094 1602 1166 1676 Χ,
1200 1601 1342 1677 250,
1387 1601 1449 1659 in
1481 1619 1688 1661 versus
1732 1600 1999 1660 clausula
2041 1565 2374 1660 invenitur‘³
2386 1594 2598 1658 λυσσά·

300 1702 363 1759 ος
407 1702 651 1754 αρκτου.

429 1767 589 1843 XIV,
648 1770 766 1828 154
791 1789 924 1847 sqq.
980 1771 1053 1830 de
1104 1770 1336 1830 Baccho
1388 1770 1651 1846 infante,
1722 1770 1855 1845 qui,
1923 1773 1991 1830 ut
2049 1769 2295 1830 Iunonis
2350 1769 2598 1830 insidias

271 1852 553 1928 evitaret,
602 1855 793 1913 varias
839 1856 1110 1931 deinceps
1156 1857 1378 1915 formas
1419 1856 1817 1965 assumpsisse
1861 1859 2162 1915 narratur:

1284 1989 1354 2000 —
1402 1945 1692 2038 ἇρτιτόκῳ
1737 1950 1801 2013 δὲ
2366 1940 2379 1955 ⁸
2624 1971 2721 2019 647

520 2042 606 2123 πῇ
647 2037 759 2117 μὲν
802 2038 906 2118 ἔην
951 2035 1139 2121 ἐρίφῳ
1182 2040 1565 2118 πανομοίιος,
1611 2017 1825 2099 ἔνδοθι
1868 2035 2138 2117 μάνδρης

516 2119 974 2203 κρυπτόμενος.

264 2246 482 2304 Mirum
528 2249 651 2321 est,
710 2246 922 2305 ultima
964 2247 1146 2306 verba
1187 2245 1263 2305 ad
1308 2246 1606 2305 Bacchum
1650 2246 1887 2323 referri,
1937 2265 2068 2305 cum
2112 2247 2164 2304 is
2207 2265 2327 2305 non
2371 2245 2433 2304 in
2478 2249 2593 2305 sta·

266 2330 436 2405 bulo,
495 2330 596 2389 sed
653 2332 716 2390 in
774 2332 1006 2390 occulto
1065 2330 1333 2390 cubiculo
1393 2327 1478 2409 (v.
1519 2325 1667 2410 151)
1713 2351 1748 2389 a
1792 2330 2104 2391 Centauris
2160 2332 2240 2388 sit
2293 2330 2595 2390 educatus.

265 2416 365 2474 An
409 2416 542 2491 ille,
590 2434 724 2474 cum
768 2416 831 2474 in
877 2415 1194 2475 haedulum
1240 2433 1300 2472 se
1346 2416 1674 2488 conferret,
1721 2417 1899 2474 simul
1944 2416 2124 2473 etiam
2169 2415 2469 2490 putandus
2503 2419 2599 2473 est

264 2503 499 2576 septum
545 2501 864 2576 creavisse,
915 2518 1034 2577 quo
1080 2502 1143 2558 in
1174 2500 1447 2558 cubiculo
1481 2499 1869 2577 cingeretur?
1917 2500 2073 2558 Satis
2103 2500 2595 2576 improbabiliter.

260 2585 500 2661 Neque,
554 2586 658 2644 ubi
714 2585 781 2645 in
836 2587 1116 2645 feminam
1172 2586 1542 2645 convertitur
1585 2581 1669 2666 (v.
1707 2587 1823 2644 159
1848 2581 2041 2666 sqq.),
2099 2586 2281 2644 alium
2338 2586 2451 2644 sibi
2496 2586 2597 2645 ille

260 2671 591 2729 thalamum
647 2669 851 2748 fingit,
907 2670 1163 2729 femineo
1219 2667 1363 2728 luiu
1417 2670 1799 2731 instructum.
1888 2670 2102 2746 Itaque
2163 2670 2240 2729 N.
2296 2672 2597 2747 scripsisse

260 2759 438 2830 puto:
488 2751 672 2836 ἐρίφῳ
714 2753 1095 2829 πανομοίιος,
1142 2751 1351 2812 ἔνδοθι
1381 2751 1650 2831 μα’νδρης
1689 2753 1700 2834 Ι
1739 2751 2161 2835 κρυπτομένῳ.
2235 2756 2442 2832 Neque
2484 2757 2598 2815 hoc

265 2840 393 2898 sine
451 2859 627 2900 causa
676 2840 990 2899 adiectum.
1079 2840 1425 2898 Illustratur
1481 2844 1680 2898 autem
1739 2859 1810 2899 ex
1868 2841 2041 2900 Hom.
2089 2862 2111 2898 ι
2143 2842 2264 2900 219
2291 2861 2422 2917 sqq.
2468 2842 2591 2915 ubi,

265 2924 406 2982 dum
469 2923 725 3001 Cyclops
785 2944 918 2984 cum
971 2925 1183 2983 ovibus
1240 2928 1301 2984 et
1356 2925 1599 3000 capellis
1655 2925 1873 2986 adultis
1916 2927 1978 2984 in
2024 2927 2259 3001 pascuis
2303 2929 2595 3001 versatur,

264 3007 501 3067 haeduli
550 3013 613 3067 et
655 3009 795 3085 agni
839 3010 900 3067 in
945 3013 1118 3069 antro
1161 3013 1497 3069 remanent:

1073 3143 1156 3153 —
1198 3108 1493 3168 στείνοντο
1536 3106 1605 3169 δὲ
1647 3108 1817 3188 σηκοὶ

519 3187 723 3270 ἀρνῶν
767 3187 868 3271 ἧδ’
917 3189 1166 3299 ἕρίφῳν·
1216 3192 1660 3273 διακεκριμέναι
1704 3192 1772 3255 δὲ
1814 3192 2054 3255 ἕκασται

518 3276 752 3355 ἔρχατο·
798 3275 975 3384 χωρις
1020 3276 1131 3356 μὲν
1173 3278 1484 3360 πρόγονοι,
1529 3301 1711 3358 χωρις
1755 3276 1821 3339 δὲ
1864 3278 2180 3358 μέτασσαι,

518 3385 694 3442 χωρις
739 3358 796 3420 δ’
845 3355 1001 3423 αὖθ’
1049 3361 1228 3442 ἕρσαι.

260 3482 474 3542 Voluit
514 3484 703 3560 igitur
746 3484 858 3544 hoc
901 3484 1159 3544 indicare
1206 3485 1308 3560 N.,
1368 3486 1668 3546 Bacchum
1712 3486 1969 3546 similem
2014 3486 2196 3546 fuisse
2239 3487 2594 3546 tenerrimae

263 3569 478 3627 aetatis
521 3569 803 3648 baeduIO,
862 3570 963 3644 qui
1010 3571 1172 3629 intus
1219 3569 1277 3628 in
1325 3571 1558 3630 stabulo
1603 3572 1872 3630 inclusus
1914 3572 2182 3630 nondum
2227 3591 2363 3631 cum
2407 3575 2596 3630 matre

262 3654 324 3711 in
356 3656 592 3728 pastum
624 3653 910 3712 educitur.
987 3654 1078 3713 Ne
1124 3656 1258 3729 quis
1303 3658 1500 3714 autem
1543 3649 1816 3732 μανδρην
1859 3656 2064 3716 latiori
2109 3655 2443 3732 significatu
2475 3657 2594 3715 dic-

262 3741 390 3795 tum
423 3738 481 3795 h.
514 3738 555 3796 l.
587 3738 886 3797 existimet
913 3738 986 3796 de
1030 3739 1439 3814 cubicu10,in
1483 3760 1600 3815 quo
1629 3740 1892 3801 Bacchus
1938 3744 2091 3816 erat,
2141 3741 2592 3814 observandum,

262 3826 327 3880 et
367 3822 529 3898 apud
568 3822 647 3881 N.
681 3825 742 3881 et
786 3823 944 3898 apud
987 3823 1136 3883 alios
1178 3823 1332 3882 hanc
1374 3843 1579 3884 vocem
1623 3825 1697 3883 de
1741 3827 1978 3885 stabulo
2023 3829 2256 3885 tantum
2301 3827 2589 3902 usurpari,

262 3926 381 3982 quo
443 3925 583 3966 oves
639 3910 745 3966 aut
798 3909 1060 4000 capellae
1116 3909 1553 3969 contineantur.
1654 3909 1791 3968 Vid.
1852 3911 2099 3972 Theocr.
2159 3911 2266 3986 IV,
2326 3913 2435 3986 61,
2492 3911 2594 3970 ubi

263 3990 462 4051 Schol.
507 3993 708 4051 notat:
754 3984 1123 4067 μάνδραν,
1168 3987 1280 4065 τὴν
1325 4000 1444 4052 τῶν
1472 3985 1848 4073 προβατῳν“
1821 3987 2104 4072 ορκᾶνην.
2169 3996 2367 4056 Noun.
2399 3995 2592 4070 XVII,

262 4077 369 4135 46.
417 4075 689 4150 XXXIV,
738 4077 879 4134 252.
923 4077 1106 4153 XLV,
1160 4079 1298 4140 184.
1371 4078 1459 4138 De
1503 4080 1684 4140 boum
1717 4084 1822 4139 aut
1850 4099 2141 4156 equorum
2172 4081 2425 4142 stabulis
2456 4099 2595 4140 nus-

267 4180 480 4235 quam,
526 4163 596 4218 ut
635 4159 901 4234 videtur,
950 4162 1060 4222 hoc
1103 4163 1286 4224 verbo
1330 4164 1423 4222 usi
1467 4169 1628 4223 sunt.

434 4243 564 4318 XV,
615 4245 692 4302 75
720 4263 846 4320 sqq.

521 4377 603 4386 —
649 4338 839 4423 ἕτερος
885 4342 952 4406 δὲ
994 4346 1409 4425 γυναιμανέων
1451 4346 1679 4429 πρόμος
1718 4346 1933 4410 Ἰνδῶν

520 4421 800 4501 απλεκέος
843 4432 1204 4509 πλοκαμῖδος
1249 4432 1399 4494 ἑλὼν
1440 4430 1761 4514 ὑψαύχενα
1810 4434 2085 4514 Βόκχην,
2157 4505 2162 4510 ,
