3132 5129
1319 342 1614 404 —248
1707 380 1780 388 -

383 505 470 561 ita
522 503 710 577 ipsam
766 501 1073 560 scientiam
1120 500 1339 559 sensim
1398 499 1727 560 exolescere
1773 502 1835 558 et
1881 500 2046 575 quasi
2094 502 2370 577 stagnare
2415 519 2587 559 nemo
2633 502 2723 559 in·

383 587 541 645 fitias
587 586 716 661 ibit,
764 585 879 644 nisi
925 586 1065 644 novi
1112 584 1389 659 deinceps
1436 603 1670 660 semper
1715 584 2054 643 exstiterint
2099 586 2231 657 viri,
2279 587 2380 659 qui
2412 589 2725 643 6611116111-

387 692 567 748 quam
611 670 923 730 caelestem
969 671 1142 728 deam
1187 670 1450 729 venerati
1511 671 1758 745 eiusque
1801 669 2000 729 studio
2046 670 2215 728 unice
2261 671 2448 729 dediti
2492 670 2557 729 in
2599 671 2728 746 ipso

388 756 841 833 investigandae
886 755 1157 815 veritatis
1205 773 1405 814 amore
1450 757 1510 812 et
1551 756 1752 814 labore
1798 774 2090 814 summam
2132 755 2567 813 beatitudinem
2622 775 2727 831 po-

387 844 555 900 nant.
646 841 772 900 Hac
817 859 956 900 vero
1001 843 1202 899 mente
1249 843 1318 898 ut
1360 842 1517 899 certe
1563 840 1806 899 iuvenes
1850 840 1925 897 ad
1971 840 2303 916 doctrinas,
2350 859 2730 916 quascunque

389 928 700 1002 elegerint,
749 944 858 1001 pro
908 924 1135 984 viribus
1183 928 1470 999 ferantur,
1517 943 1723 983 curare
1771 926 2106 984 litterarum
2154 926 2648 984 universitatibus
2681 927 2732 984 si

389 1031 509 1070 non
557 1031 784 1086 „unum
845 1028 993 1085 opus
1051 1010 1201 1084 est“,
1262 1012 1326 1067 at
1371 1029 1497 1068 esse
1543 1009 1722 1068 debet
1766 1010 2143 1085 praecipuum
2191 1014 2367 1086 atque
2414 1010 2730 1086 peculiare.

561 1096 691 1155 Hoc
735 1096 924 1171 igitur
969 1095 1233 1153 omnium
1281 1095 1738 1153 universitatum
1770 1094 2031 1153 officium
2064 1115 2098 1152 a
2128 1095 2523 1153 Friderica
2554 1095 2732 1154 Gui-

390 1183 616 1241 lelma
672 1200 778 1256 per
832 1180 1052 1252 decem,
1099 1199 1250 1255 quae
1295 1180 1515 1252 floruit,
1561 1180 1756 1238 lustra
1799 1179 1946 1238 rite
1992 1181 2256 1255 pieque
2302 1179 2523 1239 Vobis
2568 1198 2729 1256 gra-

390 1268 728 1325 tulamur
771 1265 1122 1339 praestitum
1155 1267 1257 1338 ita,
1306 1267 1375 1322 ut
1405 1268 1467 1321 et
1497 1263 1964 1323 demonstratam
1997 1264 2521 1324 Schleiermacheri
2566 1284 2733 1324 sanc-

391 1351 610 1412 tissimi
648 1351 806 1409 vatis
829 1351 1183 1425 praenuntio
1212 1348 1414 1408 libello
1439 1368 1603 1423 spem
1635 1351 2255 1424 exspectationemque
2291 1354 2414 1408 tam
2449 1350 2730 1425 perfecte,

390 1457 570 1513 quam
625 1436 956 1495 communis
1015 1434 1280 1493 omnium
1350 1433 1740 1492 humanarum
1799 1453 1997 1493 rerum
2054 1435 2285 1509 patitur
2337 1434 2732 1509 imbecillitaS,

393 1520 721 1599 expleverit
764 1523 826 1578 et
869 1519 1418 1594 splendidissimum
1475 1519 1807 1578 ostenderit
1864 1520 2193 1594 exemplum
2243 1520 2736 1578 universitatibus

395 1626 527 1666 cum
587 1605 890 1678 omnibus,
949 1607 1077 1662 tum
1136 1605 1388 1662 maxime
1444 1605 1667 1663 nostris
1711 1604 2011 1663 Helvetiis
2068 1604 2269 1679 parvis
2327 1604 2447 1663 illis
2494 1604 2734 1679 quidem

395 1696 574 1768 atque
619 1689 915 1763 obscuris,
975 1690 1025 1748 si
1071 1692 1506 1763 componantur
1549 1707 1685 1746 cum
1732 1687 1950 1747 Vestra
1993 1692 2174 1763 atque
2221 1708 2354 1747 cum
2399 1691 2732 1764 praeclaro-

397 1795 545 1849 rum,
597 1776 700 1849 qui
744 1792 850 1848 pcr
894 1773 1007 1833 hoc
1049 1773 1360 1832 dimidium
1406 1773 1701 1831 saeculum
1746 1792 1877 1831 eam
1908 1773 2378 1848 illustraverunt,
2426 1774 2735 1833 doctorum

399 1861 712 1919 innumera
755 1858 934 1933 serie,
982 1862 1043 1916 at
1088 1878 1258 1933 vero,
1316 1859 1593 1933 quoniam
1640 1877 1761 1917 non
1805 1858 2105 1934 regiarum
2152 1863 2295 1918 sunt
2339 1860 2441 1918 sed
2487 1860 2736 1935 popula-

398 1947 549 2003 rium
597 1943 926 2018 civitatum,
975 1943 1156 2001 officii
1201 1943 1364 2002 illius
1409 1943 1765 2002 necessitate
1811 1944 2000 2019 magis
2045 1945 2243 2018 etiam,
2290 1964 2463 2019 quam
2509 1949 2735 2004 ceterae

395 2030 689 2104 videntur,
737 2028 1060 2087 obstrictis.

564 2114 814 2173 Liberae
858 2112 1016 2172 enim
1063 2132 1156 2171 res
1200 2112 1503 2187 publicae,
1562 2114 1626 2170 in
1669 2114 1885 2188 quibus
1934 2132 2116 2171 unum
2160 2113 2435 2188 idemque
2478 2116 2571 2172 est
2613 2133 2735 2172 om·

393 2202 560 2260 nium
617 2199 834 2258 civium
893 2203 956 2255 et
1007 2199 1102 2257 ius
1157 2200 1217 2255 et
1271 2197 1529 2255 officium
1586 2200 1767 2272 atque
1826 2198 2133 2272 aequabile
2178 2199 2241 2257 in
2287 2216 2490 2258 omnes
2535 2199 2735 2275 legum

397 2285 743 2361 imperium,
812 2284 1013 2342 minus
1071 2282 1278 2354 etiam,
1350 2301 1524 2357 quam
1581 2301 1763 2358 regna
1829 2286 1934 2341 aut
1998 2283 2379 2357 optimatium
2443 2283 2735 2356 civitateS,

405 2370 727 2429 humilibus
796 2370 1028 2426 tantum
1097 2367 1388 2426 contineri
1454 2371 1708 2442 possunt
1771 2368 2106 2426 utilitatum
2174 2368 2735 2443 commodorumque

395 2454 757 2525 rationibus,
815 2453 921 2511 sed
978 2471 1164 2509 unum
1220 2470 1423 2510 eorum
1480 2454 1574 2509 est
1618 2451 2022 2510 firmissimum
2066 2456 2247 2527 atque
2293 2453 2734 2513 sanctissimum

396 2539 718 2614 vinculum,
765 2539 850 2612 ut,
898 2536 1190 2614 quidquid
1226 2538 1446 2596 bonum
1477 2536 1790 2596 honestum
1837 2537 2149 2612 pulchrum
2196 2541 2303 2613 est,
2352 2539 2477 2599 eius
2521 2539 2732 2598 arden-

397 2626 630 2685 tissimo
685 2641 881 2682 amore
942 2625 1229 2697 quantum
1291 2621 1415 2680 fieri
1472 2625 1673 2696 potest
1729 2641 1934 2681 01111166
1981 2622 2222 2682 0111111110
2269 2625 2425 2684 cives
2469 2644 2504 2681 a
2545 2625 2739 2699 prima

395 2711 534 2770 inde
579 2708 837 2783 pueritia
883 2708 1227 2766 imbuantur
1258 2707 1494 2765 alantur
1524 2708 1956 2782 compleantur.
2032 2707 2142 2766 Cui
2174 2708 2374 2767 studio
2406 2712 2473 2766 ut
2500 2709 2739 2784 publica

398 2794 681 2854 instituta
725 2792 943 2851 servire
991 2791 1213 2850 debent
1257 2792 1471 2866 omnia,
1520 2793 1605 2849 ita
1637 2791 1928 2866 imprimis
1960 2793 2125 2851 varia
2156 2793 2489 2852 scholarum
2518 2813 2739 2870 genera

399 2882 461 2939 in
521 2898 699 2937 unam
749 2876 908 2952 apud
963 2896 1070 2935 nos
1111 2896 1361 2952 eamque
1406 2877 1759 2935 concordem
1804 2877 2152 2937 societatem
2196 2879 2539 2952 coniuncta,
2598 2899 2737 2954 qua-

399 2984 533 3023 rum
592 2963 923 3023 scholarum
981 2981 1253 3020 summa
1310 2979 1444 3020 cum
1503 2961 1863 3020 universitas
1923 2965 2129 3022 nostra
2182 2967 2245 3021 et
2297 2964 2637 3022 nominetur
2680 2968 2743 3022 et

400 3049 592 3108 adhuc
634 3049 945 3119 habeatur,
992 3065 1225 3106 summa
1270 3065 1378 3121 ope
1423 3045 1478 3103 id
1528 3046 1643 3104 niti
1687 3065 1816 3105 eam
1862 3048 2049 3122 decet,
2096 3051 2166 3106 ut
2209 3048 2526 3107 sublimem
2569 3048 2741 3107 illum

403 3134 709 3209 spiritum,
768 3150 887 3207 quo
945 3132 1225 3191 scientiae
1291 3149 1411 3189 non
1471 3133 1755 3206 quaestus
1822 3131 2077 3191 faciendi
2142 3151 2317 3192 causa
2383 3133 2488 3191 sed
2550 3134 2741 3208 ipsius

401 3219 586 3278 studii
630 3237 828 3277 amore
867 3216 1168 3293 eligantur
1195 3220 1256 3276 et
1285 3217 1577 3289 colantur,
1626 3216 1688 3274 in
1721 3216 2184 3276 adolescentium
2214 3218 2428 3277 animis
2457 3222 2741 3294 provocet

405 3306 584 3380 atque
629 3302 913 3362 enutriat.

571 3388 701 3447 Hoc
759 3387 963 3446 divino
1022 3386 1309 3444 instinctu
1368 3387 1718 3444 inflammati
1772 3386 2180 3446 adolescentes
2238 3405 2358 3445 non
2422 3386 2743 3448 verendum

404 3477 497 3532 est
539 3493 613 3531 ne
658 3473 762 3530 aut
805 3472 880 3529 ad
927 3473 1126 3528 cetera
1167 3470 1408 3528 humani
1463 3471 1702 3545 generis
1749 3471 1908 3529 bona
1951 3475 2292 3547 torpescant
2335 3475 2440 3530 aut
2483 3472 2745 3546 corporis

404 3557 755 3617 libidinibus
799 3554 1171 3629 mollitieque
1217 3554 1500 3613 diffluant
1545 3557 1652 3612 aut
1696 3557 1855 3615 vitae
1902 3557 2169 3631 publicae
2200 3557 2506 3631 pulverem
2535 3557 2742 3615 solem-

407 3661 523 3718 que
580 3642 1031 3717 perhorrescant
1085 3642 1190 3697 aut
1244 3639 1528 3714 denique,
1601 3640 1651 3698 si
1708 3641 1830 3699 fors
1889 3642 1976 3699 ita
2030 3642 2265 3715 tulerit,
2339 3660 2446 3716 pro
2512 3641 2739 3716 patriae

405 3727 682 3786 libertate
748 3726 1182 3800 pignorumque
1256 3723 1695 3783 carissimorum
1761 3726 1950 3785 salute
2020 3727 2379 3804 sanguinem
2438 3726 2742 3801 vitamque

403 3811 764 3887 profundere
808 3809 1117 3868 dubitent!
1195 3806 1376 3866 Cuius
1419 3808 1506 3867 rei
1551 3810 1888 3885 exemplum
1933 3829 2165 3869 summo
2196 3809 2319 3870 Vos
2364 3812 2492 3869 iure
2535 3811 2742 3869 itidem

405 3896 681 3956 Vestram
724 3893 1124 3970 proposuistis
1169 3894 1656 3969 universitatem,
1702 3914 1851 3970 quae
1896 3914 2030 3954 cum
2076 3896 2436 3955 saevissimis
2482 3894 2743 3955 Gallicae

407 3981 830 4040 dominationis
887 3978 1255 4052 temporibus
1311 3979 1479 4054 quasi
1532 3981 1597 4036 in
1653 3980 1784 4054 ipso
1843 3979 2363 4040 infestissimorum
2429 3981 2742 4039 custodum

346 4078 375 4126 7
410 4068 729 4140 conspectu
783 4064 1224 4135 institueretur,
1291 4063 1351 4121 id
1406 4064 1603 4138 ipsum
1659 4067 1720 4122 et
1764 4065 2219 4139 sapientissimis
2279 4070 2340 4125 et
2404 4065 2744 4124 fortissimis

412 4150 640 4225 egregii
685 4150 965 4208 facinoris
1010 4148 1350 4207 auctoribus
1393 4147 1593 4206 adfuit
1636 4150 1981 4225 consilium,
2028 4153 2098 4208 ut
2141 4151 2203 4209 in
2248 4151 2361 4209 hoc
2405 4150 2594 4209 libero
2640 4149 2744 4207 do-

410 4233 580 4294 cendi
625 4233 1004 4310 discendique
1050 4234 1304 4292 sacrario
1348 4234 1532 4291 animi
1580 4234 1860 4294 iuvenum
1906 4236 2085 4294 etiam
2118 4235 2637 4294 corroborarentur
2666 4234 2742 4292 ad

409 4319 748 4377 libertatem
792 4319 853 4377 vi
897 4321 958 4377 et
998 4318 1178 4377 armis
1222 4318 1703 4394 recuperandam,
1750 4318 1813 4377 ln
1855 4338 1975 4394 quo
2006 4321 2255 4380 consilio
2284 4324 2344 4379 et
2373 4318 2743 4395 exsequendo

413 4406 477 4462 et
543 4403 789 4462 celando
853 4404 1036 4462 tacita
1098 4402 1385 4479 quaedam
1449 4405 1579 4462 erat
1649 4404 1992 4463 docentium
2059 4405 2416 4465 discentium
2480 4405 2745 4465 virorum
