3132 5129
1407 364 1860 427 ..154—

629 521 723 579 Ita
767 522 951 597 igitur
996 524 1064 579 ut
1107 521 1313 579 statim
1357 520 1431 578 ad
1478 539 1605 578 rem
1651 521 1842 594 ipsam
1888 521 2237 599 aggrediar,
2301 538 2496 577 coram
2540 519 2643 577 illo
2694 539 2800 594 po-

458 607 756 681 pularium
800 625 1124 681 congressu
1169 607 1232 663 in
1276 604 1525 663 dimidia
1556 603 1938 680 Odysseae
1980 609 2166 680 parte,
2215 622 2364 680 quae
2394 604 2622 679 priores
2655 605 2803 663 duo·

371 714 392 731 ·
461 690 653 749 decim
697 691 879 750 libros
925 694 1104 766 atque
1149 689 1313 749 tertii
1359 688 1575 749 decimi
1606 709 1662 748 v.
1687 693 1933 751 1-184
1966 690 2402 764 complectitur,
2451 688 2643 748 inesse
2674 689 2799 747 dixi

387 785 418 832 4
459 776 598 834 duo
657 776 883 834 maiora
940 776 1275 834 carmina
1330 766 1606 849 pluribus
1661 775 1815 834 varii
1862 775 2095 853 generis
2140 775 2523 849 diversaeque
2566 774 2801 850 magni-

457 860 683 918 tudinis
727 860 1100 919 emblematis
1147 864 1325 935 atque
1369 858 1723 936 fragmentis
1754 860 2136 937 interpolata,
2185 877 2440 934 quorum
2469 858 2800 916 carminum

458 945 624 1019 prius
679 947 914 1020 praeter
970 945 1340 1020 prooemium
1396 943 1760 1019 deorumque
1821 945 2134 1005 concilium
2179 964 2217 998 α
2268 946 2469 1004 1-87
2513 946 2802 1018 quattuor

458 1030 719 1104 priores,
778 1030 1032 1089 alterum
1089 1029 1235 1088 illud
1283 1029 1473 1104 ipsum
1519 1028 1760 1086 initium
1806 1034 1983 1105 atque
2029 1033 2161 1087 octo
2205 1030 2568 1103 posteriores
2612 1028 2800 1086 libros

457 1119 702 1189 excepto
758 1114 1069 1173 undecimo
1127 1113 1611 1188 comprehendat.
1701 1113 1782 1173 Et
1836 1114 1985 1173 illud
2039 1113 2307 1188 quidem,
2368 1112 2526 1189 quod
2573 1112 2798 1171 tradito

457 1200 695 1257 nomine
757 1196 1317 1256 ΤΗΛΕΜΑΧΟΥ
1363 1196 1846 1257 ΑΠΟΔΗΜΙΛ
1901 1197 2321 1274 appellandum
2378 1199 2487 1272 sit,
2547 1198 2666 1256 iam
2721 1198 2797 1255 ab

458 1284 936 1360 Henningsio
982 1283 1403 1342 dissertatione
1446 1283 1685 1359 Lipsiae
1729 1304 1782 1343 a.
1835 1285 1992 1342 1861
2043 1282 2201 1342 edita
2248 1278 2360 1359 [-=
2384 1282 2794 1341 Iahn.annall.

459 1369 667 1445 Suppl.
713 1367 854 1428 Vol.
902 1367 992 1426 111
1040 1361 1433 1446 (1857—60)
1477 1388 1536 1443 p.
1591 1365 1981 1446 133—234]‚
2029 1387 2179 1443 quae
2227 1367 2462 1435 „Uebcr
2504 1369 2596 1426 die
2640 1367 2797 1427 Tele·
2848 1439 2859 1442 -

455 1455 728 1513 machic“
785 1453 1159 1526 inscribitur,
1205 1452 1554 1511 restitutum
1612 1455 1673 1511 et
1727 1454 1852 1512 fere
1908 1456 2341 1529 perpurgatum
2385 1471 2513 1511 esse
2559 1453 2794 1528 censui3

456 1539 565 1597 hoc
608 1557 780 1610 ver0,
839 1537 998 1613 quod
1045 1536 1513 1594 ΟΔΤΣΣΕΩΣ
1552 1535 1903 1595 ΝΟΣΤΟΣ
1941 1537 2186 1596 inscribi
2230 1537 2450 1611 possit,
2496 1537 2795 1613 quomodo

457 1623 531 1680 ad
577 1623 989 1700 integritatem
1032 1641 1305 1682 revocare
1350 1622 1469 1680 iam
1512 1622 1705 1683 multo
1752 1643 1821 1682 ex
1859 1627 2129 1698 tempore
2158 1622 2548 1698 repetitisque
2579 1622 2796 1681 studiis

459 1706 602 1765 mihi
647 1708 841 1766 visum
888 1707 1087 1782 fuerit,
1135 1725 1428 1782 exponere
1474 1710 1719 1767 conatus
1750 1727 1882 1767 sum
1927 1708 2028 1782 ita,
2077 1709 2144 1765 ut
2172 1707 2434 1782 generali
2466 1706 2794 1781 praemissa

456 1791 897 1850 introductione
943 1792 1129 1851 totius
1175 1791 1455 1851 carminis
1501 1793 1991 1868 singularumque
2036 1792 2162 1850 eius
2205 1791 2652 1866 rhapsodiarum
2701 1810 2794 1849 ar·

456 1879 807 1952 gumentum
879 1877 1257 1952 indolemque
1326 1878 1702 1936 enarratione
1760 1880 1996 1936 tantum
2051 1894 2446 1952 proponerem
2500 1876 2574 1934 ad
2630 1876 2797 1936 illius

455 1961 569 2019 loci
627 1962 1032 2037 temporisque
1083 1962 1278 2037 legem
1337 1962 1806 2038 accommodata,
1867 1961 2046 2020 simul
2115 1961 2605 2036 interpositorum
2675 1981 2795 2019 em-

459 2041 780 2104 blematum
824 2047 1115 2105 rationem
1161 2046 1566 2123 ambitumque
1614 2047 1962 2106 brevissime
2008 2045 2333 2105 indicarem
2380 2046 2543 2104 omni
2587 2045 2791 2122 singu-

454 2130 648 2188 lorum
706 2149 984 2189 versuum
1041 2131 1485 2190 enumeratione
1545 2132 1783 2191 omissa.
1870 2130 1941 2189 Id
1996 2131 2182 2208 igitur
2226 2130 2342 2188 iam
2388 2131 2475 2190 ita
2518 2131 2798 2207 supplere

454 2215 687 2274 animus
733 2219 855 2291 est,
903 2219 998 2290 ut,
1048 2235 1200 2293 quae
1245 2216 1389 2275 satis
1435 2217 1670 2293 integra
1714 2215 1889 2275 nobis
1935 2214 2155 2274 tradita
2198 2218 2372 2290 sunt,
2419 2234 2488 2274 ea
2532 2216 2791 2274 strictim

453 2303 689 2358 tantum
735 2303 1092 2376 pertractem
1138 2301 1419 2376 breviter,
1466 2321 1616 2378 quae
1660 2299 1959 2360 reicienda
2000 2299 2337 2375 videantur,
2384 2300 2678 2376 indicatis,
2726 2302 2787 2359 in

455 2385 921 2461 corruptioribus
966 2405 1108 2446 vero
1152 2386 1444 2461 partibus,
1493 2386 1597 2445 ubi
1640 2386 1817 2461 paulo
1851 2385 2062 2444 fortius
2093 2401 2228 2443 cum
2258 2384 2480 2444 tradita
2512 2404 2796 2445 versuum

456 2471 610 2529 mole
667 2470 812 2528 mihi
872 2470 1173 2548 agendum
1217 2472 1360 2546 fuit,
1429 2471 1690 2548 genuina
1746 2471 2006 2546 primum
2052 2489 2169 2529 uno
2215 2475 2420 2529 tenore
2470 2472 2794 2530 coniuncta

454 2555 864 2632 praemittam,
937 2576 1055 2632 quo
1124 2555 1357 2617 facilius
1411 2556 1543 2633 ipsa
1599 2555 1867 2616 veritatis
1924 2555 2015 2617 vis
2069 2555 2267 2614 animo
2326 2575 2455 2616 sese
2508 2556 2791 2633 insinuet,

454 2640 665 2699 deinde
709 2659 927 2716 paucas
971 2645 1371 2718 angustasque
1417 2643 1489 2701 de
1535 2642 1640 2716 iis,
1678 2661 1848 2718 ¹quae
1894 2640 2216 2701 deleverim
2238 2686 2253 2716 ‚
2300 2640 2550 2700 adiciam
2596 2643 2793 2701 obser-

452 2726 740 2787 vationes.

620 2808 750 2869 Hoc
792 2810 981 2885 igitur
1024 2809 1244 2869 modo
1229 2829 1346 2868 iam
1378 2811 1483 2871 bac
1513 2812 1756 2887 prima
1800 2811 2354 2870 dissertatione
2398 2810 2589 2886 ipsam
2619 2811 2789 2869 illam

452 2894 837 2969 antiquam
885 2894 1010 2953 sive
1042 2894 1444 2970 genuinam
1489 2895 1893 2972 Odysseam
1936 2898 2296 2971 pertractare
2345 2896 2643 2970 incipiam,
2691 2897 2789 2954 cui

454 2971 697 3039 Ulixis
739 2972 1024 3039 reditus
1067 2999 1286 3038 nomen
1331 2979 1594 3039 dandum
1639 3000 1766 3040 esse
1810 2981 1951 3039 dixi.
2015 2980 2304 3039 Constare
2348 3000 2475 3039 eam
2523 2981 2789 3056 quinque

452 3063 816 3139 rhapsodiis,
873 3083 1018 3139 quas
1075 3064 1416 3124 nominibus
1460 3065 1790 3140 antiquitus
1835 3064 2077 3125 traditis
2124 3064 2413 3139 insignire
2458 3065 2628 3140 licet,
2687 3066 2787 3124 iti·

451 3148 585 3205 dem
644 3149 762 3206 iam
823 3148 886 3207 in
951 3149 1055 3207 illo
1114 3152 1410 3208 conventu
1466 3151 1692 3208 monui.
1785 3150 1939 3208 Sunt
1994 3169 2062 3208 ea
2112 3149 2390 3208 nomina:
2466 3138 2562 3206 To}
2618 3145 2789 3223 περὶ

455 3233 893 3307 Καλυψοῦς,
942 3223 1336 3303 Ὀδυσσέως
1378 3227 1730 3302 σύστασις
1775 3229 1961 3305 πρὸς
2008 3225 2484 3311 Ναυσικάαν,
2538 3227 2791 3291 ’.Οδυσ

450 3311 626 3387 σὲως
668 3310 1028 3387 σύστασις
1071 3313 1251 3392 πρὸς
1293 3315 1667 3392 Φαίακας,
1710 3308 2051 3376 Ἀλκίνου
2094 3278 2494 3395 ἆπόλογοι,
2534 3307 2788 3377 Οδυσ-

450 3396 626 3470 σέως
668 3396 1071 3472 απόπλους.

621 3488 850 3547 Harum
908 3489 1092 3564 igitur
1147 3488 1596 3565 rhapsodiarum
1656 3487 1931 3563 prima,
1977 3507 2094 3562 qua
2139 3507 2232 3547 res
2279 3508 2313 3546 a
2360 3489 2605 3548 deorum
2649 3508 2787 3549 con-

454 3572 591 3630 cilio
637 3574 709 3631 de
742 3574 933 3632 Ulixis
976 3574 1267 3633 reditione
1311 3573 1515 3632 habito
1559 3591 1750 3647 usque
1796 3573 1872 3631 ad
1916 3572 2178 3632 eiusdem
2211 3573 2273 3631 in
2303 3573 2594 3633 Phaeacia
2628 3578 2791 3633 terra

452 3657 773 3717 adventum
829 3659 1239 3733 continentur,
1311 3659 1625 3717 introitum
1682 3657 1823 3715 olim
1877 3657 2135 3716 habebat
2188 3658 2345 3718 hunc
2401 3658 2573 3717 bodie
2632 3659 2792 3719 inter

450 3743 624 3817 primi
671 3746 850 3819 atque
894 3744 1090 3818 quinti
1139 3738 1276 3802 libri
1321 3743 1495 3802 initia
1539 3743 1930 3818 discerptum:

732 3909 966 3987 ’Ἀνδρα
1009 3929 1111 3986 μοι
1156 3908 1396 3988 ἔννεπε,
1441 3909 1666 4005 μοῦσα,
1712 3904 2109 3987 πολύτροποι,
2154 3905 2225 3981 ὃς
2269 3903 2429 3986 μα’λα
2474 3908 2661 3971 πολλα

661 3992 973 4073 πλάγχθη,
1021 3991 1147 4055 ἐπει
1198 3995 1412 4073 Τροίης
1460 3987 1624 4073 ἱερὸν
1668 3994 2021 4100 πτολίεθρον
2039 3991 2308 4091 ἔπερσε,

660 4081 892 4139 πολλῶν
937 4076 996 4137 δ’
1000 4074 1390 4177 ἀνθρώπων
1434 4078 1568 4140 ἴδεν
1608 4074 1791 4140 αστεα
1836 4076 1936 4139 καὶ
1983 4074 2129 4138 νόον
2172 4076 2355 4178 ἔγνω·

663 4157 848 4222 πολλα
897 4160 951 4222 δ’
999 4156 1033 4224 ὅ
1078 4160 1131 4245 γ’
1181 4161 1246 4224 ἐν
1288 4164 1489 4247 πόντῳ
1533 4161 1738 4225 πάθεν
1780 4160 1965 4245 αλγεα
2011 4162 2083 4225 ὃν
2125 4186 2273 4223 κατα
2319 4159 2550 4244 θυμόν,

389 4255 420 4301 5
664 4244 995 4354 αρνύμενος
1024 4246 1107 4327 ἦν
1151 4273 1209 4311 τε
1256 4226 1466 4328 ψυχὴν
1509 4250 1611 4310 καὶ
1658 4244 1865 4309 νόστον
1909 4246 2183 4326 ἑταίρων·
2753 4264 2786 4309 5

665 4327 799 4392 ἀλλ’
845 4325 982 4393 ουδ’
1032 4328 1111 4407 αἷς
1157 4331 1401 4409 ἑτάρους
1446 4331 1763 4437 ἐρρύσατο,
1810 4329 2038 4409 ἱέμενός
2081 4357 2208 4412 περ.

663 4418 783 4477 τῶν
827 4415 1059 4496 ἁμόθεν
1103 4442 1200 4498 γε,
1245 4417 1394 4498 θεά,
1440 4420 1705 4500 θύγατερ
1758 4416 1934 4498 Διός,
1979 4417 2105 4480 εἰπὲ
2149 4417 2249 4480 καὶ
2297 4414 2459 4498 ἡμῖν.
2724 4431 2789 4478 10
