3132 5129
435 2629 495 2676 11

1478 412 1552 420 -
1644 374 1938 437 430-

704 532 892 591 Ibid.
941 532 1019 589 28
1078 531 1326 590 Nonnus
1394 549 1525 589 cum
1581 530 1935 607 quibusdam
1991 531 2142 608 legit
2201 526 2456 604 δόξασόν
2515 551 2657 609 μου
2724 530 2876 613 (non

536 631 697 691 σου,
743 616 1239 692 quemadmodum
1284 635 1441 675 nunc
1486 617 1706 691 ubique
1750 612 2031 695 legimus)
2078 613 2142 673 τὸ
2186 612 2381 693 ὄνομα
2425 618 2606 694 idque
2650 620 2879 695 simpli-

537 702 683 760 citer
725 702 788 760 in
832 691 936 758 υἷα
981 692 1116 759 τεὸν
1158 697 1406 759 κύδαινε
1452 702 1781 776 convertit,
1841 700 1949 760 filii
2001 720 2219 760 nomen
2292 703 2659 762 substituens
2702 722 2880 763 voca-

538 786 662 846 tivo
710 782 945 858 Πάτερ,
990 805 1168 861 quem
1214 787 1582 862 evangelista
1626 789 1764 844 ante
1812 781 2074 856 δόξασόν
2115 789 2336 862 posuit.

704 871 868 945 XIII,
915 872 952 929 5
997 871 1249 930 Nonnus
1305 874 1539 930 tantum
1597 872 1970 946 transcripsit
2019 867 2122 928 καὶ
2176 867 2396 949 ἤρξατο
2452 869 2682 930 νίπτειν
2738 869 2880 941 τούς

535 951 730 1026 πόδας
775 953 894 1013 τῶν
934 959 1247 1032 μαθητῶν,
1292 955 1445 1013 haud
1492 955 1757 1015 inficeto:
1803 975 1943 1014 nam
1988 956 2252 1032 Petrum,
2301 959 2621 1033 antequam
2668 958 2876 1017 Domi-

536 1060 649 1100 nus
692 1041 766 1100 ad
812 1039 1367 1117 abstergendos
1423 1041 1603 1116 primi
1650 1040 1924 1116 discipuli
1970 1041 2151 1116 pedes
2196 1043 2535 1116 accesserit,
2595 1044 2877 1101 interces-

538 1128 682 1186 sisse
726 1125 1033 1202 probabile
1076 1131 1189 1185 est.
1278 1126 1404 1185 Nec
1446 1129 1645 1185 tamen
1691 1145 1839 1201 quae
1883 1129 2213 1201 sequuntur
2265 1123 2368 1185 καὶ
2424 1122 2742 1203 ἐκμάσσειν
2799 1134 2881 1208 τῷ

536 1209 741 1293 λεντίῳ
798 1201 850 1293 ᾧ
902 1200 982 1285 ἦν
1036 1206 1418 1285 διεζωσμένος
1469 1213 1575 1269 aut
1632 1210 1935 1286 ignoravit
1989 1214 2095 1270 aut
2152 1212 2445 1289 neglexit,
2519 1213 2619 1271 sed
2677 1214 2877 1287 aptius

540 1317 675 1357 cum
706 1298 898 1373 prima
927 1296 1097 1357 lintei
1129 1296 1692 1356 commemoratione
1723 1296 2030 1355 coniunxit
2060 1316 2119 1355 v.
2154 1298 2236 1357 20
2262 1315 2408 1373 sqq„
2441 1316 2592 1372 quae
2623 1298 2707 1357 sic
2737 1299 2881 1357 scri·

536 1383 733 1441 benda
778 1387 944 1442 sunt:

792 1480 893 1542 καὶ
936 1478 1139 1565 λινέην
1180 1475 1487 1560 λαγόνεσσι
1531 1481 1732 1558 νόθην
1776 1474 2031 1553 ἐζώσατο
2073 1479 2312 1561 μίτρην,

792 1566 1043 1645 σφίγξας
1090 1563 1350 1644 σκληρὸν
1392 1559 1665 1643 ὕφασμα,
1710 1564 1888 1641 τόπερ
1933 1564 2088 1642 φάτο
2137 1564 2525 1644 Θυμβριᾶς
2569 1561 2725 1645 αὐδὴ

793 1651 1127 1728 λίντεον,
1172 1646 1469 1728 ἰκμαλέοιο
1509 1646 1697 1722 ποδὸς
1740 1650 2163 1730 μακτήριον
2205 1646 2468 1730 ἀνδρῶν.

539 1750 857 1833 Θυμβριὰς
902 1772 1009 1829 pro
1056 1771 1141 1827 ee,
1186 1754 1346 1828 quod
1377 1754 1596 1813 Aldina
1625 1753 1806 1813 habet
1834 1748 2148 1832 θυμβεὰς,
2193 1755 2313 1813 iam
2344 1756 2573 1831 antiqui
2620 1756 2881 1816 editores

536 1840 924 1913 invenerunt,
982 1857 1115 1896 cum
1172 1838 1233 1895 in
1287 1838 1613 1897 novissima
1670 1839 1929 1898 editione
1985 1830 2234 1915 τυμβιᾶς
2288 1841 2525 1917 legatur
2582 1841 2709 1898 sine
2751 1841 2883 1900 ullo

537 1940 740 1999 sensu;
796 1928 927 1983 tum
983 1920 1215 1979 λίντεον
1276 1918 1469 2000 [quod
1513 1924 1672 1999 apud
1716 1924 1899 1983 Bord.
1946 1918 2197 2023 legitur]
2243 1925 2681 1984 commendavit
2722 1925 2882 1984 Her-

537 2028 789 2067 mannus
832 2009 896 2066 in
938 2025 1055 2065 rec.
1102 2007 1145 2065 1.
1190 2026 1248 2081 p.
1296 2008 1436 2081 998,
1483 2009 1587 2083 qui
1632 2008 1788 2067 idem
1844 2027 1953 2084 pro
2010 2001 2329 2085 άλητηριον
2371 2009 2656 2084 Aldinae,
2715 2011 2880 2085 quod

534 2094 597 2151 in
640 2086 955 2170 άλκτήριον
983 2092 1139 2150 male
1168 2091 1483 2151 mutabant
1509 2094 1786 2168 editoreS,
1833 2084 2231 2170 θελκτήριον
2275 2094 2546 2154 coniecit.
2622 2094 2878 2153 Rectum

536 2178 1012 2238 subministravit
1053 2177 1197 2253 ipse,
1247 2196 1423 2253 quem
1469 2177 1841 2252 adduximuS,
1889 2178 2275 2255 evangelista.

703 2264 887 2323 Ibid.
923 2262 1002 2322 23
1047 2256 1125 2319 ὃν
1165 2255 1365 2341 ἠγάπα
1408 2255 1441 2318 ὁ
1485 2256 1720 2337 Ἰησοῦς
1765 2262 2070 2321 transiisse
2114 2262 2353 2322 videtur
2395 2263 2551 2340 apud
2591 2264 2878 2323 Nonnum

534 2351 593 2409 in
641 2350 950 2426 epitheton
992 2341 1328 2426 ἆγχιφανὴς
1372 2340 1641 2405 ἀνέκειτο
1684 2341 2191 2425 φιλοστόργου
2234 2347 2541 2425 βασιλῆος,
2585 2350 2700 2425 nisi
2742 2351 2881 2424 quis

534 2435 849 2493 formulam
906 2434 1129 2508 quippe
1183 2453 1254 2492 ex
1312 2431 1479 2507 XIX,
1540 2434 1620 2491 26
1677 2433 1968 2491 intrusam
2023 2431 2308 2492 Nonnum
2373 2451 2617 2510 prorsus
2681 2435 2878 2492 nesci-

532 2520 687 2579 visse
733 2521 925 2593 putet.

707 2602 866 2678 XIV,
914 2604 952 2660 4
997 2603 1151 2678 legit
1192 2597 1293 2659 καὶ
1337 2596 1496 2660 ὅπου
1542 2595 1755 2679 ὑπάγω
1799 2598 2000 2659 οἴδατε
2045 2599 2158 2679 τὴν
2200 2593 2345 2661 ὁδὸν
2385 2604 2566 2679 idque
2609 2604 2879 2664 breviter

537 2689 826 2762 expressit
868 2706 974 2761 per
1012 2679 1199 2761 Ἐμὴν
1241 2680 1387 2744 ὁδὸν
1432 2684 1553 2744 ἴστε
1596 2683 1696 2743 καὶ
1742 2679 1927 2749 αὐτοί.

702 2771 830 2846 XV,
879 2772 958 2830 26
1002 2762 1036 2828 ὁ
1082 2765 1453 2848 παράκλητος
1499 2772 1678 2829 etiam
1723 2789 1829 2846 per
1872 2776 2114 2844 πνεῦμα
2161 2773 2478 2848 expressit,
2528 2775 2688 2849 quod
2734 2775 2875 2832 sim-

534 2856 771 2930 pliciter
814 2874 934 2913 non
977 2853 1185 2914 addito
1232 2855 1335 2929 τῆς
1377 2849 1666 2929 ἀληθείας
1711 2857 1773 2914 in
1818 2855 2207 2957 sequentibus
2251 2858 2418 2933 legit.
2507 2857 2651 2918 Vice
2696 2878 2873 2917 versa

533 2939 693 3016 XVI,
744 2941 821 2998 13
865 2958 973 3014 pro
1019 2935 1277 3015 ἐκεῖνος,
1331 2936 1397 2998 τὸ
1438 2946 1678 3015 πνεῦμα
1734 2946 1840 3017 τῆς
1883 2938 2173 3014 αληθείας
2218 2943 2630 3003 tantummodo
2674 2941 2874 3018 παρά·

533 3028 742 3101 κλητος
787 3025 1003 3101 posuit.

701 3108 862 3184 XVI,
909 3110 989 3169 23
1046 3102 1127 3167 όῖν
1182 3130 1235 3167 τι
1289 3102 1566 3186 αἰτήσητε
1621 3098 1725 3167 τὸν
1779 3105 2001 3186 πατέρα
2058 3105 2139 3167 ἐν
2193 3116 2287 3192 τῷ
2341 3103 2663 3188 ὀνόματί
2710 3132 2873 3190 μου.

534 3194 763 3253 Ultima
805 3194 986 3254 verba
1028 3195 1286 3270 epitheto
1332 3196 1718 3254 continentur
1760 3215 1816 3255 v.
1851 3197 1931 3254 85

835 3285 985 3352 ’ὄσσα
1028 3285 1139 3373 γάρ
1182 3292 1457 3372 αἰτήσητε
1500 3293 1891 3377 θεοκλήτω
1936 3291 2052 3354 τινὶ
2099 3303 2293 3376 φωνῇ.

534 3396 826 3456 Similiter
868 3396 1022 3455 infra
1065 3415 1122 3455 v.
1157 3398 1235 3454 97
1261 3415 1347 3472 sq.

838 3512 954 3573 Καὶ
996 3507 1147 3574 θεὸν
1188 3512 1465 3591 αἰτήσητε
1508 3536 1554 3575 π
1565 3536 1598 3574 ο
1611 3520 1642 3575 λ
1654 3514 1694 3575 ύ
1706 3519 1736 3576 λ
1748 3518 1778 3575 λ
1797 3537 1817 3573 ι
1832 3538 1862 3574 τ
1875 3536 1906 3573 ο
1924 3539 1957 3575 ν
1999 3507 2177 3593 ἤματι
2221 3513 2397 3597 κείνῳ

842 3594 1126 3676 εὐχωλαῖς
1173 3588 1249 3658 ὅσ
1262 3599 1335 3682 ίῃ
1352 3617 1386 3657 σ
1400 3622 1422 3658 ι
1469 3598 1581 3682 (sic
1600 3597 1668 3680 l).

701 3718 891 3794 XVII,
945 3722 1014 3777 11
1064 3715 1165 3776 καὶ
1220 3709 1470 3777 οὐκέτι
1523 3716 1675 3795 εἰμὶ
1729 3714 1804 3777 ἐν
1860 3726 1951 3801 τῷ
1995 3712 2272 3801 κόσμῳ,
2326 3717 2428 3781 καὶ
2471 3705 2633 3780 οὖτοι
2678 3716 2745 3779 ἐν
2788 3727 2873 3803 τῷ

530 3799 733 3883 κόσμῳ
778 3803 959 3876 εἰσίν,
1014 3792 1177 3881 κάγώ
1221 3799 1368 3881 πρὸς
1414 3799 1481 3861 σὲ
1535 3801 1775 3881 ἔρχομαι
1817 3805 2029 3864 habuit
2072 3807 2275 3865 omnia
2318 3810 2379 3865 et
2420 3806 2709 3880 reddidit,
2767 3807 2870 3866 sed

528 3887 777 3947 liberius
821 3909 875 3947 v.
910 3890 989 3947 32
1015 3908 1103 3964 sq.

837 3985 1053 4068 Κόσμῳ
1100 3982 1157 4045 δ’
1202 3989 1262 4048 οἳ
1303 3985 1414 4066 μὲν
1457 3986 1645 4062 ἔασιν,
1692 3985 1804 4068 ἐγώ
1852 3984 1908 4044 δ’
1956 3985 2073 4068 ἄρα
2116 3996 2339 4069 γαῖαν
2382 3987 2612 4062 ἐάσας

835 4068 982 4151 πρὸς
1027 4070 1126 4151 σέ,
1170 4070 1381 4153 πάτερ,
1424 4073 1783 4150 παλίνορσος
1831 4071 2154 4151 ἐλεύσομαι

701 4174 923 4250 XVIII,
946 4178 985 4234 4
1008 4172 1202 4235 πάντα
1231 4175 1299 4236 τὰ
1332 4173 1637 4255 ἐρχόμενα.
1685 4178 1847 4252 Apte
1878 4175 2189 4236 substituit
2215 4172 2547 4253 μέλλουσαν
2576 4167 2870 4256 ἀνάγκην.

698 4260 889 4319 Ibid.
913 4263 991 4320 39
1025 4257 1091 4319 ἐν
1120 4269 1206 4345 τῷ
1233 4261 1434 4339 πάσχα
1465 4262 1855 4322 commutavit
1884 4279 2017 4320 cum
2047 4255 2297 4340 πάτριόν
2339 4256 2500 4320 ἔστιν
2542 4259 2870 4338 ἐτήσιον.

569 4431 596 4486 t
700 4344 857 4487 {IX’
888 4348 985 4490 611?
1042 4338 1122 4423 ἦν
1176 4345 1242 4406 δὲ
1296 4343 1643 4426 παρασκευὴ
1703 4343 1808 4404 τοῦ
1871 4342 2067 4423 πάσχα
2128 4349 2276 4407 adeo
2340 4349 2675 4408 accuratius
2735 4347 2867 4406 illu·

537 4447 564 4486 s
598 4448 722 4488 ravi
796 4450 853 4491 v.
981 4450 996 4491 ε
