3132 5129
1368 417 1785 479 ...68-

413 581 576 653 θεῖν,
634 573 750 634 ἔδει
802 570 1275 679 αὐτοπρόσωπον
1328 578 1627 665 παρεῖναι.
1701 570 1842 643 ἔθος
1899 569 1958 631 τέ
2002 569 2125 631 ἐστι
2170 576 2290 642 τοῖς
2335 590 2744 650 μεταμορφου-

412 659 610 739 μένοις
668 664 833 731 θεοῖς
888 658 1035 718 κατὰ
1094 651 1205 737 τὴν
1257 655 1491 734 ἄφοδον
1543 647 1858 717 απολιπεῖν
1901 655 2213 734 τεκμήριον
2268 656 2351 726 εἰς
2409 653 2744 735 ἐπίγνωσιν.

415 745 483 806 οἴ
516 768 576 805 τε
620 740 777 825 λόγοι
818 741 924 823 οὐχ
956 743 1147 815 οὕτως
1179 742 1331 803 εἰσὶν
1359 738 1840 820 ἐσχηματισμένοι
1870 738 1917 801 ὦ
1938 766 1967 813 ς
2003 750 2144 803 τοῦ
2180 743 2243 798 Π
2256 740 2506 799 ολιτου
2539 742 2747 818 (vulgo

416 840 520 890 τοῦ
567 830 826 889 Πολίτου
871 827 1000 928 ὡς)
1027 826 1175 907 πρὸς
1218 825 1476 907 πατέρα,
1520 823 1651 887 ἄλλ’
1700 826 1846 887 εἰσὶν
1900 824 2298 904 ἐπιτεταμένοι
2351 824 2452 885 καὶ
2508 824 2749 901 ἐπιπλη-

414 915 621 975 κτικοί.
699 914 800 975 καὶ
860 914 923 976 τὸ
968 907 1263 1011 Έκτορ,
1328 910 1442 971 σοὶ
1489 909 1565 971 δὲ
1626 906 1919 990 μάλιστ’
1986 909 2458 986 ἐπιτέλλομαι
2529 909 2750 983 Πολίτῃ

413 997 741 1060 ανοίκειον·
786 1004 1009 1077 μᾶλλον
1050 996 1117 1057 δὲ
1147 991 1322 1076 Ἴριδι
1364 992 1603 1078 ἁρμόζει
1648 995 2045 1059 ἐπιτάσσειν.“
2135 998 2293 1057 Haec
2349 999 2645 1071 sagaciter
2687 999 2748 1054 et

313 1095 381 1143 24
417 1089 681 1162 speciose
738 1088 1074 1163 excogitata
1129 1104 1257 1144 esse
1301 1086 1434 1159 quis
1478 1084 1706 1160 neget?
1796 1084 1913 1143 Sed
1959 1084 2079 1142 vim
2125 1086 2362 1142 tantum
2404 1082 2630 1141 habent
2675 1082 2746 1139 ad

417 1172 714 1231 eiciendos
758 1191 964 1232 versus
1020 1173 1104 1243 ei,
1164 1171 1267 1244 qui
1311 1169 1577 1245 singulas
1621 1169 1828 1228 Iliadis
1872 1173 2071 1244 partes
2114 1188 2292 1243 quam
2335 1169 2590 1226 maxime
2635 1166 2748 1226 sibi

416 1260 809 1332 congruentes
864 1256 1111 1315 reddere
1169 1254 1534 1313 athetasibus
1593 1190 1912 1313 faciendisp
1941 1253 2253 1312 studuerit.
2341 1252 2467 1311 Nos
2511 1251 2748 1327 quidem

418 1344 478 1400 in
511 1342 583 1400 iis
616 1342 779 1416 ipsis,
826 1360 978 1415 quae
1008 1339 1391 1398 Aristarchus
1423 1339 1675 1396 aliorum
1706 1339 1959 1417 maxime
1987 1339 2253 1397 locorum
2285 1337 2491 1396 habita
2521 1337 2748 1395 ratione

413 1426 812 1501 vituperavit,
879 1425 1072 1485 nostri
1129 1424 1408 1482 carminis
1465 1425 1768 1482 auctorem
1825 1424 2236 1501 agnoscimus,
2302 1424 2408 1497 qui
2474 1422 2752 1482 similiter

416 1512 589 1569 initio
656 1529 927 1569 somnum
995 1509 1267 1568 Nestoris
1346 1526 1659 1583 personam
1727 1509 2005 1567 indutum
2068 1508 2451 1565 nuntiantem
2520 1505 2753 1565 induxit

417 1595 648 1654 divinas
693 1614 786 1653 res
832 1598 1013 1669 atque'
1054 1593 1215 1652 Iovis
1265 1593 1598 1668 imperium.
1689 1594 1769 1651 Et
1813 1594 1863 1652 si
1907 1592 2241 1651 abfuissent
2297 1592 2440 1650 olim
2488 1593 2750 1667 quinque

418 1680 518 1737 isti
563 1698 787 1751 versus,
837 1679 995 1737 unde
1038 1678 1281 1736 tandem
1325 1677 1697 1737 diasceuasta
1741 1678 2071 1754 singularia
2112 1678 2254 1735 haec
2283 1676 2357 1735 de
2387 1676 2586 1735 Polita
2615 1696 2744 1751 spe·

417 1764 652 1822 culandi
708 1764 900 1840 gratia
954 1764 1015 1821 in
1076 1762 1369 1837 Aesyetae
1425 1763 1655 1821 tumulo
1711 1763 1954 1822 sedente
2012 1762 2435 1836 adsumpturus
2490 1759 2750 1820 fuisset?

418 1848 646 1907 Vereor
689 1849 878 1921 enim,
938 1867 1012 1906 ne
1067 1846 1346 1906 subtilior
1399 1865 1580 1922 quam
1621 1849 1816 1907 verior
1871 1849 1954 1906 sit
1997 1847 2327 1906 Aristarchi
2373 1847 2633 1921 suspicio
2679 1845 2749 1903 ad

420 1934 540 1992 807
602 1936 869 1993 servata:
938 1926 1374 2010 ἠγνοίησεν·
1436 1927 1529 1989 ὅτι
1584 1925 1756 1990 τοῦτό
1816 1927 1937 1989 ἐστι
2007 1927 2071 1991 τό
2140 1934 2460 2007 πλανῆσαν
2527 1926 2631 1987 τὸν
2689 1922 2752 1987 τὰ

420 2014 620 2075 ἐπάνω
675 2014 1172 2075 διασκευάσαντα.
1242 2049 1320 2057 -
1388 2016 1698 2075 Postremo
1763 2017 2160 2092 sequebantur
2217 2017 2274 2070 Γ
2301 2017 2539 2089 1-14,
2606 2034 2754 2090 quae

420 2103 537 2160 duo
583 2102 800 2161 similia
842 2102 1017 2161 huius
1063 2102 1339 2161 carminis
1384 2102 1641 2160 colorem
1689 2102 1843 2161 ferre
1888 2102 2086 2178 quivis
2132 2101 2314 2160 videt.

587 2187 660 2245 In
691 2185 1095 2260 Contione,
1142 2186 1300 2262 quod
1350 2204 1588 2245 carmen
1633 2188 1877 2246 omnino
1923 2188 1994 2265 ad
2030 2185 2309 2245 Somnii
2356 2186 2750 2244 imitationem

422 2272 644 2331 sactum
699 2291 830 2331 esse
886 2274 1001 2330 iam
1062 2271 1204 2330 olim
1248 2273 1483 2343 monui,
1541 2275 1681 2346 post
1725 2273 1847 2329 454
1895 2271 2297 2346 sequebantur
2352 2273 2589 2329 tantum
2635 2270 2750 2328 duo

420 2357 667 2429 similia,
727 2376 911 2415 unum
967 2357 1042 2415 ab
1100 2357 1268 2432 igne
1323 2357 1576 2431 petitum
1638 2357 1970 2416 780—785
2029 2360 2348 2431 cognatum
2412 2356 2561 2414 illud
2622 2373 2750 2414 cum

420 2443 777 2515 455—458,
827 2443 1086 2501 alterum
1132 2461 1166 2498 a
1210 2441 1433 2500 foliis
1477 2442 1599 2499 467
1634 2461 1726 2516 sq.
1773 2444 2076 2516 sumptum
2119 2441 2267 2499 illud
2310 2459 2382 2498 ex
2427 2442 2554 2501 800
2583 2460 2670 2515 sq.

591 2613 861 2671 Breviori
922 2613 1101 2671 etiam
1158 2631 1286 2671 esse
1330 2613 1470 2670 licet
1514 2612 1587 2671 de
1633 2613 1901 2687 quinto
1948 2612 2206 2670 carmine
2252 2613 2375 2672 sive
2419 2611 2753 2670 Boeotia.

420 2699 568 2756 Eam
598 2717 670 2755 ex
699 2697 1011 2756 Boeoticae
1044 2697 1277 2756 scholae
1322 2697 1753 2756 consuetudine
1796 2698 2074 2773 primitus
2118 2697 2436 2772 quinorum
2479 2716 2754 2756 versuum

421 2782 683 2857 strophis
728 2783 1118 2857 compositam
1165 2782 1350 2840 fuisse
1395 2782 1618 2840 criticis
1666 2782 1786 2840 sere
1817 2782 2092 2840 omnibus
2136 2783 2498 2857 persuasisse
2531 2781 2750 2854 videor,

421 2887 491 2926 ex
535 2866 750 2941 quibus
796 2868 1173 2926 auctoritatis
1218 2867 1415 2943 gratia
1457 2866 1914 2924 Boeckhium
1958 2869 2138 2942 atque
2182 2866 2752 2942 Bernhardyum

421 2953 757 3011 nominasse
822 2951 1066 3010 sufficit.
1152 2951 1276 3009 Nec
1332 2952 1723 3023 contradixit,
1791 2953 1894 3026 qui
1962 2952 2034 3011 de
2088 2952 2272 3010 altera
2338 2952 2753 3010 dissertatione

425 3036 709 3095 iudicium
766 3036 908 3095 tulit
960 3038 1024 3095 in
1079 3036 1271 3095 Iahnii
1329 3036 1550 3094 annall.
1611 3037 1730 3095 vol.
1778 3036 1969 3094 LXXI
2016 3031 2234 3116 (1855)
2292 3056 2350 3111 p.
2396 3037 2750 3107 415-421,

423 3123 918 3195 Duentzerus,
965 3122 1146 3179 immo
1191 3121 1286 3179 hic
1341 3121 1582 3196 quidem
1629 3141 1721 3179 me
1777 3121 1923 3180 adeo
1980 3120 2257 3180 audacior
2311 3122 2511 3196 plures
2568 3122 2752 3180 etiam

424 3224 629 3264 versus
675 3205 881 3264 eiecit:
929 3207 1284 3267 489—493.
1319 3207 1463 3263 518.
1497 3208 1619 3263 522
1652 3225 1736 3281 sq.
1771 3208 1891 3264 525
1926 3225 2014 3280 sq.
2048 3206 2188 3268 539.
2223 3207 2577 3265 541-544.
2612 3207 2750 3264 562.

425 3291 756 3348 564-567
807 3287 1056 3369 (scripto
1090 3292 1210 3350 568
1245 3296 1335 3370 τῷ
1367 3283 1424 3344 δ’
1458 3283 1565 3367 ἄρ’
1601 3283 1706 3366 ἅμ’
1733 3310 1842 3366 pro
1874 3293 2066 3347 τοῖσι
2109 3284 2168 3346 δ’
2201 3312 2287 3366 αμ
2296 3285 2363 3366 ’.)
2398 3291 2750 3351 594—600.

426 3376 547 3435 604
593 3368 725 3452 (sed
787 3379 1022 3434 servato
1070 3378 1209 3448 607,
1270 3393 1447 3450 quem
1491 3394 1601 3450 ego
1646 3371 2028 3453 reieceram);
2095 3378 2223 3433 tum
2282 3379 2514 3434 totum
2558 3375 2751 3435 locum

425 3462 497 3519 de
561 3459 820 3532 Aetolis,
891 3460 1308 3531 Cretensibus,
1376 3459 1655 3532 Rhodiis,
1723 3459 1994 3536 Symaeis
2067 3460 2398 3536 ceterisque
2464 3460 2752 3520 insulanis

426 3545 788 3619 638—-6803
836 3548 1135 3619 postremo
1161 3545 1491 3602 721--737
1524 3548 1588 3602 ct
1618 3546 1759 3602 752.
1787 3546 2136 3616 756-759,
2169 3548 2239 3602 ut
2266 3548 2503 3604 tantum
2537 3545 2753 3621 viginti

425 3635 557 3689 octo
591 3627 733 3703 (non
765 3630 1054 3704 septeml)
1099 3628 1382 3704 strophae
1411 3634 1774 3690 remaneant.
1848 3630 1919 3687 In
1962 3629 2055 3688 his
2102 3629 2219 3687 alia
2261 3634 2321 3688 et
2364 3630 2653 3706 sagaciter
2695 3633 2753 3687 et

424 3712 818 3791 probabiliter
871 3714 1177 3789 disputata
1230 3715 1400 3784 sunt,
1457 3714 1574 3771 alia
1627 3733 1721 3772 me
1774 3714 2073 3773 hominem
2140 3715 2400 3773 novandi
2467 3714 2746 3790 cupidum

424 3817 659 3859 servare
714 3818 890 3873 quam
945 3799 1138 3857 delere
1194 3798 1371 3856 malle
1414 3798 1675 3874 gaudeo,
1733 3800 1805 3857 de
1848 3799 1980 3857 aliis
2025 3798 2283 3857 dubitari
2327 3802 2545 3875 potest.
2635 3798 2751 3857 Sed

424 3887 703 3944 ultimum
769 3884 840 3942 de
892 3884 983 3943 his
1035 3883 1318 3942 iudicium
1376 3901 1496 3941 non
1552 3883 1727 3943 aliter
1779 3884 2151 3960 pronuntiari
2211 3884 2432 3958 poterit
2485 3885 2598 3943 nisi
2647 3883 2750 3942 ob-

426 3967 780 4028 scurissimis
825 3968 1274 4043 antiquissimae
1318 3969 1717 4043 geographiae
1760 3968 2103 4027 nominibus
2144 3968 2594 4044 rationibusque
2624 3987 2752 4043 per·

427 4052 726 4122 tractatis,
773 4054 867 4112 cui
912 4054 996 4112 rei
1042 4055 1325 4128 imparem
1371 4072 1465 4110 me
1510 4062 1573 4111 et
1615 4073 1771 4113 nunc
1815 4073 1942 4113 esse
1987 4056 2049 4111 et
2093 4072 2323 4129 semper
2367 4055 2491 4112 fore
2536 4054 2747 4125 senti0,

428 4139 531 4213 qui
585 4136 730 4197 satis
785 4138 1059 4211 habeam,
1118 4139 1168 4196 si
1225 4136 1498 4196 doctrina
1553 4139 1853 4214 strophica
1906 4140 2202 4198 communi
2260 4139 2567 4197 doctorum
2625 4156 2750 4213 per·

429 4224 703 4281 suasione
748 4224 1183 4298 comprobetur,
1230 4222 1303 4280 de
1333 4223 1511 4281 variis
1542 4223 1805 4282 eiusdem
1835 4224 2217 4299 adplicandae
2263 4222 2454 4282 modis
2499 4242 2754 4283 securus.

427 4307 638 4382 Itaque
709 4308 827 4365 ista
883 4308 1120 4382 quidem
1181 4307 1595 4367 reconditioris
1660 4307 2013 4367 eruditionis
2078 4308 2508 4368 amantioribus
2575 4311 2752 4382 atque

426 4391 968 4468 paradoxographis
1010 4393 1305 4467 relinquo.
1382 4392 1595 4467 Neque
1636 4393 1794 4451 enim
1839 4412 2044 4452 omnes
2077 4394 2274 4452 omnia
2302 4412 2621 4468 possumus
2651 4395 2756 4450 aut

430 4509 505 4520 ·—
556 4477 859 4539 volumus!
