3132 5129
1264 369 1724 433 -219—

492 526 594 586 33.
637 517 795 585 θαῖλε
836 524 950 605 γὰρ
992 520 1188 598 πόθος
1233 520 1413 605 ὑγρός
1442 528 1644 604 vulgo·
1712 527 1977 587 Nimium
2008 530 2309 603 patienter
2339 533 2660 605 utrumque

319 616 441 670 tam
500 611 602 669 diu
658 612 996 672 tolerarunt
1050 613 1440 688 interpretes;
1511 630 1619 671 nec
1674 612 1874 671 defore
1929 613 2218 689 arbitror,
2279 616 2380 689 qui
2436 614 2659 673 diutius

321 697 506 755 etiam
555 696 936 756 tolerandum
980 698 1324 757 existiment
1364 698 1561 757 nescio
1596 717 1744 773 quas
1773 697 2075 756 machinas
2102 700 2517 776 excogitaturi.
2564 697 2656 758 Cf.

322 780 541 858 fragm.
589 780 734 840 Hes.
788 783 906 840 113
952 780 1179 841 Goettl.
1231 778 1343 862 [ed.
1389 782 1493 841 alt.
1540 807 1624 830 =
1675 783 1793 841 123
1840 780 2195 862 Marcksch]

624 894 823 968 δεινὸς
864 895 977 976 γάρ
1018 920 1126 976 μιν
1169 896 1389 979 ἔτειρεν
1431 896 1581 977 ἔρως
1628 898 2016 975 Πανοπηίδος
2064 898 2312 979 Αἴγλης.

490 1035 592 1095 34.
637 1056 848 1113 νυμφῃ
891 1030 1246 1117 ἑϋπλοκάμῳ
1292 1038 1505 1112 vulgo,
1550 1036 1710 1112 quod
1755 1038 1804 1095 si
1849 1056 2057 1097 verum
2101 1041 2219 1113 est,
2272 1057 2392 1098 non
2435 1041 2661 1115 poterit

319 1116 560 1194 νύμφα,
607 1119 1104 1196 quemadmodum
1135 1121 1388 1197 putabat
1414 1121 1707 1199 Ilgenius,
1753 1140 1863 1197 pro
1908 1122 2081 1182 filia
2123 1124 2340 1198 accipi,
2387 1124 2488 1182 sed
2519 1128 2655 1200 post

320 1201 601 1279 Δρύοπος
660 1204 948 1279 quaedam
1001 1206 1287 1265 excidisse
1343 1206 1722 1265 statuendum
1780 1211 1900 1282 est,
1957 1207 2170 1283 quibus
2228 1211 2292 1267 et
2347 1210 2535 1284 patris
2589 1213 2652 1267 et

316 1289 549 1364 puellae
590 1308 684 1348 res
717 1320 796 1331 —-
828 1290 1002 1350 huius
1047 1289 1287 1366 quidem
1331 1291 1478 1351 adeo
1522 1309 1744 1352 nomen
1787 1291 2188 1352 desideramus
2219 1323 2299 1333 —
2330 1294 2661 1351 accuratius

315 1373 750 1433 indicabantur.
836 1374 984 1433 Mihi
1028 1378 1227 1434 tamen
1270 1376 1639 1452 probabilius
1681 1375 1922 1436 videtur
1972 1394 2047 1434 ne
2090 1379 2362 1434 nostrum
2420 1377 2660 1452 quidem

317 1458 395 1516 de
448 1458 558 1518 hac
613 1457 794 1517 Panis
848 1460 1078 1536 origine
1134 1460 1279 1520 alias
1334 1480 1577 1537 prorsus
1631 1462 1839 1537 ignota
1892 1461 2064 1536 plura
2117 1462 2392 1537 scivisse,
2454 1462 2658 1536 itaque

314 1561 426 1617 pro
484 1538 673 1622 κούρῃ
731 1538 1080 1624 ἐυπλοκάμῳ
1134 1545 1390 1605 librariis
1443 1549 1653 1604 notum
1718 1545 1869 1603 illud
1926 1540 2135 1626 νύμφῃ
2191 1540 2538 1626 ἐυπλοκάμῳ
2596 1547 2660 1604 in

314 1630 579 1687 mentem
623 1647 980 1703 manumque
1028 1630 1277 1690 venisse.

487 1714 590 1771 37.
634 1712 770 1771 Non
815 1716 962 1789 puto
1008 1705 1396 1790 φιλόκροτον,
1444 1714 1605 1791 quod
1650 1716 1781 1791 quis
1828 1715 2160 1790 coniecerit,
2207 1735 2277 1775 ex
2320 1734 2378 1774 v.
2406 1715 2442 1771 2
2488 1717 2656 1775 resti·

316 1797 611 1856 tuendum
656 1816 800 1857 esse.
874 1797 1011 1859 Non
1057 1799 1250 1858 solum
1294 1800 1566 1860 variandi
1611 1801 1805 1876 gratia
1848 1800 1951 1860 sed
1997 1801 2174 1859 etiam
2220 1800 2657 1876 oppositionem

313 1882 618 1957 quandam
660 1900 793 1941 cum
838 1871 1255 1960 ἡδυγέλωτα,
1317 1903 1436 1961 quo
1482 1886 1635 1944 risus
1680 1883 2017 1960 „qualitas“
2072 1885 2402 1961 iudicatur,
2462 1888 2658 1960 capta-

316 1971 492 2025 turus
537 1963 934 2042 πολύκροτον
977 1969 1217 2045 scripsit
1259 1970 1607 2045 strepitus,
1613 1969 2069 2066 ‚quantitatem‘
2115 1970 2422 2029 denotans.

490 2051 591 2110 38.
638 2048 827 2109 παῖδα
871 2050 1094 2130 τιθήνη
1138 2053 1339 2131 vulgo.
1429 2053 1545 2113 Sed
1602 2055 1700 2113 vix
1753 2054 2037 2113 credibile
2095 2060 2332 2130 praeter
2384 2057 2654 2129 matrem,

319 2155 475 2211 quae
521 2137 761 2196 omnino
807 2137 1057 2198 35—38
1103 2157 1177 2197 ne
1222 2140 1565 2210 nominatur
1594 2138 1835 2214 quidem
1866 2137 1967 2197 sed
1998 2142 2230 2198 tantum
2261 2139 2654 2215 intellegitur,

316 2220 417 2280 hic
463 2224 589 2279 tam
637 2220 833 2282 obiter
873 2222 1053 2281 etiam
1097 2224 1386 2282 nutricem
1428 2226 1811 2283 memoratam
1858 2241 2004 2283 esse.
2061 2221 2430 2282 Vocabulum
2462 2242 2657 2281 rarum

313 2305 420 2364 sed
467 2306 582 2363 rite
624 2306 950 2365 formatum
993 2298 1291 2381 ἇτίθηνον
1334 2308 1516 2366 etiam
1560 2309 1623 2367 in
1668 2308 1929 2366 Maneth.
1974 2306 2077 2383 IV,
2126 2308 2248 2366 368
2295 2308 2516 2365 inveni.

494 2391 597 2449 40.
645 2386 705 2461 ἐς
750 2385 910 2490 χέρα
930 2393 1126 2467 θῆκεν
1170 2393 1372 2469 vulg0,
1419 2392 1581 2468 quod
1625 2411 1764 2452 cave
1807 2353 2162 2451 mutand’um
2208 2410 2449 2451 censeas
2491 2392 2556 2450 in
2601 2386 2660 2461 ἐς

317 2468 448 2550 χέρ’
494 2495 696 2553 αειρεν
737 2475 833 2536 vel
875 2467 1116 2552 ἀνῆκεν.

485 2560 613 2620 Iam
643 2560 897 2638 singulis
926 2562 1309 2636 pertractatis
1354 2563 1557 2637 restat,
1605 2564 1673 2621 ut
1715 2561 1978 2622 breviter
2014 2562 2087 2621 de
2130 2563 2257 2621 toto
2301 2561 2524 2638 hymno
2570 2561 2660 2620 di·

317 2648 520 2720 catur,
585 2664 763 2722 quem
819 2646 962 2706 olim
1018 2646 1426 2707 Groddeckius
1484 2666 1554 2705 ex
1611 2647 1865 2706 duorum
1922 2646 2273 2724 fragmentis
2329 2648 2659 2706 carminum

316 2729 476 2790 male
521 2733 833 2790 consutum
879 2732 1161 2808 putabat,
1207 2751 1459 2807 quorum
1502 2732 1668 2807 prius
1718 2733 1920 2791 1—27
1967 2732 2041 2792 de
2083 2731 2263 2805 Panis
2309 2732 2433 2791 vita
2477 2737 2656 2806 atque

318 2834 453 2875 cum
499 2814 797 2891 Nymphis
844 2817 1298 2890 consuetudine,
1344 2817 1603 2875 alterum
1650 2817 1897 2875 28—47
1933 2817 2005 2875 de
2049 2816 2312 2875 eiusdem
2355 2816 2658 2875 natalibus

314 2903 543 2977 ageret.
606 2898 889 2960 Rationes
918 2902 1045 2961 eius
1074 2920 1360 2976 perquam
1404 2900 1568 2960 leves
1600 2900 1738 2960 vide
1782 2901 1939 2976 apud
1984 2901 2278 2978 Ilgenium
2324 2921 2379 2976 p.
2402 2902 2525 2960 573
2550 2919 2655 2976 sq„

314 2986 419 3060 qui
465 3003 563 3043 eas
607 2984 843 3059 quidem
887 2989 1044 3045 recte
1086 2984 1406 3060 refutavit,
1453 2988 1754 3062 egregiam
1800 2989 2001 3045 tamen
2046 2986 2323 3045 carminis
2368 2986 2657 3083 comp-osi-

315 3071 541 3129 tionem
583 3087 691 3128 nec
734 3069 859 3145 ipse
901 3071 1273 3145 perspexisse
1304 3069 1557 3132 videtur.
1625 3069 1877 3129 Constat
1921 3071 2079 3129 enim
2118 3073 2259 3145 post
2285 3071 2656 3146 prooemium

314 3173 371 3216 v.
407 3156 522 3211 1—
455 3154 588 3227 —7,
636 3172 752 3229 quo
784 3153 963 3213 Panis
1005 3158 1183 3232 atque
1213 3154 1624 3232 Nympharum
1672 3158 1883 3213 natura
1926 3158 2103 3232 atque
2133 3155 2495 3214 consuetudo
2525 3155 2657 3214 bre-

315 3238 476 3320 viter
530 3237 887 3315 illustratur,
956 3239 1184 3298 duabus
1237 3241 1536 3316 partibus,
1606 3259 1859 3316 quarum
1925 3239 2120 3316 priore
2179 3245 2239 3298 et
2294 3241 2419 3299 vita
2476 3239 2655 3298 Panis

318 3323 584 3382 diurna
627 3323 687 3382 in
731 3324 1039 3384 montibus
1083 3325 1315 3401 agitata
1344 3325 1692 3401 singulatim
1723 3324 2085 3384 describitur
2124 3355 2192 3367 —
2226 3326 2448 3400 quippe
2478 3343 2655 3399 rupes

315 3407 642 3485 perlustrat
692 3413 800 3467 aut
853 3428 962 3485 pro
1016 3409 1197 3469 libitu
1253 3411 1520 3485 spatians
1577 3405 1641 3485 (8
1667 3407 1816 3485 sq.),
1883 3412 1990 3469 aut
2044 3427 2185 3468 oves
2242 3409 2654 3484 speculaturus

316 3493 435 3571 (10
455 3488 601 3572 sq.),
657 3495 763 3551 aut
819 3494 1076 3570 denique
1120 3514 1343 3555 venans
1388 3494 1662 3569 ferasque
1707 3493 2069 3554 interficiens
2117 3488 2428 3570 (12—14)
2480 3526 2548 3534 —
2599 3496 2662 3551 et

316 3578 752 3653 vespertina
799 3581 1145 3638 concinente
1203 3578 1459 3639 luscinia
1512 3597 1685 3637 musa
1731 3574 2042 3656 (14—18)
2103 3580 2285 3654 atque
2347 3577 2662 3637 coniuncta

317 3680 454 3721 cum
496 3661 792 3739 Nymphis
836 3665 1210 3724 cantantibus
1253 3665 1493 3724 saltatio
1540 3658 1850 3743 (19—27)
1881 3663 2079 3723 vivide
2124 3662 2487 3738 depingitur.
2551 3662 2658 3720 Al-

315 3750 450 3806 tera
493 3765 635 3821 pars
681 3747 1036 3823 cantilenae,
1093 3767 1211 3823 qua
1262 3767 1403 3825 prae
1449 3749 1662 3808 ceteris
1706 3748 1813 3807 Dis
1857 3748 2037 3809 Panis
2080 3747 2354 3807 natalitia
2397 3766 2433 3804 a
2473 3745 2659 3822 Nym-

318 3831 456 3906 phis
511 3831 912 3907 celebrantur,
975 3836 1393 3909 argumentum
1446 3832 1622 3892 nobis
1679 3833 1982 3909 proponit.
2083 3831 2403 3891 Artissime
2462 3833 2660 3890 autem

318 3915 593 3993 singulae
637 3921 833 3992 partes
878 3916 1224 3976 cohaerent:
1273 3919 1308 3976 7
1356 3920 1418 3975 et
1461 3918 1521 3979 8.
1572 3917 1679 3993 14,
1725 3921 2026 3994 postremo
2073 3918 2150 3976 27
2198 3919 2262 3976 et
2306 3917 2405 3977 28.

488 3999 852 4078 Transgredi
895 4000 1012 4060 iam
1058 4003 1254 4077 placet
1295 4002 1370 4060 ad
1414 4001 1705 4077 hymnum
1754 4001 1899 4077 VII,
1945 4020 2061 4077 quo
2105 4002 2382 4063 Bacchi
2426 4001 2532 4059 illa
2574 4004 2660 4057 at·

321 4104 436 4161 que
483 4083 1103 4163 Tyrrhenorum,
1109 4085 1500 4163 ,adventura“
1545 4090 1843 4146 narratur.
1931 4086 2047 4146 Hic
2092 4105 2328 4163 quoque
2369 4083 2660 4160 quaedam

318 4174 524 4246 aperte
567 4173 854 4246 corrupta
897 4174 1055 4230 sunt.

487 4253 670 4314 Initio
717 4253 930 4315 Bacchi
972 4255 1136 4314 litori
1180 4254 1474 4316 adstantis
1517 4255 1756 4315 habitus
1801 4254 2189 4315 describitur.
2236 4249 2445 4333 νεηνίῃ
2486 4242 2662 4328 ἆνδρὶ

317 4334 556 4414 ἐοικώς,
596 4334 608 4418 Ι
646 4336 971 4420 πρωθήβῃ.
1039 4339 1192 4400 Huic
1234 4359 1354 4400 non
1400 4340 1681 4400 convenit
1710 4359 1766 4399 v.
1791 4342 1828 4398 5
1877 4345 2070 4416 φᾶρος
2114 4331 2182 4396 δὲ
2225 4333 2359 4418 περὶ
2405 4337 2661 4415 στιβα·

319 4427 481 4502 ροῖς
528 4419 664 4501 ἔχεν
712 4445 930 4501 ωμοις,
989 4424 1148 4501 quod
1203 4427 1263 4484 et
1317 4425 1583 4485 Eumaeo
1639 4424 1919 4484 convenit
1964 4423 2149 4498 §528
2208 4427 2270 4485 et
2316 4423 2663 4484 Telemacho

2700 2060 2763 2107 10
