3132 5129
382 4395 414 4440 5

1408 406 1860 469 -548-

469 550 1059 637 cusativovpersonae
1104 563 1481 638 iungeretur,
1529 582 1676 637 quae
1722 562 1968 622 alterius
2013 580 2191 636 opera
2238 580 2306 619 ex
2349 562 2466 619 alio
2512 563 2574 620 in
2619 562 2798 620 alium

466 648 663 707 locum
722 646 1174 722 transferretur,
1231 650 1468 722 poterat
1523 648 1584 705 id
1644 648 1884 722 quidem
1940 647 2011 704 de
2069 647 2361 720 portitore
2421 646 2536 704 dici
2593 647 2798 705 Ionem

470 752 690 807 „super
732 732 853 791 alta
899 732 1071 790 celeri
1117 735 1246 790 rate
1275 732 1502 790 maria“
1547 733 1885 806 traiciente,
1932 750 2040 790 nec
2083 750 2222 789 vero
2255 732 2327 790 de
2359 734 2552 790 oestro
2585 732 2797 789 stimu-

468 818 542 875 lis
590 835 717 875 eam
761 817 1073 892 incitante,
1137 821 1206 874 ut
1251 818 1379 892 ipsa
1422 817 1639 875 fretum
1688 820 2044 876 transnaret.
2121 816 2216 873 Ita
2277 836 2393 875 una
2448 819 2636 874 restat
2679 836 2801 874 cer-

467 902 700 961 tissima
748 902 1043 961 Erfurdtii
1089 902 1426 960 emendatio
1472 898 1823 979 διεπέρασεν
1861 894 2050 970 Ἰοῦς
2094 901 2213 958 iam
2260 919 2294 958 a
2341 901 2606 959 Seidlero
2653 901 2800 959 Her-

466 1005 684 1045 manno
739 986 1049 1045 Dindorfio
1115 987 1428 1063 Hartungo
1494 990 1757 1063 recepta,
1829 1006 2004 1062 quam
2059 1006 2095 1044 a
2148 985 2515 1044 Kirchhoffio
2584 987 2647 1045 in
2694 979 2801 1042 Ἰώ

468 1072 764 1130 detortam
808 1091 935 1132 esse
979 1072 1233 1130 mireris·

634 1157 865 1216 Deinde
911 1177 968 1215 v.
1019 1158 1139 1215 399
1186 1156 1629 1215 insolentiorem
1678 1157 1930 1215 formam
1974 1151 2375 1230 δονακόχλοα,
2422 1175 2596 1230 quam
2642 1156 2797 1213 Mus·

464 1242 708 1317 gravius
753 1261 824 1300 ex
867 1241 1165 1300 Nicandro
1213 1241 1387 1299 Ther.
1439 1244 1559 1301 676
1606 1238 1814 1318 ἔγχλοα
1859 1238 2078 1314 φλοιόν
2123 1245 2184 1299 et
2214 1242 2336 1300 885
2383 1237 2587 1318 ἔγχλοα
2631 1238 2801 1317 ρ”ίζαν

467 1327 790 1400 adstruxit,
850 1345 982 1386 cum
1028 1326 1313 1385 Elmsleio
1372 1328 1433 1384 in
1481 1331 1825 1386 consuetam
1888 1321 2323 1401 δονακόχλοον
2378 1345 2448 1383 eo
2506 1326 2799 1385 confiden-

467 1412 587 1469 tius
633 1412 985 1470 mutandum
1018 1431 1174 1486 esse,
1222 1413 1501 1487 quoniam
1534 1413 1781 1471 eandem
1812 1414 2087 1471 accurata
2115 1411 2525 1486 antistrophae
2557 1430 2800 1485 respon-

466 1497 555 1555 sio
599 1496 765 1556 reddi
812 1496 926 1556 sibi
972 1497 1265 1571 postulet,
1325 1500 1482 1555 recte
1526 1498 1643 1555 iam
1692 1497 2034 1557 observavit
2076 1496 2449 1573 Hartungus.
2523 1496 2647 1555 Nec
2691 1495 2800 1553 hoc

464 1600 604 1657 nec,
651 1582 810 1656 quod
859 1581 1073 1640 deinde
1118 1582 1373 1641 eundem
1415 1581 1768 1642 Elmsleium
1827 1583 2090 1657 aliosque
2135 1585 2370 1641 secutus
2430 1577 2586 1638 ἔνθα
2630 1599 2797 1638 κου-

467 1686 551 1745 ρα
590 1663 600 1744 Ι
643 1662 784 1723 Δία
840 1661 1024 1743 τέγγει
1073 1668 1084 1739 1
1132 1661 1374 1742 βωμοὺς
1435 1662 1535 1723 καὶ
1591 1665 1934 1744 περικίονας
1985 1668 1993 1742 Ι
2046 1662 2273 1736 ναοὺς
2331 1657 2506 1741 αἷμα
2533 1662 2804 1745 βρότειον

467 1751 711 1824 scripsi,
761 1770 1120 1826 quemquam
1164 1751 1644 1827 improbaturum
1684 1752 1961 1811 arbitror.

636 1835 922 1894 Primae
968 1836 1491 1912 antistrophae
1537 1838 1777 1896 initium
1822 1838 2004 1914 vulgo
2051 1840 2137 1896 sic
2179 1838 2409 1897 editur:

871 1944 911 2029 ἦ
957 1952 1189 2031 ῥοθίοις
1234 1954 1550 2025 εἰλατίναις
1596 1952 1924 2034 δικρότοισι
1970 1950 2197 2026 κώπαις

876 2035 1166 2098 ἔπλευσαν
1210 2035 1304 2099 ἐπὶ
1349 2033 1560 2098 πόντια
1605 2037 1837 2118 κύματα

870 2120 1043 2182 νάιον
1087 2119 1281 2201 ὄχημα
1326 2122 1733 2204 λινοπόροισιν
1775 2122 2024 2205 αὔραις,

468 2261 790 2319 levioribus
835 2262 1067 2321 mendis
1114 2262 1425 2337 abstersis,
1472 2281 1608 2320 cum
1632 2262 1912 2322 ‘in-libris
1957 2255 2000 2335 ἦ
2034 2294 2107 2303 -
2144 2259 2501 2331 εἰλατίνοις
2537 2294 2608 2302 -
2644 2264 2795 2319 λινο-

468 2339 722 2417 πόροις
768 2346 1020 2423 legatur.
1100 2347 1217 2406 Sed
1264 2347 1335 2405 de
1381 2348 1758 2424 gravioribus
1806 2348 1994 2406 adhuc
2025 2348 2136 2406 sub
2169 2347 2361 2405 iudice
2404 2347 2478 2406 lis
2524 2350 2635 2406 est.
2713 2348 2800 2405 Ac

466 2432 724 2505 primum
780 2432 1020 2506 quidem
1065 2432 1193 2491 iure
1251 2433 1371 2490 iam
1414 2434 1641 2508 priores
1698 2434 1952 2492 editores
2010 2434 2070 2490 in
2128 2433 2231 2490 illo
2287 2428 2577 2489 ἔπλευσαν
2631 2424 2802 2489 νάιον

465 2511 656 2593 ὄχημα
702 2517 1105 2594 offenderunt,
1152 2518 1309 2594 quod
1356 2517 1582 2576 frustra
1626 2517 1941 2577 defendere
1985 2517 2344 2577 studuerunt
2389 2517 2798 2595 detorquendo

464 2604 571 2659 aut
613 2603 780 2661 verbi
836 2598 1129 2661 ἔπλευσαν
1185 2607 1287 2660 aut
1330 2606 1589 2662 nominis
1644 2598 1837 2680 ὄχημα
1892 2604 2215 2663 notionem.
2301 2602 2383 2661 Et
2436 2604 2601 2661 illam
2661 2622 2799 2661 sane

465 2686 786 2763 rationem,
831 2707 950 2762 qua
993 2688 1266 2747 Reiskius
1313 2688 1455 2747 olim
1502 2684 1800 2748 ἔπλευσαν
1855 2707 1964 2763 pro
2023 2690 2193 2745 πλεῖν
2240 2682 2527 2763 ἐποίησαν
2572 2689 2800 2763 accepit

466 2769 574 2828 hoc
619 2789 794 2830 sensu
840 2772 967 2847 „in
1014 2791 1309 2832 cursum
1354 2774 1696 2833 navalem
1745 2772 2212 2850 adegerunt“
2218 2818 2233 2848 ,
2279 2792 2452 2832 nemo
2498 2774 2797 2848 probavit,

466 2855 791 2914 Hermanni
837 2876 976 2916 vero
1021 2858 1364 2933 opinionem
1420 2849 1608 2935 ὄχημα
1669 2860 2085 2918 vectionem
2144 2858 2478 2934 significare
2534 2859 2802 2933 putantis

467 2940 763 3016 integram
810 2942 1052 3017 repetiit
1096 2942 1447 3016 SchoeniuS,
1496 2945 1812 3003 verborum
1842 2943 2197 3020 ambagibus
2229 2943 2538 3017 paululum
2584 2945 2797 3001 immu-

464 3026 650 3083 tatam
695 3028 944 3085 retinuit
987 3028 1257 3087 Klotzius
1317 3024 1510 3104 ὄχημα
1553 3026 1728 3087 νοὶιον
1771 3048 1891 3088 non
1946 3029 2187 3104 quidem
2241 3029 2456 3103 „plane
2514 3030 2797 3088 vectio-

464 3107 1008 3187 nem'denotare‘ss
1056 3112 1159 3172 sed
1208 3114 1308 3187 „vi
1354 3131 1420 3171 ac
1465 3116 1763 3187 potestate
1808 3115 1893 3172 ita
1940 3114 2213 3172 accedere
2260 3113 2334 3171 ad
2378 3131 2592 3173 nomen
2637 3133 2798 3173 vec-

468 3195 712 3272 turae,
761 3200 827 3255 ut
870 3197 992 3255 fere
1037 3198 1224 3273 ipsam
1269 3199 1591 3274 navigandi
1639 3200 1928 3258 actionem
1962 3198 2243 3257 denotare
2288 3198 2599 3256 videatur“
2646 3199 2800 3257 miro

467 3280 725 3354 quodam
770 3283 1038 3341 acumine
1097 3283 1539 3360 demonstrans,
1601 3285 1695 3344 cui
1753 3283 2155 3360 intellegendo
2200 3284 2488 3358 imparem
2533 3304 2626 3342 mc
2672 3303 2801 3343 esse

463 3365 722 3442 ingenue
753 3366 963 3426 fateor.
1010 3367 1191 3428 Recte
1222 3369 1408 3445 igitur
1436 3368 1543 3428 has
1575 3371 1871 3428 machinas
1904 3369 2128 3443 sprevit
2158 3366 2408 3427 Kviftala
2438 3389 2496 3445 p.
2534 3370 2658 3426 240
2683 3389 2797 3445 sq.,

468 3451 569 3524 qui
616 3455 821 3511 tamen
863 3453 1113 3512 meliora
1155 3454 1282 3529 ipse
1328 3453 1534 3512 afferre
1565 3474 1683 3513 non
1729 3455 1955 3530 potuit:
2006 3454 2137 3529 quis
2168 3454 2329 3512 enim
2361 3473 2491 3512 cum
2526 3473 2593 3513 eo
2626 3451 2803 3512 νάιον

465 3531 655 3612 ὄχημα
701 3540 806 3596 aut
845 3557 954 3614 pro
999 3540 1369 3614 appositione
1424 3539 1643 3598 habeat
1698 3539 1951 3597 subiecti
1996 3538 2176 3597 verbo
2236 3534 2532 3597 ἔπλευσαν
2586 3540 2799 3599 inclusi

463 3624 570 3681 aut
612 3622 688 3680 ad
732 3624 927 3698 ipsum
976 3623 1224 3682 subiecti
1269 3624 1520 3700 gradum
1568 3625 1772 3683 efferat
1815 3623 2128 3683 scribendo
2161 3618 2481 3681 ἔπλευσεν
2525 3625 2620 3684 vel
2650 3624 2797 3683 adeo

463 3700 723 3764 ἔπλευσ’
779 3699 888 3782 ἄρ’
912 3750 929 3783 ,
987 3709 1060 3767 ad
1121 3708 1279 3783 quod
1335 3709 1666 3769 subiectum
1724 3710 1975 3784 pluralis
2034 3704 2316 3780 αυξοντες
2373 3713 2441 3768 ut
2496 3710 2798 3784 appositio

461 3792 801 3868 pertineat?
861 3794 1044 3865 Quale
1106 3796 1217 3853 hoc
1261 3794 1390 3852 loco
1437 3795 1686 3853 verbum
1731 3793 2129 3869 desideretur,
2188 3795 2494 3869 perspexit
2554 3793 2797 3853 Guiliel-

464 3895 596 3935 mus
652 3878 1024 3953 Dindorfius,
1083 3879 1185 3954 qui
1253 3875 1638 3954 πόρευσαν
1701 3879 2081 3939 scribendum
2138 3897 2264 3937 esse
2322 3880 2581 3955 censuit,
2638 3879 2797 3954 quod

464 3981 821 4037 quamquam
877 3967 939 4022 et
991 3965 1123 4038 ipse
1179 3963 1320 4022 olim
1375 3964 1522 4023 mihi
1586 3965 1895 4039 adnotavi,
1961 3982 2118 4022 nunc
2177 3967 2375 4022 tamen
2428 3984 2550 4023 non
2605 3964 2797 4039 magis

462 4047 687 4123 placet,
754 4067 932 4123 quam
1001 4048 1160 4124 quod
1226 4048 1754 4109 Rauchensteinius
1822 4069 1882 4125 p.
1940 4047 2090 4106 VIII
2164 4067 2494 4124 proponere
2560 4049 2798 4107 videtur

464 4127 823 4191 ἔστειλαν.
902 4133 1120 4192 Contra
1173 4133 1244 4191 ab
1292 4136 1451 4192 omni
1507 4138 1679 4210 parte
1724 4133 2124 4194 commendari
2175 4133 2486 4193 videbatur
2529 4133 2793 4192 eiusdem

465 4211 837 4293 ἔπεμψαν,
895 4219 1057 4293 quod
1102 4218 1258 4276 idem
1291 4224 1493 4293 postea
1535 4219 1770 4279 invenit
1814 4219 2214 4295 privatimque
2259 4237 2489 4277 mecum
2535 4237 2795 4277 commu-

463 4302 701 4361 nicavit.
777 4303 987 4377 Itaque
1031 4305 1240 4378 recepi.

627 4387 836 4447 Restat
879 4390 940 4446 in
971 4388 1084 4447 hoc
1115 4389 1379 4448 membro
1422 4389 1783 4449 adiectivum
1826 4384 2291 4464 λινοπόροις,
2336 4389 2491 4464 quod
2538 4389 2608 4447 de
2656 4408 2795 4447 ven-

465 4471 544 4529 tis
576 4472 740 4530 vela
785 4473 1364 4532 transeuntibus
1396 4475 1490 4533 vel
1536 4474 2013 4533 intrantibus
2057 4475 2262 4548 itaque
2306 4473 2803 4549 promoventibus
