3132 5129
1412 361 1870 425 —560—

474 521 738 579 fatum.
843 520 958 579 Sed
1029 521 1080 577 ei
1145 518 1473 577 sententiae
1538 518 1834 594 quomodo
1893 518 2010 576 duo
2063 519 2168 577 illa
2225 519 2409 578 verba
2463 514 2809 595 μεταβάλλει

477 602 869 679 δυσδαιμονία
926 604 1262 679 adaptanda
1316 603 1467 678 sint,
1533 603 1827 662 incertum
1894 607 2003 662 est.
2114 603 2387 678 Plerique
2454 605 2810 679 interpretes

473 692 623 750 alios
679 690 887 748 similis
946 690 1272 748 sententiae
1324 688 1486 747 locos
1541 689 1941 764 adduxerunt,
2008 707 2262 764 quorum
2328 708 2444 764 ope
2501 709 2571 747 ea
2627 689 2808 747 verba

473 775 876 834 emendarent.
963 775 1057 833 Ita
1099 774 1476 832 Hermannus
1520 792 1592 832 ex
1637 772 1812 832 Herc.
1860 773 1975 832 fur.
2028 775 2185 832 1291
2221 793 2308 850 sq.

882 871 1223 955 κεκλημένῳ
1270 870 1333 932 δὲ
1377 871 1527 949 φωτὶ
1570 871 1841 955 μακαρίῳ
1884 870 2028 932 ποτὲ

878 961 948 1020 αἰ
982 955 1387 1038 μεταβολαὶ
1431 955 1795 1033 λυπηρόν·
1843 950 1895 1041 ᾧ
1938 955 1997 1016 δ’
2045 954 2138 1017 ἀεὶ
2187 959 2387 1029 κακῶς

880 1041 1025 1123 ἔστ’,
1071 1041 1251 1104 οὐδὲν
1292 1038 1464 1122 ἀλγεῖ
1501 1044 1801 1123 συγγενῶς
1844 1037 2133 1121 δύστηνος
2183 1038 2298 1121 ὥν,

477 1152 611 1225 post
665 1149 1065 1226 Lentingium
1118 1141 1466 1223 μεταβάλλει
1520 1138 1583 1203 δ’
1645 1135 2090 1223 εὐδαιμονία
2155 1148 2423 1223 scripsit,
2490 1148 2649 1223 quod
2712 1148 2810 1208 vix

475 1236 673 1294 minus
717 1235 1039 1310 abruptum
1084 1236 1174 1291 est
1203 1232 1449 1309 vulgato
1495 1251 1602 1291 nec
1647 1252 1682 1291 a
1725 1233 2021 1292 sententia
2063 1234 2247 1291 ullam
2293 1233 2473 1292 habet
2519 1252 2810 1292 commen-

477 1321 809 1394 dationem,
869 1322 955 1378 ita
1009 1322 1078 1377 ut
1121 1319 1346 1376 frustra
1390 1318 1469 1376 sit
1512 1316 1793 1376 Schoenii
1841 1337 1961 1377 non
2004 1322 2127 1377 tam
2171 1319 2481 1394 perspicua
2526 1320 2811 1394 interpre-

475 1407 624 1464 tatio
680 1424 858 1480 quam
916 1404 1166 1462 obscura
1222 1403 1546 1461 excusatio:
1605 1403 1821 1473 „Diese
1875 1403 2069 1463 Worte
2122 1405 2292 1463 lciten
2335 1405 2449 1461 den
2493 1400 2814 1478 Geyensatz
2864 1415 2873 1425 ’

349 1561 362 1572 .
473 1509 550 1550 zu
577 1492 706 1549 dem
734 1490 1227 1563 vorheryehenden
1259 1488 1579 1547 Gedanken
1606 1507 1720 1546 von
1749 1490 1850 1547 der
1892 1483 2006 1563 ἄτη
2048 1484 2460 1560 διαπαντὸς
2506 1485 2812 1546 δυσδαί-

474 1595 627 1651 μων
671 1577 828 1634 οἰκί’
913 1575 1039 1632 Nec
1082 1577 1340 1649 praestat
1383 1572 1735 1632 Kirchhoffii
1781 1570 2155 1650 μεταβολὴ
2204 1572 2615 1650 δυσδαιμονία.
2691 1574 2815 1632 ΑΙίἰ

477 1661 608 1720 loco
655 1660 790 1718 Hel.
838 1660 959 1718 417
984 1677 1110 1734 sqq.

380 1747 444 1793 18
563 1776 574 1785 ·
973 1776 1047 1785 -
1138 1776 1220 1785 -
1312 1776 1382 1785 -
1476 1774 1558 1784 —-
1643 1736 1790 1800 ὅταν
1835 1736 1897 1799 δ’
1943 1733 2096 1821 ἀνὴρ

893 1824 1093 1907 πράξῃ
1134 1825 1332 1897 κακῶς
1375 1818 1643 1903 ὑψηλός,
1689 1826 1770 1898 εἰς
1811 1821 2047 1901 ἀηθίαν

881 1912 1081 1972 πίπτει
1124 1911 1312 1971 κακίω
1358 1912 1484 1970 τοῦ
1526 1908 1757 1969 πάλαι
1801 1911 2343 1990 δυσδαίμονος,

476 2018 597 2092 usi,
655 2015 996 2076 Badhamus
1050 2022 1136 2096 τᾷ
1190 2009 1417 2072 πάλαι
1474 2012 1906 2095 δυσδαιμονία,
1964 2000 2314 2092 Hartungus
2358 2011 2722 2092 σύντροφος,
2766 2003 2818 2095 ᾦ

475 2098 652 2178 μέτα
696 2093 918 2159 παλαι
963 2098 1354 2177 δυσδαιμονία
1399 2101 1792 2176 scripserunt,
1839 2120 2090 2175 quorum
2121 2102 2505 2160 inventorum
2534 2104 2815 2159 neutrum

476 2187 781 2263 probabile
826 2189 1148 2264 utrumque
1193 2190 1395 2246 tamen
1451 2186 1664 2245 melius
1709 2190 1802 2244 est
1844 2205 1945 2261 e0,
1993 2186 2152 2262 quod
2183 2185 2465 2245 Kvifxalae
2508 2206 2567 2260 p.
2602 2186 2721 2244 268
2754 2184 2819 2243 in

478 2276 734 2331 mentem
782 2274 951 2332 venit
992 2266 1164 2349 μετὰ
1211 2271 1445 2353 πολλῇ
1489 2268 1884 2351 δυσδαιμονία
1928 2271 1988 2328 h.
2037 2289 2087 2329 e.
2135 2272 2443 2340 „inmitten
2485 2272 2588 2329 der
2616 2271 2817 2329 Masso

477 2359 574 2417 des
614 2358 980 2433 Unylit'cksf‘
1010 2360 1102 2417 cui
1131 2357 1227 2419 vel
1258 2358 1563 2415 inauditus
1595 2356 2049 2432 praepositionis
2080 2375 2220 2414 usus
2252 2356 2473 2415 obstat.
2553 2354 2817 2431 Longius

477 2463 511 2501 a
552 2443 844 2502 librorum
889 2444 1182 2519 scriptura
1224 2444 1467 2501 recessit
1496 2441 2031 2500 Rauchensteinius
2059 2441 2103 2504 1.
2136 2459 2207 2515 0.,
2255 2441 2349 2500 cui
2392 2440 2591 2499 deleto
2638 2459 2815 2514 μετα-

476 2525 680 2606 βάλλει
736 2532 806 2588 ut
865 2529 1222 2606 glossemate
1274 2519 1709 2603 ἀμπνεύσας
1766 2524 2237 2603 δυσδαιμονίας
2296 2525 2673 2585 scribendum
2731 2525 2816 2584 vi-

479 2615 652 2672 detur
694 2615 803 2673 hac
849 2616 1170 2674 sententia:
1221 2632 1398 2689 „nam
1442 2613 1620 2671 rebus
1665 2612 1934 2690 angustis
1964 2613 2294 2671 innutritus
2325 2611 2648 2686 quum·sit,
2696 2630 2815 2669 non

478 2699 796 2775 affligitur,
844 2698 1001 2775 quod
1034 2702 1240 2758 contra
1268 2700 1340 2757 iis
1373 2700 1723 2774 contingere
1771 2697 1957 2773 solet,
2001 2698 2216 2773 quibus
2250 2697 2551 2756 interdum
2580 2716 2615 2754 a
2645 2695 2817 2754 malis

480 2784 771 2858 respirare
825 2782 1027 2845 licet.“
1127 2784 1372 2842 Rectam
1414 2785 1577 2843 viam
1632 2783 1934 2859 ingressus
1991 2783 2091 2842 sed
2146 2801 2265 2841 non
2320 2785 2666 2857 persecutus
2726 2784 2819 2839 est

478 2869 748 2926 Klotzius
778 2869 1014 2927 sublata
1043 2868 1520 2943 interpunctione
1553 2869 1814 2926 scribens
1854 2861 2228 2944 μεταβάλλει
2250 2889 2281 2925 ν
2309 2864 2815 2940 δυσδαιμονίαν,

437 2953 634 3028 ‘quod
680 2953 772 3011 his
797 2953 995 3012 verbis
1024 2954 1447 3027 interpretatus
1490 2958 1606 3013 est:
1652 2953 1736 3011 In
1780 2952 2379 3013 necessitatibus
2424 2953 2643 3026 enim,
2691 2950 2815 3026 qui

480 3057 620 3097 una
663 3058 819 3098 cum
871 3038 1039 3096 illis
1093 3037 1396 3096 adultus
1452 3042 1592 3113 est,
1648 3056 1789 3096 non
1849 3039 2219 3114 fatigatur
2274 3056 2535 3097 novam
2592 3055 2817 3111 usque

480 3124 987 3183 calamitatem
1034 3121 1308 3183 subire.
1378 3122 1495 3181 Ubi
1540 3141 1662 3181 non
1709 3123 1900 3181 solum
1945 3123 2247 3182 sollemnis
2293 3123 2456 3182 verbi
2502 3113 2817 3198 κάμνειν

479 3227 620 3266 usus
651 3208 752 3268 sed
783 3210 962 3268 etiam
1007 3207 1337 3268 sententiae
1382 3208 1775 3283 perspicuitas
1818 3209 2196 3284 participium
2240 3204 2658 3283 μεταβάλλων
2702 3206 2815 3264 sibi

480 3294 717 3353 restitui
772 3294 1106 3370 postulant,
1170 3295 1240 3350 ut
1297 3293 1526 3352 dicatur
1581 3294 1671 3368 is,
1729 3293 1850 3367 qui
1910 3295 1982 3351 in
2041 3294 2446 3368 perpetuis
2504 3293 2817 3350 adultus

481 3382 584 3439 sit
626 3379 989 3455 miseriis,
1035 3397 1179 3437 non
1222 3396 1304 3436 eo
1350 3377 1722 3453 laborare,
1770 3378 1964 3453 quod
2010 3397 2142 3454 pro
2189 3378 2573 3436 felicitate
2620 3376 2816 3436 cala-

482 3467 814 3524 mitatem
872 3465 1155 3525 subeat.
1242 3461 1371 3522 Hoc
1427 3464 1625 3538 ipsum
1681 3463 1837 3522 enim
1897 3465 2164 3522 omnium
2222 3463 2630 3521 tristissimum
2687 3480 2817 3521 esse

483 3554 549 3608 ut
578 3551 740 3626 aliis,
774 3569 922 3626 quos
952 3549 1127 3608 modo
1158 3547 1478 3623 adscripsi,
1510 3547 1684 3624 locis,
1716 3548 1933 3624 quibus
1959 3549 2098 3608 addi
2128 3551 2327 3625 potest
2350 3547 2561 3607 Troad.
2587 3547 2707 3606 634
2730 3565 2812 3621 sq.

885 3638 917 3708 ὃ
965 3645 1023 3708 δ’
1072 3643 1403 3726 εὐτυχήσας
1448 3648 1531 3721 εἰς
1576 3639 1642 3708 τὸ
1684 3644 1969 3750 δυστυζὲς
2014 3641 2213 3709 πεσών

884 3724 1091 3813 ψυχὴν
1132 3724 1344 3793 ἀλᾶται
1387 3741 1493 3812 τῆς
1538 3727 1789 3809 πάροιθ’
1840 3734 2193 3814 ευπραξίας,

483 3839 801 3915 Euripides
847 3837 1118 3914 pluribus
1163 3836 1391 3913 docuit,
1439 3838 1525 3896 ita
1570 3838 1714 3896 satis
1759 3839 1916 3897 clare
1961 3837 2250 3897 indicavit
2294 3837 2707 3911 sequentibus:
2752 3823 2817 3892 τὸ

484 3920 547 3982 δὲ
588 3917 715 4000 μετ’
777 3915 1057 3999 εὐτυχίαν
1110 3920 1452 3980 κακοῦσθαι
1508 3924 1758 3991 θνατοῖς
1814 3918 2006 3998 βαρύς
2062 3915 2229 3981 αἰών.
2332 3921 2451 3980 Ubi
2509 3915 2819 3997 εὐτυχίαν

485 4028 590 4085 pro
636 4010 882 4085 vulgato
938 4000 1207 4084 εὐτυχίας
1243 4007 1635 4082 ‘scribendum
1688 4027 1812 4067 esse
1871 4009 1989 4067 iam
2048 4007 2315 4083 Scaliger
2359 4007 2540 4082 vidit,
2600 4007 2691 4065 cui
2747 4025 2816 4063 ex

481 4095 848 4155 nostratibus
892 4094 1193 4153 Nauckius
1238 4093 1472 4152 demum
1520 4093 1835 4154 obsecutus
1892 4096 2014 4168 est,
2072 4112 2206 4152 cum
2261 4094 2442 4151 etiam
2492 4091 2817 4150 Schoenius

482 4181 645 4238 illam
692 4180 941 4239 formam
986 4180 1103 4237 iam
1148 4178 1224 4237 ab
1269 4179 1667 4256 ambiguitate
1710 4178 2069 4238 reiciendam
2114 4197 2222 4253 pro
2278 4177 2498 4252 plurali
2554 4176 2839 4254 haberet,-

484 4267 582 4338 qui
629 4284 738 4324 nec
782 4267 910 4340 ipse
954 4269 1091 4341 apte
1138 4264 1433 4323 diceretur
1479 4263 1551 4323 de
1598 4283 1715 4323 una
1756 4268 2160 4339 perpetuaque
2206 4262 2511 4321 felicitate.

655 4349 782 4408 Hac
815 4351 1028 4426 igitur,
1078 4370 1253 4425 qnam
1287 4350 1461 4408 modo
1492 4350 1831 4408 restitutam
1862 4349 2318 4421 illustravimuS,
2367 4345 2819 4406 ratiocinatione

485 4433 696 4492 chorus
740 4435 1042 4508 probavit,
1090 4435 1233 4507 quid
1280 4436 1359 4493 sit
1388 4435 1546 4508 quod
1579 4454 1756 4508 supra
1787 4435 1861 4493 de
1905 4453 1967 4494 se
2012 4433 2188 4493 dixit:
2236 4424 2473 4508 ζηλοῦσ’
2521 4419 2670 4488 ὅταν
2713 4423 2815 4503 διὰ
