3132 5129
1458 1115 1631 1201 XV.

729 1308 1172 1416 coniectanca
1207 1306 1282 1376 in
1320 1305 1752 1396 Apollonium
1791 1307 1860 1376 ct
1895 1280 2262 1395 Oppianum
2276 1298 2351 1400 ¹).

1196 1560 1548 1637 Apollonius
1589 1562 1872 1623 Rhodius.

545 1716 924 1792 Apollonium
967 1716 1261 1776 Rhodium
1303 1734 1664 1812 quamquam
1722 1714 2085 1775 Wcllauerus
2128 1714 2543 1790 pronuntiavit
2584 1717 2708 1775 tam

375 1804 524 1863 bene
568 1803 981 1862 conservatum
1027 1800 1101 1859 ad
1156 1818 1264 1859 nos
1320 1801 1695 1876 pervenisse,
1750 1802 1820 1858 ut
1862 1799 1936 1857 ad
1982 1799 2354 1859 coniecturas
2397 1819 2532 1859 raro
2575 1820 2708 1860 con-

377 1886 726 1965 fugiendum
773 1886 879 1961 sit,
938 1904 1044 1945 nec
1088 1904 1226 1944 sane
1272 1884 1532 1943 dubitari
1576 1886 1808 1960 potest,
1856 1884 2001 1960 quin
2047 1884 2258 1945 melior
2299 1884 2436 1943 huic
2477 1889 2707 1961 poetae,

376 1992 553 2048 quam
598 1971 731 2030 aliie
774 1971 1008 2045 multis,
1065 1971 1309 2029 fortuna
1353 1969 1704 2046 contigerit:
1763 1972 1911 2044 puto
1956 1988 2068 2046 ego
2113 1971 2315 2028 tamen
2358 1970 2553 2028 adhuc
2593 1971 2709 2029 ali-

374 2060 523 2133 quot
564 2058 628 2116 in
673 2075 742 2116 eo
788 2056 1028 2115 relictos
1073 2073 1200 2115 esse
1252 2056 1444 2129 locos,
1502 2055 1607 2130 qui
1651 2073 1786 2114 oum
1832 2055 2207 2130 corruptelae
2251 2056 2510 2129 speciem
2565 2076 2709 2131 prae

375 2162 439 2201 se
483 2143 708 2215 ferant,
762 2140 930 2201 nullo
975 2140 1037 2200 in
1080 2140 1249 2199 libris
1294 2138 1544 2215 auxilio,
1604 2139 1731 2198 sola
1773 2139 2114 2199 coniectura
2167 2138 2520 2199 emendandi
2577 2161 2708 2201 esse

373 2227 708 2287 videantur.
782 2226 1015 2284 Horum
1061 2245 1131 2285 ex
1162 2242 1411 2284 numero
1457 2243 1557 2284 eos
1602 2224 1664 2283 in
1708 2224 1819 2284 hoc
1860 2223 2065 2283 libello
2096 2242 2368 2299 promere
2399 2226 2708 2302 constitui,

376 2312 593 2388 quibus
636 2311 916 2370 mendum
962 2312 1154 2370 inesse
1209 2291 1382 2370 facile
1426 2327 1738 2386 apparere,
1798 2308 2089 2368 medelam
2147 2312 2348 2368 autem
2394 2308 2554 2368 haud
2601 2311 2712 2369 im-

373 2395 742 2472 probabilem
788 2416 824 2455 a
866 2415 959 2456 me
1002 2397 1308 2456 inventam
1352 2413 1479 2454 esse
1523 2394 1955 2455 existimabam.

546 2481 678 2540 Huc
722 2481 987 2559 pertinet
1028 2480 1233 2540 atatim
1278 2479 1452 2539 initio
1497 2480 1635 2540 libri
1666 2480 1854 2553 primi
1883 2498 1940 2538 v.
1975 2479 2043 2555 8,
2087 2478 2153 2538 in
2180 2497 2298 2555 quo
2344 2497 2477 2539 cum
2522 2481 2707 2557 vulgo

374 2568 707 2644 legeretur:

627 2673 813 2762 δηρὸν
857 2679 917 2741 δ’
964 2678 1036 2743 οὐ
1078 2678 1383 2761 μετέπειτα
1426 2675 1601 2760 τεὴν
1644 2671 1794 2741 κατὰ
1835 2678 2014 2758 βάξιν
2048 2676 2266 2760 Ἰήσων
2306 2677 2425 2742 nti.

375 2803 649 2864 certatim
695 2802 755 2862 id
814 2821 922 2862 suo
980 2803 1107 2862 iure
1150 2803 1482 2862 reiecerunt
1535 2803 1812 2862 editores.
1902 2802 2147 2861 Minime
2202 2802 2361 2861 enim
2413 2802 2526 2862 hoc
2579 2803 2710 2862 loco

378 2888 719 2964 Apollinem
763 2888 989 2964 alloqui
1045 2890 1224 2962 poeta
1265 2889 1529 2964 poterat,
1588 2907 1696 2947 nec
1738 2891 1915 2963 pute,
1975 2905 2333 2963 quemquam
2390 2888 2547 2963 fore,
2605 2890 2710 2964 qui

374 2973 486 3032 hoc
541 2972 851 3032 defensum
907 2974 1003 3031 eat
1058 2991 1127 3031 ex
1183 2993 1278 3047 eo,
1340 2972 1499 3049 quod
1554 2975 1731 3048 poeta
1783 2992 1840 3032 v.
1892 2974 1922 3028 l
1982 2971 2232 3030 dixerit:
2289 2964 2709 3048 ἀρχόμενος

379 3053 530 3131 σέο,
576 3056 807 3134 Φοῖβε
851 3059 996 3132 etc.,
1043 3058 1345 3116 oraculum
1378 3061 1579 3116 autem
1610 3057 1758 3115 illud
1790 3056 1989 3115 Peliae
2018 3057 2223 3115 datum
2253 3056 2494 3118 initium
2527 3058 2712 3118 suerit

379 3142 565 3202 totius
617 3142 1031 3218 expeditionis.
1115 3142 1210 3201 Ita
1268 3144 1464 3201 autem
1520 3142 1573 3201 si
1630 3141 1694 3200 in
1746 3141 1988 3200 Phoebo
2049 3141 2404 3217 appellando
2459 3162 2710 3219 pergere

377 3228 671 3287 voluisset
713 3229 920 3303 poeta,
966 3245 1086 3287 non
1129 3229 1369 3302 poterat
1397 3248 1455 3287 v.
1488 3227 1525 3286 5
1574 3226 1645 3286 de
1689 3225 1896 3285 eodem
1943 3225 2138 3285 dicere
2183 3230 2457 3290 oraculo:
2506 3226 2711 3305 τοίην

374 3307 576 3388 φάτιν.
661 3313 852 3371 Ιιιιιιιο
907 3312 1130 3371 Phoebi
1187 3311 1482 3372 invocatio
1538 3313 1750 3388 primis
1809 3313 2046 3371 tantum
2100 3315 2382 3388 quattuor
2435 3312 2710 3374 versibus

376 3399 733 3456 continetur.
797 3397 944 3473 Sed,
992 3396 1150 3473 quod
1205 3397 1570 3458 Wcllauerus
1612 3416 1683 3455 ex
1729 3413 1914 3473 marg.
1946 3395 2193 3456 Vratial.
2240 3401 2302 3457 et
2330 3399 2474 3476 Reg.
2507 3397 2563 3457 A
2607 3415 2710 3472 po-

374 3482 498 3540 suit
539 3479 786 3558 τοίην,
831 3481 893 3541 id
938 3483 1150 3541 contra
1193 3483 1356 3558 leges
1400 3482 1679 3541 metricas
1721 3480 2029 3579 Apollonii
2073 3486 2297 3557 peccat.
2372 3482 2675 3542 Videtur
2659 3502 2709 3540 is

377 3567 580 3643 potius
620 3560 915 3642 μετέπειτ’
965 3554 1203 3642 αὐτὴν
1260 3554 1408 3624 κατὰ
1468 3557 1644 3644 βάξιν
1699 3567 2007 3641 scripsisse
2059 3567 2169 3625 hoc
2226 3586 2434 3628 sensu:
2492 3566 2708 3643 „paulo

375 3655 517 3730 poet
559 3653 879 3712 secundum
923 3653 1075 3711 idem
1129 3653 1431 3712 orawlum
1475 3652 1683 3727 Iason,
1742 3651 2189 3727 transgrediens
2234 3652 2336 3711 ille
2380 3653 2707 3726 Anaurum,

374 3736 629 3796 alterum
674 3737 934 3796 calceum
978 3738 1041 3795 in
1085 3735 1330 3796 flumine
1375 3735 1638 3796 amisitst‘

545 3821 618 3879 V.
669 3822 790 3880 298
823 3841 911 3896 sq.

632 3902 890 3981 Πήματα
933 3900 1043 3984 γάρ
1088 3896 1144 3963 τ’
1191 3896 1407 3978 ἀίδηλα
1449 3900 1587 3963 θεοὶ
1628 3907 1905 3981 θνητοῖσι
1950 3898 2229 3979 νέμουσι,

630 3996 725 4049 τῶ
744 4013 782 4049 ν
823 3993 1041 4068 μοῖραν
1084 3986 1233 4048 κατὰ
1278 3985 1484 4066 θυμὸν
1525 3982 1848 4060 ἀνιάζουσά
1889 4008 2001 4067 περ
2045 3986 2231 4066 ἒμπης

634 4077 815 4151 τλῆθι
858 4072 1079 4151 φέρειν.

516 4240 565 4303 1)
546 4237 779 4316 )[Viro
825 4238 1130 4306 perillustri
1177 4239 1575 4294 Godofredo
1622 4237 1919 4293 Herman
2510 4239 2710 4292 atrono

375 4305 527 4374 patri
561 4304 714 4359 diem
750 4306 1000 4426 natzlem
1049 4323 1097 4364 a
1136 4307 1189 4364 d.
1230 4307 1324 4364 lV.
1376 4307 1494 4362 Cal.
1531 4306 1825 4364 Decembr.
1863 4324 1912 4361 a.
1932 4239 2508 4362 Ἢῡδέῗῖθὲῗὲονᾞῖ
2522 4305 2614 4375 pie
2653 4308 2715 4358 et

374 4374 702 4426 reverenter
799 4389 862 4427 ra
889 4374 1078 4427 ulatur
1121 4375 1473 4428 Arminius
1519 4373 1844 4442 Koechly.
1925 4375 2149 4445 Lipsiae
2201 4375 2355 4443 typis
2391 4374 2450 4429 C.
2485 4374 2543 4432 Ρ
2574 4371 2715 4425 Mel·

375 4438 489 4503 zeri
524 4445 640 4510 (pp
678 4439 829 4495 VII.
869 4446 951 4495 54.
988 4444 1062 4495 80.
1070 4440 1118 4511 )]

543 4779 684 4866 *g
