3132 5129
1337 345 1792 410 2-135—

379 507 496 559 κοῦ
550 499 882 578 σχήματος,
934 499 1180 579 ἄλογον·
1242 498 1390 576 πρὸς
1447 503 1504 561 τί
1553 496 1664 581 γὰρ
1719 502 1862 579 δύο,
1915 498 2045 563 ἀλλ’
2104 498 2175 562 οὐ
2231 504 2365 581 μίας
2421 507 2504 564 Et
2546 508 2730 566 secuti

384 591 529 646 sunt
572 588 953 663 recentiores,
1002 589 1050 647 si
1095 588 1245 647 bene
1290 589 1551 664 memini,
1600 609 1819 649 omnes,
1893 591 2010 649 Sed
2055 610 2130 648 ne
2175 591 2260 649 sic
2307 592 2545 666 quidem
2589 593 2729 650 illos

382 672 765 746 „praeclaros
822 672 1067 733 versus“
1126 672 1277 731 bene
1335 675 1621 748 „Achivis
1679 676 1958 748 aptatos“
2026 695 2151 734 esse
2220 681 2379 734 recte
2444 676 2728 736 iudicavit

379 757 866 816 Hermannus
921 758 984 816 in
1038 758 1340 817 dissertat.
1401 760 1472 818 de
1528 760 1836 817 iteratis
1892 761 2083 835 apud
2143 761 2522 820 Homerum
2568 762 2728 820 edita

380 861 434 899 a.
472 841 871 916 MDCCCXL,
904 864 962 918 p.
997 844 1031 900 7
1069 839 1178 920 [=-
1211 843 1459 919 Opuscc.
1511 843 1661 901 VIII
1702 865 1759 920 p.
1799 842 1928 922 16].
2006 845 2160 903 Nam
2208 847 2475 919 profecto
2518 847 2726 907 ambae
2802 845 2813 849 ’

381 927 522 984 illae
566 927 912 986 mortiferae
956 931 1164 1003 sorteS,
1215 949 1368 1004 quae
1411 931 1649 1005 egregie
1680 931 2007 1005 primorum
2039 931 2282 988 heroum
2315 931 2445 1005 pari
2477 950 2719 1005 respon-

381 1011 560 1086 dent,
609 1012 755 1071 satis
801 1013 946 1069 mire
991 1013 1064 1070 ad
1110 1014 1422 1072 universas
1469 1018 1751 1089 utrasque
1795 1017 1994 1091 copias
2042 1018 2220 1089 atque
2266 1016 2340 1072 ad
2386 1015 2561 1073 duces
2605 1035 2724 1074 non

379 1097 579 1154 minus
639 1115 816 1172 quam
878 1096 950 1154 ad
995 1097 1218 1155 milites
1262 1097 1626 1172 referuntur,
1683 1101 2033 1173 praesertim
2078 1119 2211 1158 cum
2257 1119 2379 1157 non
2425 1100 2496 1158 de
2540 1102 2722 1158 inter-

379 1183 658 1252 necione,
714 1182 815 1240 scd
863 1185 1097 1240 tantum
1143 1181 1215 1239 de
1262 1181 1405 1258 fuga
1447 1183 1695 1241 alterius
1738 1185 2028 1242 exercitus
2074 1189 2313 1259 agatur,
2361 1187 2430 1242 ut
2474 1186 2723 1243 maxime

382 1266 536 1324 illud
580 1263 826 1342 αἴσιμον
866 1257 1026 1344 ἦμαρ
1067 1259 1325 1341 Ἀχαιων
1373 1300 1447 1308 —-
1496 1267 1571 1326 cf.
1619 1268 1797 1326 etiam
1839 1270 2033 1327 π280
2081 1300 2154 1309 -
2204 1289 2239 1327 a
2282 1269 2576 1327 mendacii
2621 1274 2725 1328 aut

379 1351 772 1427 gravissimae
829 1352 1240 1428 neglegentiae
1285 1352 1532 1410 crimine
1577 1352 1818 1410 liberari
1853 1355 2143 1450 nequeat.
2236 1353 2389 1411 Nolo
2432 1373 2717 1429 premere,

382 1436 542 1510 quod
574 1435 849 1511 Iuppiter
891 1456 998 1511 per
1040 1441 1229 1494 totam
1263 1437 1519 1511 Apatam
1564 1435 1806 1495 Graecis
1849 1437 2290 1497 inimicissimus
2334 1439 2430 1497 hic
2463 1439 2719 1514 quidem,

380 1524 584 1578 utrum
632 1521 706 1580 iis
751 1540 827 1580 an
871 1520 1145 1580 Troianis
1191 1521 1387 1581 clades
1434 1521 1729 1580 inicienda
1774 1524 1882 1595 sit,
1931 1523 2191 1582 extensis
2237 1523 2505 1581 lancibus
2553 1526 2719 1598 quasi

379 1605 600 1663 Fatum
669 1606 970 1681 quoddam
1024 1627 1085 1666 se
1145 1607 1417 1681 superius
1474 1607 1781 1665 consulere
1835 1607 2098 1681 videtur,
2158 1626 2290 1665 cum
2348 1608 2411 1665 in
2469 1609 2720 1683 simplici

377 1689 835 1750 Homericorum
867 1692 1293 1750 diiudicatione
1322 1692 1813 1766 philosophorum
1844 1693 2026 1767 adyta
2054 1692 2216 1751 adire
2250 1712 2535 1767 reverear,
2579 1713 2722 1768 quo-

377 1794 510 1831 rum
560 1775 632 1833 de
677 1776 1165 1835 meditationibus
1210 1775 1695 1851 profundissimis
1739 1776 1832 1834 vel
1859 1776 2178 1853 Porphyrii
2207 1778 2432 1838 scholia
2462 1779 2534 1836 ad
2567 1780 2723 1837 hunc

372 1859 569 1917 locum
617 1865 855 1920 servata
899 1861 1305 1936 copiosissime
1350 1863 1669 1920 testantur.

545 1945 758 2021 Itaque
804 1965 924 2004 non
970 1946 1275 2005 defuturos
1320 1946 1596 2020 arbitror,
1642 1946 1745 2021 qui
1790 1946 1885 2005 his
1931 1946 2195 2006 lancibus
2226 1948 2545 2023 diligenter
2577 1967 2721 2022 pen-

375 2031 572 2090 sitatis
603 2035 799 2090 totum
830 2033 1023 2090 locum
1057 2052 1113 2091 v.
1144 2032 1394 2090 66—74
1427 2032 1501 2088 ad
1533 2032 1942 2090 centonarium
1975 2031 2278 2105 opificium
2312 2033 2577 2090 reiciant.
2644 2033 2723 2089 Et

376 2115 589 2174 falsam
638 2136 767 2176 esse
797 2117 946 2174 hanc
990 2117 1348 2176 sententiam
1393 2116 1666 2191 equidem
1697 2117 1940 2192 minime
1973 2117 2236 2174 omnium
2270 2121 2430 2173 certo
2462 2135 2717 2190 pronun-

376 2201 669 2274 tiaverim,
703 2220 1059 2276 quamquam
1091 2204 1219 2259 tum
1252 2201 1536 2258 excidisse
1568 2203 1758 2258 totam
1792 2201 1862 2259 de
1896 2201 2080 2260 cladis
2112 2202 2287 2259 initio
2315 2201 2738 2259 narrationem'

377 2286 762 2343 statuendum
809 2286 905 2344 sit.
963 2286 1122 2344 Fieri
1155 2290 1353 2343 tamen
1387 2284 1609 2359 potuit,
1656 2288 1721 2341 ut
1750 2286 1977 2359 Apatae
2010 2292 2227 2359 auctor,
2277 2284 2443 2344 cuius
2476 2285 2717 2360 ingenio

375 2370 523 2427 mire
593 2370 886 2444 placuisse
940 2370 1192 2428 conicias
1247 2388 1508 2426 aureas
1566 2369 1725 2427 Iovis
1784 2369 2079 2442 lances,
2146 2369 2584 2429 accommodate
2645 2370 2717 2428 iis

376 2457 640 2512 utentem
687 2455 896 2514 fecerit
938 2473 1234 2513 summum
1279 2453 1713 2512 moderatorem
1758 2454 1868 2513 hoc
1914 2472 2033 2511 uno
2078 2473 2255 2512 versu
2299 2457 2644 2513 contentus:

675 2571 775 2631 καὶ
821 2571 944 2631 τότε
988 2566 1064 2650 δὴ
1105 2569 1349 2650 χρύσεια
1395 2568 1590 2649 πατὴρ
1635 2569 1882 2629 ἔκλινε
1930 2569 2204 2629 τάλαντα.

375 2673 509 2731 νιᾶ.
566 2675 911 2801 Τῖἔῗὸᾳ-(Ι
938 2794 1005 2801 —-
1060 2794 1137 2801 --
1184 2755 1337 2836 ἐπὴν
1381 2757 1677 2839 κλίνῃσι
1723 2754 2062 2816 τάλαντα

680 2836 871 2917 Ζεύς,
916 2864 983 2913 ος
1029 2839 1082 2901 τ’
1129 2838 1482 2923 ἀνθρώπων
1527 2841 1735 2919 ταμίης
1780 2839 2053 2917 πολέμοιο
2099 2840 2402 2915 τέτυκται,

373 2966 435 3019 et
477 2963 552 3020 cf.
603 2963 665 3019 Π
709 2963 832 3021 658
876 2961 998 3040 γνῶ
1043 2958 1157 3041 γὰρ
1208 2960 1350 3033 Διὸς
1398 2958 1495 3039 ἱρὰ
1542 2958 1889 3021 τάλαντα.

545 3046 663 3106 Sed
718 3047 790 3105 de
835 3047 927 3106 his
973 3049 1499 3124 quomodocunque
1544 3048 1853 3121 statuitur,
1917 3048 2157 3106 ultimos
2203 3066 2409 3107 versus
2456 3049 2703 3105 75—77

376 3151 728 3208 quamquam
774 3135 836 3190 et
877 3133 1038 3208 ipsos
1083 3134 1353 3193 formulis
1400 3132 1619 3208 partim
1649 3132 1917 3206 expletos
1950 3133 2254 3191 commode
2289 3132 2707 3189 describendae

374 3217 525 3276 cladi
568 3217 871 3292 praemitti
915 3218 1180 3293 potuisse
1224 3237 1396 3276 nemo
1440 3217 1704 3291 negabit.
1797 3216 1940 3273 Eam
1987 3218 2175 3292 ipsam
2227 3235 2363 3274 vero
2408 3217 2710 3290 quomodo

373 3303 698 3360 narraverit
750 3304 1079 3378 nescimus,
1140 3322 1246 3361 nec
1305 3302 1474 3360 facile
1533 3303 1666 3375 quis
1712 3300 1846 3359 aliis
1892 3320 1959 3358 ex
2006 3302 2150 3360 locis
2194 3300 2711 3377 probabiliter

373 3386 754 3461 suppleverit,
786 3406 935 3461 quae
966 3408 1209 3463 prorsus
1240 3386 1526 3446 excidisse
1559 3385 1837 3444 videntur
1870 3386 2117 3444 sortasse
2150 3405 2268 3445 non
2292 3386 2470 3443 nimis
2496 3386 2707 3443 multa.

371 3470 658 3529 Nostrum
702 3473 858 3530 enim
904 3477 1139 3547 poetam
1184 3473 1257 3531 ab
1296 3471 1570 3529 humanis
1600 3469 1777 3527 rebus
1809 3471 2154 3546 singulatim
2189 3475 2580 3545 accurateque
2612 3489 2705 3526 ex-

372 3556 665 3630 ponendis
710 3556 832 3614 sere
877 3556 1176 3615 abstinere
1223 3576 1403 3631 supra
1447 3557 1560 3612 iam
1606 3554 1830 3612 monui

537 3640 667 3698 Hoc
731 3659 868 3700 vero
935 3642 1297 3699 confidenter
1358 3640 1638 3697 affirmari
1705 3638 1907 3712 debet,
1980 3658 2131 3714 quae
2201 3639 2313 3697 iam
2373 3641 2706 3713 sequuntur

370 3744 424 3783 v.
476 3726 785 3799 78-211‚
835 3726 1028 3784 aliena
1071 3744 1198 3785 esse
1243 3726 1317 3784 ab
1362 3724 1593 3799 Apatae
1640 3726 1897 3781 auctore.
1988 3722 2147 3792 Quae
2193 3724 2420 3781 etiamsi
2470 3723 2707 3798 egregie

368 3813 542 3884 atque
587 3810 906 3885 condigne,
928 3815 1127 3869 essent
1169 3810 1420 3884 scripta,
1469 3812 1535 3866 ut
1565 3812 1706 3866 sunt
1734 3806 2016 3883 pleraque
2049 3809 2249 3883 inepte
2281 3809 2614 3882 excogitata
2644 3810 2706 3864 ct

369 3894 578 3952 inscite
623 3913 914 3968 expressa,
961 3895 1077 3952 iam
1122 3898 1434 3971 propterea
1477 3894 1550 3950 ad
1598 3893 1767 3950 illum
1813 3894 2020 3950 referri
2067 3911 2187 3950 non
2231 3897 2498 3967 possent,
2546 3891 2707 3965 quod

369 3979 430 4036 in
474 3980 546 4038 iis
592 3980 1007 4055 Agamemnon
1050 3979 1368 4038 Diomedes
1410 3978 1615 4037 Ulixes
1661 3980 2078 4051 memorantur,
2129 3978 2234 4051 qui
2278 3982 2345 4034 ut
2389 3977 2448 4034 in
2494 3976 2705 4034 ceteris

366 4063 732 4122 carminibus
776 4065 1244 4139 Agamemnonis
1295 4064 1517 4122 Aristia
1562 4063 1991 4120 recentioribus
2036 4063 2122 4119 ita
2166 4062 2345 4119 etiam
2393 4062 2452 4119 in
2500 4067 2703 4120 nostro

369 4166 654 4223 nusquam
702 4149 859 4207 inter
903 4154 1245 4225 pugnantes
1288 4151 1682 4208 recensentur.
1759 4147 1970 4221 Itaque
2014 4146 2110 4204 hic
2156 4147 2394 4221 quidem
2438 4146 2702 4204 taedioso

366 4233 600 4308 singula
644 4233 983 4292 excutiendi
1031 4233 1230 4292 labore
1276 4231 1654 4308 supersedere
1699 4234 2057 4305 poterimus:
2105 4250 2293 4305 neque
2340 4231 2497 4289 enim
2541 4232 2696 4306 quis-

366 4320 535 4392 q‘uam
583 4318 1015 4392 adversabitur,
1062 4320 1291 4394 opinor,
1337 4322 1579 4377 nostrae
1624 4317 1968 4389 sententiae,
2018 4335 2135 4390 qua
2180 4316 2329 4373 hanc
2368 4317 2702 4391 quintam

364 4403 821 4477 particulam
874 4421 1000 4462 non
1055 4422 1192 4462 sane
1249 4403 1321 4461 ad
1377 4401 1697 4461 vilissimas
1754 4401 2121 4460 consutor-iae
2181 4400 2432 4460 fabricae
2478 4400 2701 4458 feturas

2763 1456 2823 1505 19
