3132 5129
1403 400 1861 464 -194—

468 567 528 621 et
570 581 606 617 ν
653 562 752 635 28,
798 561 966 620 cuius
1011 559 1275 619 clausula
1329 545 1515 634 αὐτὰρ
1566 550 1885 627 Ὀδυσσεύς
1938 558 2233 633 genuinae
2287 556 2639 633 rhapsodiae
2693 575 2802 616 no-

466 665 604 706 vam
648 650 879 721 partem
926 644 1260 718 exorditur,
1306 662 1485 703 nous
1459 643 1653 703 solum
1683 661 1961 703 versuum
2008 641 2236 715 hiatus,
2286 641 2390 716 qui
2435 661 2541 718 per
2584 659 2647 701 se
2677 659 2803 700 non

467 733 646 790 nimis
689 732 950 807 graviter
1006 729 1286 787 ferendus
1332 731 1490 787 esset
1542 728 1605 786 in
1664 728 1792 786 loco
1837 727 2146 798 lacunoso,
2206 727 2310 786 sed
2366 728 2546 787 etiam
2595 745 2801 785 narra·

462 816 647 875 tionis
691 817 882 875 otiosa
933 814 1167 873 iustitio
1225 832 1260 871 a
1313 814 1506 871 nostri
1563 815 1773 887 poetae
1827 812 2099 887 ingenie,
2161 812 2335 887 quale
2390 831 2460 870 ex
2516 814 2803 887 quattuor

465 901 585 957 iam
628 901 903 960 novimus
948 899 1313 972 rhapsodiis,
1373 896 1750 956 alienissima.
1823 896 2002 955 Hunc
2059 896 2216 955 enim
2262 900 2502 971 poetam
2559 896 2692 972 quis
2736 896 2804 953 in

466 985 740 1044 animum‘
774 983 1080 1043 induxerit
1117 986 1256 1058 post
1297 983 1541 1057 longam
1573 982 1988 1056 communique
2020 981 2232 1055 plausu
2260 984 2571 1056 exceptam
2603 979 2801 1038 Ulixis

464 1070 870 1129 narrationem
915 1071 1091 1143 atque
1147 1067 1450 1126 liberalem
1507 1065 1745 1125 Alcinoi
1802 1066 2204 1124 laudationem
2262 1067 2619 1126 sustinuisse
2678 1066 2801 1122 iam

462 1157 524 1213 et
577 1158 897 1230 utrumque
953 1153 1108 1211 hunc
1160 1157 1220 1210 et
1271 1155 1495 1211 ceteros
1561 1170 1768 1211 omnes
1834 1150 2024 1210 otiose
2077 1152 2376 1226 taciteque
2433 1149 2802 1210 somniantes

461 1235 562 1297 καὶ
605 1235 673 1296 τὰ
720 1234 1017 1317 βασιλέων
1068 1232 1356 1315 πρόσωπα
1409 1242 1679 1311 μακκοᾶν
1715 1231 2074 1311 καθήμεναῖ
2136 1235 2410 1310 Accedit,
2466 1234 2626 1310 quod
2670 1238 2801 1293 tum

461 1324 556 1383 bis
602 1325 691 1384 sol
737 1324 1058 1396 occideret,
1119 1325 1180 1380 et
1222 1323 1270 1377 θ
1313 1322 1434 1380 417
1487 1354 1560 1364 —-
1610 1320 1727 1380 nisi
1782 1320 1877 1378 hic
1920 1338 2053 1378 cum
2096 1319 2364 1395 Kaysero
2395 1281 2696 1378 δείλετό
2742 1312 2793 1375 τ’

461 1402 659 1483 ἠέλιος
704 1408 1025 1481 scribatur,
1073 1406 1232 1483 quod
1280 1405 1695 1465 Aristarchum
1748 1405 1812 1463 in
1857 1426 1895 1480 η
1944 1405 2065 1464 289
2123 1406 2464 1464 coniectura
2521 1404 2802 1463 intulisse

463 1495 681 1553 scimus
727 1525 805 1535 —
854 1501 917 1551 et
964 1514 998 1549 ν
1042 1493 1143 1551 35.
1220 1490 1376 1549 Huic
1435 1491 1622 1567 igitur
1664 1490 2038 1550 incommodo
2083 1490 2413 1590 remedium
2456 1490 2507 1548 si
2552 1490 2801 1548 circum-

462 1579 811 1653 spiciamus,
859 1577 1167 1636 commode
1212 1576 1457 1635 offertur
1500 1579 1640 1633 ante
1684 1575 1847 1633 illam
1878 1574 2200 1635 clausulam
2246 1567 2437 1650 αὐτὰρ
2478 1565 2803 1642 Ὀδυσσεύς

462 1663 553 1721 bis
598 1665 646 1717 θ
693 1665 773 1722 83
805 1688 888 1711 =
920 1663 1035 1719 521
1088 1660 1245 1719 idem
1288 1661 1508 1719 lectum
1552 1661 1791 1718 initium
1820 1651 1990 1718 ταῦτ’
2037 1653 2145 1733 ἄρ’
2191 1651 2394 1731 ἀοιδὸς
2437 1650 2597 1717 αειδε
2639 1677 2802 1732 περι-

461 1740 699 1816 κλυτός.
774 1747 857 1805 Et
900 1746 1082 1806 semel
1126 1745 1297 1803 illum
1353 1747 1550 1821 ipsum
1607 1763 1844 1804 versum
1905 1745 1979 1804 ad
2032 1745 2499 1822 praeparandam
2558 1742 2801 1820 apologi

460 1832 962 1891 introductionem
1018 1831 1371 1890 retinuimus
1415 1849 1614 1905 supra.
1689 1827 1844 1898 Quid
1900 1830 2089 1906 igitur
2143 1830 2414 1905 impedit,
2476 1830 2622 1905 quin
2676 1845 2804 1887 non

464 1916 654 1977 solum
701 1916 953 1975 eundem
1000 1915 1095 1975 hic
1143 1934 1375 1991 quoque
1423 1918 1561 1973 ante
1611 1935 1645 1970 ν
1675 1916 1753 1973 29
1799 1933 2036 1974 versum
2083 1916 2189 1974 sed
2231 1917 2429 1974 totum
2473 1914 2801 1972 inferamus

462 2001 658 2061 locum
705 2021 760 2060 v.
807 1999 1190 2066 486—2521?
1253 1999 1420 2058 Nihil
1465 2000 1769 2075 profecto;
1829 2000 2054 2074 immo,
2101 2000 2244 2075 quid
2301 1998 2801 2059 accommodatius

462 2090 784 2161 nostroque
832 2088 1003 2161 poeta
1048 2085 1286 2161 dignius
1341 2083 1668 2160 excogitari
1725 2086 1830 2143 aut
1873 2083 2019 2161 fingi
2076 2085 2268 2160 possit
2322 2083 2395 2142 ad
2450 2082 2804 2143 incredibile

466 2170 626 2228 illud*
660 2170 1016 2246 explendum
1063 2169 1397 2244 silentium,
1452 2188 1575 2228 non
1620 2168 1822 2244 videO,
1880 2169 2007 2228 sive
2051 2169 2287 2229 Ulixem
2334 2169 2585 2244 respicio
2629 2168 2801 2227 suavi

466 2255 804 2315 laudatione
849 2256 1212 2329 Demodoco,
1272 2254 1441 2313 cuius
1497 2255 1766 2329 priorem
1821 2256 2061 2312 cantum
2116 2253 2379 2313 lacrimis
2433 2253 2557 2312 suis
2615 2253 2800 2312 inter-

464 2344 737 2415 ruperat,
790 2340 1300 2413 abblandientem,
1370 2339 1494 2398 sive
1563 2343 1981 2415 argumentum
2041 2339 2238 2414 ipsum
2295 2339 2598 2413 perlustro
2655 2337 2805 2396 belli

467 2426 686 2484 exitum
745 2425 971 2485 habens
1026 2426 1223 2500 itaque
1278 2424 1367 2482 illi
1425 2423 1613 2500 priori
1678 2423 1741 2481 in
1799 2423 1923 2482 eius
1980 2424 2171 2483 initiis
2230 2422 2492 2483 versanti
2546 2422 2803 2481 maxime

467 2509 841 2586 oppositum,
909 2510 1035 2570 sive
1101 2509 1227 2569 eius
1291 2509 1630 2584 argumenti
1698 2507 2111 2568 tractationem
2178 2511 2388 2585 reputo
2441 2527 2477 2566 a
2532 2509 2802 2585 gratioso

370 2589 431 2636 19
461 2595 795 2654 Phaeacum
840 2598 1080 2654 cantore
1126 2594 1187 2652 in
1234 2592 1425 2652 Ulixis
1470 2595 1850 2670 potissimum
1909 2594 2195 2653 honorem
2239 2612 2614 2668 conversam,
2674 2593 2802 2653 sive

459 2680 615 2738 hunc
657 2681 855 2755 ipsum
898 2680 1091 2738 denuo
1136 2679 1374 2736 intueor
1416 2679 1513 2738 vel
1558 2678 2041 2754 splendidissima
2079 2698 2219 2738 suae
2250 2680 2493 2738 virtutis
2538 2678 2800 2737 celebra-

458 2764 618 2822 tione
672 2763 825 2822 nihil
885 2764 1275 2838 delectatum,
1336 2762 1471 2837 sed,
1540 2762 2040 2838 quemadmodum
2101 2763 2228 2822 fieri
2289 2764 2472 2837 solet,
2528 2763 2801 2838 proxime

458 2848 721 2907 instante
763 2848 1053 2907 redeundi
1099 2850 1401 2906 momento
1446 2847 1726 2906 desiderii
1770 2847 2029 2906 stimulis
2086 2848 2278 2907 acrius
2324 2849 2442 2906 iam
2485 2848 2802 2922 acriusque

458 2933 841 3009 exagitatum.
917 2931 1063 2991 Tres
1109 2934 1308 2990 tamen
1352 2951 1422 2990 ex
1467 2931 1571 2990 illo
1617 2932 1745 2991 loco
1777 2932 2119 2991 removendi
2165 2936 2604 3008 erantversus,
2655 2950 2803 3007 quo-

456 3037 591 3075 rum
633 3018 892 3094 primum
938 3019 1065 3076 490
2752 3048 2757 3052 ·

710 3109 837 3176 ὅσσ’
886 3115 1061 3195 ἔρξαν
1103 3111 1158 3175 τ’
1221 3113 1462 3175 ἔπαθόν
1505 3138 1564 3175 τε
1609 3114 1711 3175 καὶ
1754 3112 1891 3175 ὅσσ’
1942 3113 2236 3196 ἐμόγησαν
2275 3111 2505 3194 Ἀχαιοί

457 3229 574 3286 iam
615 3228 920 3288 Bekkerus
964 3233 1122 3287 recte
1169 3229 1450 3303 sustulit,
1498 3228 1616 3287 duo
1662 3228 1763 3287 alii
1809 3230 1933 3287 494
1964 3249 2054 3305 sq

708 3321 780 3388 όν
821 3319 951 3386 ποτ’
1001 3324 1062 3401 ἐς
1105 3324 1431 3407 ἀκρόπολιν
1474 3323 1650 3387 δόλον
1691 3325 1882 3429 ἤγαγε
1927 3328 2055 3401 δῖος
2094 3323 2430 3403 Ὀδυσσεύς,

706 3408 953 3490 ἀνδρῶν
998 3409 1317 3491 ἐμπλήσας,
1362 3412 1421 3472 οἳ
1449 3409 1641 3473 Ἴλιον
1686 3406 2075 3489 ἐξαλάπαξαν,

454 3525 518 3582 in
563 3526 822 3584 carmine
887 3544 923 3583 a
965 3524 1137 3584 nobis
1182 3525 1460 3584 restituto
1517 3544 1759 3600 prorsus
1815 3525 2223 3585 intolerabiles
2279 3524 2570 3601 originem
2630 3544 2799 3584 suam

457 3608 833 3685 indolemque
878 3611 1021 3668 satis
1068 3609 1333 3685 produnt
1390 3612 1452 3668 et
1495 3629 1601 3685 per
1646 3603 1906 3685 δόλον,
1952 3628 2060 3686 pro
2108 3629 2226 3686 quo
2271 3610 2629 3669 recentiores
2672 3610 2796 3668 fere

455 3691 612 3774 δόλῳ
657 3696 1049 3769 scripserunt,
1098 3697 1159 3752 et
1201 3695 1408 3769 inepta
1452 3694 1753 3754 locutione
1790 3691 1850 3764 ἐς
1892 3687 2222 3771 ἀκρόπολιν
2264 3690 2493 3771 ἤγαγε
2539 3694 2798 3769 pessime

457 3798 531 3838 ex
574 3799 632 3838 v.
668 3781 791 3838 504
838 3778 1101 3851 detort0,
1148 3782 1210 3837 et
1253 3796 1439 3853 paene
1482 3779 1767 3853 ridicu10,
1816 3780 1865 3839 si
1914 3780 2152 3855 quidem
2200 3800 2221 3835 ι
2266 3779 2407 3841 209.
2455 3779 2598 3837 212.
2645 3792 2682 3835 σ
2713 3779 2796 3836 45

455 3864 824 3936 memineriS,
871 3864 977 3922 illo
1022 3856 1325 3939 ἀνδρῶν
1382 3860 1795 3940 ἐμπλήσας,
1852 3869 1912 3922 et
1963 3864 2227 3922 clausula
2272 3882 2341 3921 ex
2386 3864 2544 3923 notis
2588 3863 2797 3922 Iliadis

456 3948 602 4006 locis
649 3948 969 4024 compilata
1013 3945 1073 4004 οἳ
1104 3943 1295 4003 Ἴλιον
1327 3943 1694 4020 ἐξαλάπαξαν
1738 3949 1833 4008 hic
1878 3953 2034 4007 certe
2080 3951 2222 4008 satis
2267 3947 2576 4024 ambigua,
2627 3948 2796 4024 quasi

453 4033 569 4091 viri
614 4052 764 4108 equo
808 4033 1014 4091 iuferti
1060 4032 1239 4090 Ilium
1287 4034 1404 4091 iam
1448 4035 1831 4093 vastaverint.
1907 4034 2221 4093 Praeterea
2248 4051 2358 4092 nec
2403 4034 2463 4092 in
2506 4033 2797 4091 hodierna

454 4133 736 4194 compage
782 4118 1086 4176 serendum
1133 4120 1254 4190 est,
1314 4118 1363 4176 si
1420 4118 1660 4194 quidem
1706 4120 1941 4178 Ulixem
1983 4122 2262 4194 putamus
2308 4119 2423 4176 rite
2471 4117 2795 4193 superioris

454 4203 733 4261 carminis
781 4206 1199 4278 argumentum
1231 4201 1388 4260 baud
1433 4203 1586 4262 falso
1633 4204 1943 4279 designare
1985 4203 2247 4263 voluisse
2285 4197 2543 4276 Ἀχαιῶν
2586 4191 2800 4259 οἶτον

451 4277 668 4356 ἀείδεις
712 4287 867 4345 male
912 4307 982 4345 ex
1026 4307 1065 4342 α
1110 4288 1234 4346 350
1278 4287 1541 4362 illatum,
1589 4307 1695 4364 pro
1738 4307 1856 4363 quo
1900 4288 2057 4347 baud
2102 4290 2452 4347 cunctanter
2495 4305 2567 4346 ex
2611 4287 2660 4342 θ
2706 4286 2789 4344 75

454 4373 708 4439 νεῖκος
750 4365 1004 4444 Ἀχαιῶν
1045 4372 1302 4430 restitui.

621 4454 715 4513 Ita
757 4456 1026 4514 versibus
1057 4458 1415 4514 486—489.
1460 4458 1816 4515 491—493.
1864 4458 2194 4515 496—521
2246 4459 2424 4515 ante
2470 4477 2504 4511 ν
2537 4457 2702 4514 29-
2712 4456 2793 4513 35
