3132 5129
1301 392 1762 457 -497—

360 547 693 624 indignari,
766 549 923 625 quod
978 548 1276 624 DaphniS,
1344 568 1474 609 eum
1544 554 1732 627 „quot
1800 550 2028 609 caelum
2087 549 2290 609 stellas
2344 549 2559 608 habeat
2609 554 2700 609 tot
2749 538 2767 551 ’

361 633 534 708 sylva
588 632 880 710 puellas“,
940 634 1127 693 otiose
1185 633 1518 711 delitescat,
1580 655 1688 695 nec
1744 654 1843 695 eas
1888 636 2089 696 venari
2134 635 2375 711 audeat,
2432 634 2697 694 misellus

362 721 595 777 amator
637 721 819 795 atque
866 718 1059 778 omnis
1104 720 1333 778 consilii
1377 740 1589 797 expers
1634 720 1766 799 (str.
1807 716 1911 801 γ’).
2000 719 2207 796 Itaque
2251 720 2698 781 cavillabundus

361 823 498 862 eum
545 802 661 862 dici
693 804 934 880 quidem
979 803 1385 863 bubulcum
1430 826 1514 848 -—·
1559 824 1711 882 quos
1757 807 1990 866 constat
2032 809 2103 864 ut
2144 809 2453 882 pastorum
2495 806 2700 865 nobi·

359 888 701 948 lissimos
758 890 937 948 etiam
982 907 1367 948 venerearum
1423 910 1623 951 rerum
1678 890 1897 951 fiducia
1940 893 2003 950 et
2047 891 2313 950 sollertia
2357 891 2699 951 excelluisse

360 1004 445 1014 —
474 973 579 1032 sed
614 972 868 1033 similem
898 992 1026 1035 esse
1055 973 1239 1033 iactat
1281 978 1660 1053 caprario,
1706 978 1810 1053 qui
1852 979 2063 1052 utpote
2093 975 2326 1035 infimae
2356 975 2699 1052 plebeculae

362 1058 557 1133 homo,
604 1058 729 1118 sive
773 1061 1031 1136 capellas
1078 1078 1113 1116 a
1157 1077 1331 1134 capro
1377 1061 1513 1120 iniri
1546 1062 1673 1122 sive
1704 1063 1860 1138 ipsas
1889 1061 2118 1137 puellas
2148 1059 2396 1119 ridendo
2426 1061 2699 1121 lascivire

364 1142 597 1219 videat,
643 1142 893 1204 libidine
936 1146 1278 1220 rumpatur,
1324 1147 1485 1205 omni
1528 1146 1635 1207 has
1679 1147 1920 1223 quidem
1964 1145 2237 1205 tentandi
2282 1147 2343 1204 et
2384 1145 2698 1222 subigendi

364 1228 610 1286 audacia
652 1228 969 1290 derelictus
1013 1226 1274 1310 (antistr.
1307 1225 1412 1311 γ’.)
1478 1231 1648 1291 Hanc
1689 1250 1818 1291 esse
1863 1230 2075 1290 debere
2105 1230 2387 1306 Priapeae
2417 1230 2700 1289 orationis

362 1313 725 1372 sententiam
766 1315 883 1373 iam
928 1315 1180 1392 dudum,
1234 1315 1474 1393 opinor,
1531 1318 1887 1393 interpretes
1932 1315 2399 1415 intellexissent,
2456 1315 2573 1375 nisi
2612 1315 2696 1372 fa-

364 1396 502 1456 talis
547 1397 649 1456 ille
692 1399 755 1457 in
801 1400 1074 1461 omnibus
1132 1399 1435 1461 codicibus
1479 1402 1785 1479 legeretur
1835 1401 2152 1478 singularis
2196 1390 2236 1456 ἆ
2279 1394 2347 1457 δέ
2387 1418 2447 1456 τε
2490 1392 2694 1480 κόραι

359 1481 554 1552 πᾶσας
607 1469 724 1539 ἆνᾶ
779 1482 1035 1563 κράνας,
1094 1478 1279 1544 πάντ’
1332 1481 1518 1544 ἄλσεα
1573 1482 1751 1543 ποσσι
1807 1489 2074 1562 φορεῖται
2124 1484 2134 1559 Ι
2185 1478 2415 1555 ζατεῦσ’
2435 1526 2453 1560 ,
2520 1505 2696 1561 quem

360 1585 502 1625 sane
560 1586 815 1643 pronum
872 1573 1003 1630 erat
1060 1571 1132 1631 de
1188 1590 1307 1630 una
1360 1576 1465 1631 aut
1520 1572 1744 1631 amasia
1810 1574 1915 1630 aut
1981 1589 2164 1630 uxore
2221 1570 2552 1647 Daphnidis
2609 1571 2696 1628 in-

357 1652 660 1729 tellegere.
767 1655 1014 1731 Aliquid
1057 1656 1183 1715 veri
1228 1657 1608 1717 Hermannus
1654 1657 1795 1716 olim
1852 1658 2039 1716 sensit
2081 1648 2275 1724 ζᾶτευ’
2324 1654 2696 1732 corrigendo,

358 1737 488 1814 Ego
541 1738 976 1813 simplicissime
1031 1741 1292 1816 plurales
1346 1743 1587 1818 reduxi,
1656 1745 1726 1800 ut
1789 1742 1992 1801 statim
2056 1741 2312 1818 legenti,
2380 1741 2524 1816 quid
2582 1739 2695 1799 sibi

355 1822 502 1964 {elit
548 1842 752 1967 vggpa
803 1825 999 1902 Deus,
1070 1846 1248 1904 quam
1298 1788 1682 1927 apertissime
1738 1829 2002 1903 pateret,
2067 1826 2344 1885 similiter
2397 1828 2577 1901 atque
2637 1826 2697 1883 in

410 1925 539 1982 r1ap
782 1968 793 1973 „

660 2044 945 2106 Naides
989 2049 1225 2125 antiqui
1269 2049 1752 2125 Dryadesque
1795 2048 2053 2108 habuere
2094 2048 2329 2123 Priapi,

828 2131 935 2207 Et,
981 2153 1098 2208 qua
1140 2137 1307 2193 tenta
1350 2134 1461 2194 Dei
1507 2152 1659 2194 vena
1702 2134 1982 2208 subiret,.
2006 2135 2165 2207 erat3

662 2216 839 2275 Nunc
880 2217 1029 2276 adeo
1072 2217 1222 2277 nihil
1267 2222 1388 2293 est,
1437 2219 1585 2278 adeo
1630 2237 1762 2277 mea
1804 2218 1980 2294 plena
2021 2217 2238 2291 libido,

753 2347 761 2355 .
835 2302 919 2361 Ut
960 2302 1270 2378 Nymphas
1314 2322 1518 2365 omnes
1561 2304 1858 2362 interiisse
1901 2305 2129 2377 putem.

358 2504 578 2563 Fateor
634 2507 833 2564 tamen
893 2504 1274 2566 Theocritum
1332 2506 1584 2567 fortasse
1639 2506 1715 2567 ad
1774 2505 2086 2582 Sophoclei
2144 2505 2306 2566 illius
2362 2504 2695 2583 exemplum

361 2581 465 2648 τὸν
518 2585 853 2649 λεύκασπιν
900 2581 1198 2650 Ἀπιόθεν
1252 2597 1422 2666 φωτα
1472 2589 1668 2669 βάντα
1736 2592 2098 2690 singularem
2151 2591 2461 2652 collectivo
2518 2610 2695 2653 sensu

366 2677 663 2752 posuisse,
710 2677 869 2752 quod
913 2678 964 2735 si
1008 2677 1299 2752 probatur
1344 2677 1565 2737 sufficit
1608 2677 1865 2737 scribere
1909 2662 2016 2734 ἅδ’
2065 2673 2175 2734 ἴδε
2220 2666 2404 2747 mica.

537 2760 764 2820 Verum
808 2762 1079 2836 Daphnis
1134 2765 1195 2821 et
1251 2759 1557 2822 benevolis
1613 2766 1943 2822 ceterorum
1999 2763 2443 2837 quaestionibus
2501 2766 2563 2822 et
2614 2762 2688 2820 la-

361 2846 556 2906 scivae
601 2846 802 2922 Priapi
847 2847 1215 2906 cavillationi
1260 2848 1659 2907 silentium
1704 2847 1984 2923 opponit,
2039 2866 2114 2906 ne
2170 2867 2365 2908 amare
2420 2867 2547 2908 sese
2591 2850 2697 2905 aut

364 2930 750 3005 confiteatur,
797 2949 916 3006 quo
947 2931 1176 2991 victum
1208 2952 1269 2992 se
1300 2932 1602 2991 confessus
1646 2936 1831 3008 esset,
1877 2936 1981 2991 aut
2023 2935 2229 3008 neget,
2278 2951 2396 3007 quo
2441 2933 2697 3008 turpiter

360 3015 645 3075 mentitus
701 3018 887 3092 esset,
947 3017 1049 3075 sed
1105 3036 1367 3077 amorem
1413 3016 1488 3076 ad
1531 3021 1785 3077 mortem
1829 3035 2019 3092 usque
2064 3018 2496 3076 consummavit
2536 3018 2595 3076 h.
2640 3037 2691 3074 e.

359 3105 482 3159 tam
525 3100 628 3159 diu
659 3100 842 3160 silens
871 3120 1129 3160 amorem
1175 3103 1468 3178 continet,
1515 3121 1701 3179 usque
1747 3102 1888 3161 dum
1934 3102 2208 3160 moritur:
2252 3098 2438 3159 ἄνυε
2481 3096 2693 3179 πικρὸν
2731 3104 2797 3149 .5

359 3182 544 3261 ἔρωτα
596 3187 857 3261 pertinet
915 3186 990 3244 ad
1048 3186 1213 3246 illam
1270 3187 1595 3247 actionis
1652 3187 2003 3263 passivae
2054 3186 2332 3263 figuram,
2402 3205 2578 3264 quam
2635 3190 2696 3244 et

361 3270 500 3329 olim
547 3270 609 3329 in
652 3270 848 3330 Iahnii
892 3271 1113 3330 annall.
1164 3271 1373 3347 Suppl.
1406 3270 1541 3332 Vol.
1573 3272 1630 3328 V
1660 3267 1887 3351 (1839)
1934 3292 1991 3347 p.
2024 3273 2358 3348 379—383
2403 3275 2465 3332 et
2506 3291 2697 3347 nuper

361 3355 423 3413 in
474 3355 866 3433 prolegomm.
923 3356 999 3415 ad
1057 3357 1261 3427 Quint.
1306 3376 1367 3432 p.
1397 3355 1562 3415 XCII
1591 3376 1681 3432 sq.
1737 3356 2038 3416 illustravi
2092 3375 2166 3416 ne
2222 3358 2397 3416 huius
2455 3357 2695 3432 quidem

362 3440 476 3498 loci
509 3440 839 3499 immemor.
908 3441 1033 3500 Nec
1077 3442 1173 3500 hic
1217 3461 1343 3501 rem
1389 3442 1771 3518 repetissem,
1817 3442 1931 3500 nisi
1976 3441 2124 3501 mire
2153 3442 2385 3517 lapsum
2415 3441 2696 3503 vidissem

361 3524 736 3584 Gebauerum
767 3524 872 3600 qui
903 3545 960 3601 p.
987 3527 1064 3585 81
1112 3527 1308 3585 locum
1354 3527 1441 3586 ita
1483 3526 1827 3603 detorquet:
1873 3526 2196 3603 „studebat
2227 3545 2401 3586 suum
2433 3544 2694 3584 amorem

361 3611 736 3687 exstinguere
783 3611 877 3669 vel
922 3611 1368 3686 comprimere.“
1458 3611 1590 3671 Hoc
1634 3611 1990 3689 gravissimo
2034 3611 2247 3671 invicti
2300 3609 2483 3670 animi
2528 3610 2695 3670 testi-

361 3696 561 3754 monio
606 3695 847 3769 prima
889 3714 1025 3772 pars
1069 3696 1401 3756 absolvitur
1447 3692 1714 3776 (antistr.
1744 3688 1854 3774 β’).

528 3781 656 3839 Iam
712 3780 776 3839 in
831 3780 1077 3839 altera
1142 3784 1311 3857 parte
1363 3782 1598 3840 accedit
1649 3781 1896 3841 Venus
1953 3781 2124 3840 dulce
2177 3779 2426 3840 ridendo
2483 3799 2693 3857 graves

358 3867 540 3925 animi
586 3867 706 3925 iras
750 3866 947 3925 celans
993 3862 1110 3944 (ita
1153 3865 1373 3941 scripto
1417 3858 1568 3923 ἆδέα
1616 3869 1676 3925 et
1720 3861 1814 3924 ἔνι’
1849 3885 1958 3942 pro
2004 3859 2123 3924 ἀνά
2168 3884 2302 3925 cum
2346 3864 2695 3940 probatissi-

359 3953 474 4010 mis
516 3950 952 4025 interpretibus
995 3951 1191 4009 locum
1236 3947 1452 4030 capio),
1514 3953 1692 4026 atque
1735 3970 1881 4010 num
1927 3970 1988 4010 se
2033 3969 2229 4009 amore
2274 3949 2498 4010 victum
2543 3950 2693 4009 fate·

361 4040 525 4110 atur,
572 4054 691 4094 non
735 4036 865 4095 sine
910 4038 1117 4111 aperta
1161 4035 1473 4110 superbiae
1517 4036 1679 4095 illius
1724 4036 2112 4113 castigatione
2141 4036 2379 4110 quaerit
2420 4031 2555 4113 (str.
2586 4030 2691 4116 α’).

362 4119 604 4179 Victum
648 4120 698 4178 si
743 4139 806 4179 se
849 4120 1142 4180 fateretur
1182 4120 1482 4196 Daphnis,
1540 4119 1698 4179 haud
1745 4120 1923 4180 dubie
1967 4120 2171 4180 Venus
2215 4120 2591 4179 reconciliata
2634 4124 2695 4180 et

364 4223 620 4263 amorem
667 4208 730 4263 et
771 4205 958 4263 vitam
1003 4205 1058 4264 ei
1103 4205 1476 4280 concederet,
1522 4207 1593 4263 ut
1635 4205 1787 4264 Aiax
1832 4205 2226 4281 Sophocleus,
2273 4205 2324 4263 si
2368 4205 2463 4265 vel
2507 4224 2693 4265 unum

364 4288 521 4347 diem
567 4307 816 4364 poenam
860 4290 1147 4351 divinitus
1193 4290 1519 4349 immissam
1563 4291 1819 4350 tolerare
1863 4290 2186 4366 sustineat,
2233 4289 2391 4350 Deae
2436 4291 2525 4348 ira
2564 4291 2691 4367 pla-

364 4377 495 4432 cata
537 4374 791 4433 salutem
837 4376 1216 4452 oppetiturus
1260 4377 1373 4434 est.
1452 4374 1568 4434 Sed
1616 4375 1716 4434 ille
1760 4393 1879 4434 non
1923 4375 2117 4434 solum
2160 4375 2256 4435 vel
2300 4375 2363 4433 in
2409 4373 2562 4435 Oreo
2607 4377 2693 4435 in·

365 4459 586 4517 victum
631 4478 694 4518 se
737 4459 860 4519 fore
902 4461 1205 4536 praedicat
1246 4480 1280 4520 a
1310 4459 1559 4520 Veneris
1591 4461 1946 4537 Amorisque
1991 4461 2262 4536 potentia
2305 4456 2563 4537 (antistr.
2589 4457 2693 4541 α’),

464 4565 701 4616 xoehly.
728 4565 972 4606 Schriften.
1004 4568 1040 4607 1.
1796 4610 1803 4618 ,
2225 4562 2290 4611 3⁶2
