3132 5129
347 2570 410 2615 27

1358 365 1816 428 —172-

720 530 1110 599 σκηπτοῦχοι·
1157 524 1344 599 κῆρυξ
1389 517 1456 580 δὲ
1499 542 1785 616 μετωχετο
1828 525 2003 581 θεῖον
2045 516 2274 584 ἆοιδόν.

820 603 1014 686 κούρω
1060 605 1123 666 δὲ
1166 601 1479 685 κρινθέντε
1522 581 1649 665 δύω
1694 604 1794 666 καὶ
1837 601 2206 684 πεντήκοντα

717 681 928 795 βήτην,
975 687 1058 764 ὥς
1104 686 1392 768 ἐκέλευσᾎ
1440 688 1536 750 ἐπὶ
1578 684 1712 751 θῖν’
1757 682 1896 763 ἆλὸς
1937 686 2299 794 ἀτρυγέτοιο.

717 771 907 854 αὐτὰρ
951 774 1083 836 ἐπεί
1121 772 1182 857 ῤ’
1231 774 1326 836 ἐπὶ
1374 784 1487 855 νῆα
1530 772 1877 854 κατήλυθον
1918 771 2026 855 ἠδὲ
2068 771 2420 856 θάλασσαν,
2687 788 2760 836 50

718 861 834 939 νῆα
877 857 988 940 μὲν
1030 860 1100 920 οἴ
1132 884 1196 940 γε
1238 857 1526 940 μέλαιναν
1566 858 1707 933 ἁλὸς
1751 859 2043 938 βένθοσδε
2088 860 2364 941 ἔρυσσαν,

720 944 786 1005 ἐν
829 942 889 1006 δ’
939 940 1102 1006 ἱστόν
1145 942 1198 1005 τ’
1247 944 1517 1007 ἐτίθεντο
1562 945 1663 1007 καὶ
1708 946 1865 1006 ίστία
1911 943 2011 1025 νηὶ
2055 947 2334 1029 μελαίνῃ,

717 1027 1054 1108 ἠρτύναντο
1097 1027 1157 1091 δ’
1206 1022 1413 1109 έρετμα
1454 1037 1694 1134 τροποῖς
1739 1030 1807 1091 ἐν
1850 1030 2274 1132 δερματίνοισι,

716 1111 910 1176 πάντα
953 1114 1101 1176 κατὰ
1146 1122 1389 1196 μοῖραν·
1435 1110 1555 1176 άνά
1598 1112 1667 1176 θ’
1718 1116 1875 1176 ἶστία
1918 1111 2099 1178 λευκὰ
2142 1114 2474 1179 πέτασσαν·

716 1197 886 1275 ὑψοῦ
931 1197 990 1261 δ’
1040 1200 1107 1262 ἐν
1150 1199 1321 1284 νοτίῳ
1364 1195 1476 1280 τήν
1516 1197 1580 1279 γ’
1628 1220 1927 1281 ωρμισαν·
1973 1196 2164 1283 αὐτὰρ
2209 1200 2412 1263 ἔπειτα
2686 1214 2758 1262 55

716 1281 836 1364 βάν
881 1282 942 1365 ῤ’
991 1309 1130 1384 ιμεν
1167 1262 1498 1348 Ἀλκινόοιο
1540 1286 1868 1366 δαΐφρονος
1913 1284 1973 1360 ἐς
2018 1285 2166 1366 μέγα
2212 1285 2395 1366 δῶμα.

715 1374 944 1449 πλῆντο
988 1367 1044 1429 δ’
1090 1361 1176 1450 άρ’
1223 1370 1523 1431 αἴθουσαί
1561 1394 1621 1433 τε
1665 1370 1840 1433 καὶ”
1809 1394 1981 1451 ερκεα
2025 1371 2125 1433 καὶ
2170 1368 2336 1451 δόμοι
2378 1365 2637 1452 ἀνδρῶν.

652 1459 673 1516 i
720 1462 912 1517 τοῖσιν
956 1452 1013 1514 δ’
1058 1452 1358 1529 Ἀλκίνοος
1403 1456 1763 1517 δυοκαίδεκα
1804 1452 1934 1536 μῆλ’
1983 1453 2267 1537 ἱέρευσεν,
2686 1469 2758 1516 59

718 1535 868 1601 ὀκτώ
914 1537 967 1600 δ’
1014 1532 1483 1644 ἀργιόδοντας
1444 1565 1592 1617 νας,
1633 1536 1744 1602 δύο
1788 1538 1849 1602 δ’
1897 1541 2194 1615 εἰλίποδας
2237 1546 2416 1623 βοῦς·

718 1647 854 1697 τους
898 1624 1073 1705 δέρον
1114 1623 1276 1704 ἀμφί
1312 1621 1386 1684 θ’
1411 1623 1615 1704 επον,
1663 1621 1973 1687 τετύκοντό
2015 1648 2075 1688 τε
2121 1624 2273 1688 δαῖτ’
2323 1625 2649 1709 ἐρατεινήν.

657 1714 678 1771 i
809 1715 994 1789 κῆρυξ
1039 1705 1099 1769 δ’
1150 1704 1409 1791 ἐγγύθεν
1450 1703 1722 1791 ἦλθεν”
1686 1735 1860 1816 αγων
1896 1710 2132 1811 ἐρίηρον
2176 1710 2406 1791 ἀοιδόν,

717 1793 822 1855 τὸν
864 1794 997 1877 πέρι
1040 1792 1217 1874 μοῦσ’
1266 1794 1540 1876 ἐφίλησε,
1588 1796 1758 1857 δίδου
1802 1792 1860 1855 δ’
1888 1790 2161 1901 ἇγαθόν
2190 1820 2249 1859 τε
2294 1797 2482 1858 κακόν
2527 1817 2616 1858 τε·

717 1876 1083 1985 ὀφθαλμῶν
1096 1878 1209 1959 μὲν
1249 1878 1506 1958 ἄμερσε,
1553 1880 1723 1942 δίδου
1770 1878 1825 1941 δ’
1872 1876 2087 1959 ἡδεῖαν
2127 1873 2361 1982 ἆοιδήν.

682 1981 685 1984 ’
815 1975 894 2050 τῷ
939 1960 998 2024 δ’
1042 1989 1157 2045 αρα
1203 1961 1540 2039 Ποντόνοος
1580 1972 1739 2045 θῆκε
1783 1960 2011 2046 θρόνον
2052 1961 2420 2047 ἀργυρόηλον
2678 1980 2750 2026 65

711 2028 908 2153 μέσσῳ
954 2047 1355 2129 δαιτυμόνων,
1399 2050 1548 2131 πρὸς
1592 2051 1766 2112 κίονα
1810 2051 2043 2133 μακρὸν
2086 2051 2341 2132 ἐρείσας·

715 2130 827 2196 καδ
870 2113 927 2196 δ’
977 2136 1042 2197 ἐκ
1086 2131 1428 2214 πασσαλόφι
1471 2134 1764 2244 κρέμασεν
1808 2135 2104 2217 φόρμιγγα
2147 2137 2374 2218 λίγειαν

713 2210 898 2282 αὐτοῦ
941 2217 1092 2323 ὑπὲρ
1134 2224 1398 2302 κεφαλῆς
1441 2220 1542 2281 καὶ
1586 2220 1900 2321 ἐπέφραδε
1922 2221 2123 2303 χερσὶν
2166 2218 2406 2282 ἑλέσθαι

714 2310 936 2412 κηρυξ·
983 2302 1102 2387 πᾶρ
1148 2303 1207 2366 δ’
1258 2302 1444 2367 ἐτίθει
1488 2305 1710 2369 κάνεον
1751 2302 1938 2385 καλήν
1982 2330 2042 2368 τε
2086 2305 2402 2406 τράπεζαν,

669 2449 674 2453 .
714 2412 832 2471 παρ
877 2391 943 2452 δὲ
990 2390 1173 2463 δέπας
1218 2391 1438 2491 οἴνοιο,
1481 2397 1647 2453 πιεῖν
1690 2384 1783 2453 ότε
1828 2386 2027 2472 θυμός
2072 2386 2313 2472 άνωγοι.
2686 2405 2757 2452 70

716 2478 775 2536 οἳ
820 2472 876 2534 δ’
927 2473 1022 2536 ἐπ’
1071 2468 1303 2538 ὀνείαθ’
1356 2475 1554 2555 ἑτοῖμα
1599 2478 1953 2575 προκείμενα
1998 2484 2195 2557 χεῖρας
2242 2477 2465 2538 ιαλλον.

816 2586 1005 2642 αυταρ
1051 2560 1177 2623 ἐπεὶ
1219 2556 1424 2635 πόσιος
1467 2561 1570 2623 και
1612 2555 1853 2641 ἐδητύος
1885 2560 1944 2638 ἐξ
1992 2559 2205 2641 ἕρον”
2171 2585 2336 2639 εντο,

711 2643 891 2725 μοῦσ’
938 2644 1039 2726 ἄρ’
1087 2642 1299 2707 άοιδόν
1341 2644 1571 2727 άνῆκεν
1612 2645 1948 2749 ἀειδέμεναι
1991 2645 2131 2708 κλέα
2173 2644 2420 2726 ἀνδρῶν

712 2730 921 2810 οἴμης,
968 2740 1071 2811 τῆς
1116 2729 1240 2792 τότ’
1287 2732 1407 2813 ἄρα
1450 2730 1616 2806 κλέος
1661 2728 1921 2812 οὐρανὸν
1964 2729 2151 2812 εὐρὺν
2193 2732 2400 2812 ικανε,

713 2822 908 2888 νεῖκος
947 2812 1274 2895 Ὀδυσσῆος
1317 2817 1418 2879 καὶ
1464 2817 1776 2895 Πηλεΐδεω
1815 2813 2110 2897 Ἀχιληος,
2678 2830 2747 2878 75

711 2898 794 2973 ὥς
838 2922 978 2963 ποτε
1022 2902 1341 2981 δηρίσαντο
1385 2908 1556 2963 θεῶν
1601 2901 1667 2963 ἐν
1710 2900 1867 2962 δαιτὶ
1911 2902 2129 2986 θαλείη

715 2983 1025 3064 ἐκπάγλοις
1070 2983 1362 3087 ἐπέεσσιν,
1405 2987 1557 3059 ἄναξ
1601 2983 1663 3047 δ’
1709 2984 1954 3067 ἄνδρων
1991 2965 2374 3068 Ἀγαμέμνων

712 3077 875 3151 χαῖρε
920 3069 1069 3154 νόω,
1114 3068 1204 3133 ὅτ’
1251 3065 1480 3153 άριστοι
1517 3066 1773 3150 Ἀχαιων
1820 3064 2159 3177 δηριόωντο.

715 3149 828 3237 [οἷς
872 3155 988 3236 γάρ
1029 3157 1094 3218 οί
1130 3158 1343 3236 χρείων
1384 3155 1701 3255 μυθήσατο
1749 3160 1976 3237 Φοῖβος
2016 3153 2316 3218 Ἀπόλλων

718 3245 934 3302 Πυθοῖ
968 3240 1035 3302 ἐν
1075 3239 1345 3347 ἠγαθέη,
1390 3239 1498 3303 ὅθ’
1548 3233 1780 3322 ὑπέρβη
1823 3242 2032 3304 λάινον
2072 3238 2307 3343 οὐδόν.]
2682 3254 2755 3303 80

632 3330 670 3387 k
799 3321 967 3386 ταῦτ’
1013 3325 1090 3407 ἄρ
1160 3323 1364 3401 άοιδός
1408 3319 1569 3388 αειδε
1614 3326 2000 3404 περικλυτός·
2044 3323 2235 3407 αύταρ
2270 3317 2592 3401 Ὀδυσσεὺς
2682 3339 2751 3387 83

718 3410 1063 3491 πορφύρεον
1103 3410 1250 3493 μέγα
1295 3423 1486 3492 φαρος
1533 3410 1685 3473 ἔλων
1727 3412 1888 3492 χερσὶ
1930 3412 2241 3517 στιβαρῇσι
2506 3422 2513 3435 ”

715 3494 832 3554 κὰκ
875 3501 1137 3577 κεφαλῆς
1182 3496 1458 3601 ειρυσσε,
1496 3494 1733 3572 κάλυψε
1777 3495 1845 3557 δὲ
1886 3495 2036 3557 καλὰ
2080 3496 2399 3576 πρόσωπα·
2681 3508 2749 3557 85

709 3579 909 3642 αἴδετο
952 3604 1065 3662 γαρ
1107 3583 1380 3660 Φαίηκας
1425 3578 1535 3642 ὑπ’
1583 3577 1808 3662 ὀφρύσι
1857 3578 2084 3662 δάκρυα
2126 3583 2364 3661 λείβων.

651 3668 672 3725 l
799 3658 840 3744 ἦ
885 3689 972 3727 τοι
1014 3665 1108 3726 ὅτε
1153 3666 1383 3745 ληξειεν
1424 3663 1647 3727 άείδων
1690 3672 1857 3739 θεῖος
1901 3663 2140 3743 άοιδός,

711 3748 927 3829 δάκρυ’
975 3746 1368 3855 ὀμορξάμενος
1413 3753 1676 3830 κεφαλῆς
1719 3751 1840 3812 απο
1884 3774 2075 3829 φαρος
2121 3749 2353 3828 ἕλεσκε,

709 3834 809 3895 καὶ
852 3834 1036 3907 δέπας
1077 3832 1528 3915 άμφικύπελλον
1572 3834 1722 3897 ἑλὼν
1764 3836 2081 3903 σπείσασκε
2123 3841 2391 3897 θεοῖσιν·

642 3922 664 3980 l
790 3915 978 4000 αὖταρ
1023 3918 1111 3983 οτ’
1158 3918 1254 3996 αψ
1295 3920 1530 4001 αρχοιτο
1574 3921 1676 3982 καὶ
1718 3918 2032 4001 ὀτρύνειαν
2073 3915 2303 3982 άείδειν
2676 3932 2748 3980 90

707 4004 998 4083 Φαιήκων
1039 4006 1103 4066 οῖ
1137 4006 1392 4105 ἄριστοι,
1439 4004 1566 4067 ἐπεὶ
1609 4003 1876 4084 τέρποντ’
1927 4003 2224 4083 ἐπέεσσιν,

705 4085 801 4165 αψ
838 4087 1120 4164 Οδυσεὺς
1163 4115 1310 4152 κατα
1356 4100 1544 4170 κρᾶτα
1586 4086 2006 4169 καλυψάμενος
2049 4092 2367 4171 γοάασκεν.

626 4177 666 4233 k
795 4172 934 4236 ἔνθ’
967 4174 1184 4250 αλλους
1213 4176 1325 4255 μὲν
1351 4176 1582 4248 πάντας
1614 4175 1911 4237 ἐλάνθανε
1942 4170 2170 4279 δάκρυα
2202 4175 2437 4255 λείβων,
2505 4185 2746 4234 93--532

705 4251 1000 4333 ’Λλκίνοος
1045 4258 1113 4321 δέ
1154 4285 1259 4339 μιν
1301 4255 1421 4334 οἷος
1467 4256 1831 4337 ἐπεφράσατ’
1878 4252 1977 4339 ἠδ’
2028 4258 2276 4360 ἐνόησεν

709 4340 1371 4509 Ζῗῷζοςδέᾌωὲῗῖἔὲ
1391 4343 2126 4512 ,ᾗῗξῖιτῗωῖἷᾞέξῖὦῗ
2154 4338 2441 4406 “ww
