3132 5129
355 472 517 531 filum
576 473 756 549 quasi
802 472 1167 532 Ariadneum
1224 473 1535 546 habemuS,
1594 494 1713 549 quo
1759 476 1852 533 usi
1898 476 1958 533 in
2004 476 2202 551 longis
2248 477 2374 535 eius
2421 477 2698 536 carminis

356 557 657 616 erroribus
703 561 882 632 atque
926 557 1278 634 ambagibus
1323 562 1543 618 rectam
1589 563 1745 618 viam
1790 561 2068 636 persequi
2108 561 2424 633 possimus,
2470 566 2539 619 ut
2568 580 2699 636 pro-

356 643 508 701 fecto
556 641 773 700 subeat
816 643 1051 716 mirari,
1111 643 1254 719 quid
1299 644 1381 703 sit
1422 643 1581 719 quod
1627 663 1800 703 nemo
1846 645 1987 702 dum
2031 645 2106 702 ad
2154 662 2390 704 carmen
2433 666 2469 704 a
2513 647 2696 704 Lach-

354 745 572 785 manno
631 745 1033 797 successorum
1093 746 1264 787 curae
1319 748 1377 804 p.
1428 730 1503 785 21
1553 729 1773 788 diserte
1829 730 2300 788 commendatum
2366 731 2699 806 integritati

354 811 794 870 restituendum
847 812 958 871 hoc
1014 814 1473 872 instrumentum
1529 814 1916 889 applicuerit,
1976 815 2326 889 praesertim
2382 835 2517 874 cum
2582 816 2697 874 iam

354 900 533 956 antea
577 896 922 956 Geistius
976 898 1039 956 in
1099 898 1615 974 disquisitionibus
1658 898 1994 958 Homericis
2050 901 2479 976 programmati
2525 920 2695 975 gym-

356 982 509 1041 nasii
534 980 831 1042 Gissensis
860 1002 915 1041 a.
950 984 1110 1041 1832
1138 983 1478 1058 praemissis
1508 1003 1565 1058 p.
1604 987 1843 1042 10—21
1872 981 1979 1060 [=
2011 984 2201 1042 Iahnii
2231 985 2455 1043 annall.
2490 984 2698 1059 Suppl.

356 1066 495 1124 Vol.
529 1066 577 1141 1,
611 1069 651 1123 4
686 1063 911 1146 (1833)
941 1087 1002 1142 p.
1038 1068 1159 1126 603
1193 1065 1349 1146 sqq.]
1401 1069 1631 1143 „multa
1663 1068 2027 1143 singularia“
2073 1069 2133 1126 in
2177 1087 2245 1127 eo
2277 1070 2454 1129 obvia
2497 1069 2697 1128 lauda-

354 1152 462 1209 bili
522 1150 837 1226 diligentia
892 1152 1232 1228 collegisset
1286 1153 1540 1228 indeque
1599 1154 1792 1228 „hanc
1844 1154 2223 1229 rhapsodiam
2278 1159 2384 1212 aut
2440 1156 2696 1229 serioriS‚

354 1239 462 1294 aut
506 1235 777 1295 diversae
821 1257 857 1294 a
901 1238 1112 1295 ceteris
1156 1237 1405 1314 originis
1450 1257 1608 1313 esse,
1655 1241 1762 1296 aut
1806 1242 1961 1297 certe
2004 1240 2194 1296 multa
2224 1240 2698 1309 interpolationis

357 1321 419 1379 in
439 1340 511 1379 ea
532 1324 770 1379 exstare
786 1321 1078 1398 vestigia“
1103 1322 1502 1382 conclusisset.
1526 1323 1679 1380 Tum
1704 1318 1858 1381 Hau
1874 1326 1983 1398 pti
2001 1342 2078 1381 us
2109 1341 2250 1381 sane
2277 1344 2333 1399 p.
2366 1326 2696 1382 loo—109

366 1406 589 1481 optime
621 1406 696 1465 de
725 1406 836 1464 hoc
867 1407 1127 1465 carmine
1158 1408 1406 1466 meritus
1438 1410 1545 1482 est,
1582 1409 1685 1483 qui
1715 1427 1918 1467 versus
1949 1410 2304 1466 418-431,
2342 1409 2697 1466 508-511.

365 1492 723 1550 711—792.
772 1493 1124 1550 907-909,
1196 1493 1245 1548 Ζ
1292 1496 1320 1549 1
1373 1494 1564 1551 causis
1610 1494 1753 1551 satis
1796 1494 2080 1569 gravibus
2126 1494 2270 1551 scite
2316 1494 2592 1568 expositis
2637 1495 2700 1551 in

358 1570 759 1651 suspicionem
793 1577 1046 1651 vocavit,
1097 1596 1351 1651 quorum
1383 1579 1669 1636 maiorem
1716 1582 1948 1653 partem
1994 1579 2322 1637 necessario
2368 1577 2694 1636 tollendam

360 1678 486 1719 esse
530 1661 827 1719 minorem
872 1662 998 1719 sine
1044 1662 1322 1721 carminis
1369 1661 1729 1721 detrimento
1776 1663 1909 1722 tolli
1937 1682 2056 1722 non
2089 1682 2259 1739 posse
2292 1663 2502 1721 deinde
2534 1663 2698 1722 vide-

360 1745 577 1804 bimus,
669 1745 785 1804 Sed
831 1764 966 1804 cum
1013 1746 1084 1804 de
1130 1748 1318 1805 totius
1364 1747 1644 1806 carminis
1686 1751 2038 1824 argumento
2083 1767 2157 1808 ne
2201 1747 2301 1806 ille
2349 1747 2587 1822 quidem
2634 1749 2697 1806 in
2732 1755 2795 1802 19

363 1831 707 1889 universum
760 1830 1197 1906 admonuisset,
1267 1831 1327 1890 H
1342 1833 1613 1890 olmius
1679 1842 1813 1891 eum
1872 1836 2104 1892 secutus
2160 1834 2222 1890 in
2280 1832 2696 1890 dissertatione

358 1914 701 1974 Catharinei
746 1914 1108 1975 Lubecensis
1151 1918 1581 1993 programmati
1640 1938 1694 1975 a.
1745 1919 1906 1975 1853
1963 1918 2286 1992 praemissa
2341 1937 2400 1992 p.
2450 1917 2488 1974 4
2548 1917 2696 1975 bene

359 1999 600 2075 quidem
661 2000 993 2060 608—698
1052 2002 1385 2075 damnavit,
1446 2001 1545 2059 sed
1611 2005 1672 2060 et
1727 2000 1994 2059 delendis
2050 2003 2385 2061 508—593
2445 2021 2502 2077 p.
2550 2002 2587 2059 5
2634 2003 2697 2059 in

360 2084 515 2143 bona
587 2102 763 2143 causa
826 2085 1199 2144 audaciorem
1266 2105 1443 2161 quam
1513 2086 2093 2161 circumspectiorem
2161 2106 2223 2146 se
2296 2086 2573 2162 praebuit
2639 2088 2701 2144 et

362 2170 606 2230 resectis
649 2190 705 2244 p.
757 2172 792 2228 6
839 2170 1019 2228 etiam
1068 2174 1123 2226 A
1167 2171 1523 2231 422—538.
1570 2171 1629 2227 Ε
1676 2172 1879 2229 1-83
1925 2172 2074 2230 adeo
2119 2172 2418 2247 integrum
2465 2162 2696 2230 carmen

360 2255 554 2330 capite
585 2255 923 2330 turpissime
952 2256 1274 2317 truncavit.
1319 2253 1505 2315 Vides
1551 2274 1732 2331 quam
1776 2257 1837 2313 in
1882 2255 1993 2315 hoc
2040 2256 2280 2332 quidem
2326 2256 2482 2314 bona
2526 2256 2698 2313 malis

359 2341 546 2398 mixta
600 2340 750 2414 sint,
808 2340 1091 2416 quoniam
1147 2340 1401 2417 singulis
1454 2340 1811 2415 quibusdam
1866 2342 1980 2398 etsi
2032 2360 2136 2415 per
2179 2360 2241 2399 se
2285 2340 2698 2415 probabilibus

364 2426 679 2482 contentus
724 2425 1243 2484 observationibus
1275 2427 1337 2483 in
1368 2428 1558 2484 totam
1589 2427 1851 2484 universi
1883 2426 2163 2483 carminis
2193 2426 2485 2483 rationem
2517 2428 2697 2500 atque

362 2508 623 2568 indolem
684 2509 983 2585 inquirere
1039 2511 1323 2588 neglexit.
1411 2509 1687 2570 Praestat
1743 2510 1929 2587 igitur
1983 2510 2157 2569 huius
2205 2510 2444 2586 quidem
2500 2510 2699 2584 ipsum

360 2594 622 2653 breviter
650 2599 1067 2671 argumentum
1100 2596 1471 2670 adumbrare,
1523 2596 1808 2671 versibuS,
1857 2596 1957 2671 qui
1989 2595 2229 2672 quidem
2261 2595 2505 2672 genuini
2538 2597 2695 2670 sunt,

362 2678 436 2736 ad
484 2679 813 2756 marginem
856 2680 1100 2740 notatiS.
2359 2673 2364 2679 ’

533 2761 888 2823 Graecorum
944 2771 1123 2840 atque
1169 2765 1560 2824 Troianorum
1609 2765 1810 2841 copiae
1855 2765 2161 2824 instructis
2207 2764 2512 2824 ordinibus
2559 2763 2696 2823 illae
2731 2761 2786 2813 Δ
2815 2768 3084 2816 422-456

359 2847 600 2923 quidem
646 2849 1029 2909 Minervae
1072 2851 1181 2909 hae
1236 2870 1376 2909 vero
1435 2851 1704 2909 Martis
1760 2851 2002 2909 numine
2055 2850 2334 2908 incitatae
2391 2850 2695 2925 utrimque
2843 2855 2852 2862 '

360 2932 857 3009 progrediuntur,
918 2934 1133 3009 quibus
1189 2935 1680 2994 concurrentibus
1732 2935 1944 3011 ingens
2000 2953 2134 2993 cum
2178 2934 2355 2993 caede
2401 2936 2695 2994 tumultus
2725 2944 2996 2992 539-544

364 3019 660 3092 utrimque
726 3018 1038 3092 miscetur,
1115 3022 1211 3092 ut,
1276 3021 1326 3078 si
1392 3020 1527 3095 quis
1594 3020 1895 3079 Minervae
1968 3038 2146 3077 manu
2213 3019 2423 3077 ductus
2492 3038 2692 3077 secure

363 3102 671 3161 mediam
716 3103 902 3162 aciem
945 3105 1305 3180 perlustrare
1350 3106 1564 3178 possit,
1610 3104 1838 3163 neutris
1881 3105 2181 3181 ignaviam
2226 3104 2563 3162 obiecturus
2594 3105 2690 3162 sit.

361 3186 487 3245 Iam
534 3204 672 3245 vero
731 3187 934 3246 eadem
979 3189 1252 3249 Minerva
1294 3188 1718 3248 Diomedem
1773 3189 1997 3265 insigni
2043 3207 2184 3262 prae
2230 3188 2441 3247 ceteris
2484 3189 2696 3247 robore
2727 3200 2783 3255 E
2817 3208 2978 3254 1——63

360 3273 719 3330 instructum
764 3273 1030 3332 mediis
1074 3273 1348 3333 hostibus
1392 3275 1671 3332 immittit
1705 3292 1810 3332 sua
1840 3273 2191 3332 fortitudine
2222 3291 2424 3331 omnes
2456 3293 2694 3349 supera-

361 3361 580 3418 turum.
671 3355 786 3425 Qui
839 3357 1081 3433 quidem
1147 3362 1465 3434 postquam
1519 3358 1807 3418 ambobus
1867 3358 2104 3416 Daretis
2163 3356 2304 3416 filiis
2363 3357 2694 3417 interfectis

360 3460 617 3500 omnes
649 3444 878 3500 terrore
907 3443 1106 3502 hostes
1139 3444 1476 3519 complevit,
1510 3444 1621 3502 dea
1650 3442 1861 3502 callide
1891 3443 2147 3502 Martem
2180 3461 2211 3500 e
2241 3461 2442 3518 pugna
2473 3442 2691 3514 educit,

358 3544 474 3602 quo
539 3525 699 3585 facto
765 3527 883 3584 iam
947 3527 1339 3588 Troianorum
1402 3529 1556 3588 acies
1621 3527 1945 3586 inclinatur
2019 3524 2257 3606 (Τρῶας
2325 3520 2386 3583 δ’
2453 3521 2693 3585 ἔκλιναν

364 3607 615 3685 Δαναοί,
661 3605 753 3668 ἕλε
800 3605 860 3667 δ’
907 3607 1100 3689 ἄνδρα
1130 3607 1374 3683 ἕκαστοςΙ
1413 3609 1423 3691 Ι
1460 3606 1770 3690 ἡγεμόνων
1815 3614 1892 3670 37
1927 3607 2045 3692 sq.)
2094 3631 2195 3671 sex
2228 3611 2479 3686 singulis
2512 3610 2687 3670 Grae·
2721 3626 2960 3675 65-182

357 3715 564 3755 corum
622 3695 871 3754 ducibus
926 3696 1191 3774 singulos
1248 3699 1446 3757 hostes
1504 3696 1998 3757 interficientibus
2043 3696 2332 3755 Diomede
2375 3714 2515 3755 vero
2561 3696 2690 3753 uni-

358 3799 560 3840 versas
615 3799 821 3840 eorum
872 3781 1195 3859 phalanges
1247 3784 1426 3859 longe
1485 3782 1729 3858 lateque
1785 3784 2201 3857 prosternente
2245 3775 2577 3859 (Τυδεΐδην
2622 3774 2684 3836 δ’

358 3857 468 3922 οὐκ
507 3858 589 3920 ἄν
616 3862 855 3942 γνοίης,
913 3861 1205 3945 ποτέροισι
1247 3864 1475 3943 μετείη,
1515 3864 1526 3944 Ι
1563 3860 1633 3942 ἠὲ
1676 3863 1817 3941 μετὰ
1871 3859 2172 3943 Τρώεσσιν
2216 3859 2434 3941 ὁμιλέοι
2475 3858 2519 3940 ἦ
2562 3858 2687 3938 μετ’

352 3942 610 4025 Ἀχαιοῖς
656 3950 737 4009 85
769 3970 877 4025 sq.‚
924 3971 1073 4028 quos
1104 3972 1310 4012 versus
1355 3952 1430 4011 cf.
1478 3969 1613 4010 cum
1656 3952 1712 4006 A
1742 3949 2125 4027 539—542),
2171 3951 2357 4008 donec
2388 3948 2692 4008 Pandarus

355 4035 634 4095 invocato
680 4035 965 4110 Apolline
1021 4038 1242 4115 sagitta
1285 4038 1666 4097 vulneratum
1709 4036 1936 4113 proelio
1982 4035 2259 4094 excedere
2304 4033 2484 4109 cogit.
2576 4033 2689 4091 Hic

359 4119 604 4196 quidem
646 4121 925 4196 primus
968 4123 1135 4198 quasi
1181 4122 1467 4181 dramatis
1511 4125 1677 4181 actus
1720 4120 1944 4194 finitur,
1993 4138 2110 4195 quo
2142 4118 2456 4177 Diomedes
2504 4118 2691 4178 divini

357 4204 578 4264 inscius
636 4205 843 4263 auxilii
897 4207 1124 4266 civibus
1182 4212 1682 4284 propugnaverat.
1771 4206 1897 4263 Iam
1955 4204 2227 4280 sequitur
2283 4203 2511 4278 alter,
2575 4223 2692 4280 quo

358 4289 458 4349 ille
514 4293 841 4366 postquam
901 4291 1071 4350 deam
1130 4294 1383 4351 maxime
1429 4291 1729 4351 vindictae
1786 4289 2101 4350 sumendae
2149 4306 2324 4347 causa
2368 4289 2690 4361 invocavit,

357 4373 430 4432 ab
487 4394 559 4434 ea
616 4393 741 4434 non
797 4382 1096 4437 recreatus
1151 4379 1384 4436 tantum
1441 4376 1544 4436 sed
1601 4375 1780 4435 etiam
1840 4374 1912 4433 de
1969 4374 2156 4449 ipsius
2214 4373 2432 4432 auxilio
2478 4375 2694 4432 certior

2207 4468 2288 4524 6*
