3132 5129
1491 1221 1633 1308 XI.

768 1413 1361 1484 Coniectaneorum
1400 1412 1742 1502 epicorum
1780 1412 2153 1484 fascienlus
2190 1408 2372 1505 111¹).

567 1584 760 1654 Quam
805 1603 1012 1643 verum
1058 1584 1139 1657 suit
1183 1584 1569 1643 decantatum
1614 1582 1764 1642 illud
1809 1582 2047 1643 Horatii

547 1735 630 1744 —
674 1700 876 1762 vitae
921 1702 1491 1762 summabrevis
1537 1720 1743 1777 spem
1785 1721 1917 1762 nos
1961 1703 2174 1761 vetat
2214 1702 2572 1762 incohare

1344 1787 1640 1863 longam
1685 1818 1785 1864 —,

385 1925 506 1965 non
551 1907 680 1965 sine
709 1907 1061 1983 gravissima
1089 1907 1271 1965 animi
1317 1906 1714 1965 commotione
1757 1925 1864 1965 nos
1895 1906 2189 1982 philologi
2219 1926 2411 1981 nuper
2442 1908 2734 1968 admoniti

387 2011 595 2050 sumus
641 1991 877 2050 funesta
923 1991 1242 2067 subitaque
1288 1991 1740 2049 duumvirorum
1772 1989 2257 2066 Gottingensium
2304 1995 2523 2067 morte,
2572 1993 2731 2052 Fri-

389 2076 629 2134 derici
689 2075 1091 2135 Guilielmi
1154 2074 1712 2135 Schneidewini
1780 2079 1962 2151 atque
2029 2073 2281 2134 Caroli
2349 2076 2731 2137 Friderici

389 2161 604 2219 Herm
621 2161 810 2220 anni.
899 2161 988 2219 Ex
1042 2160 1319 2236 plurimis
1375 2179 1515 2219 vero
1570 2161 1752 2237 longo
1810 2164 2108 2235 terrarum
2164 2163 2364 2220 tractu
2420 2164 2729 2237 separatiS,

390 2245 604 2321 quibus
659 2246 1306 2320 praestantissimorum
1360 2246 1705 2305 mortalium
1760 2246 1952 2304 exitus
2006 2244 2223 2305 flebilis
2278 2246 2520 2320 accidit,
2573 2246 2732 2305 haud

388 2331 512 2390 scio
555 2349 632 2388 an
675 2349 790 2406 ego
834 2330 886 2390 is
931 2331 1174 2405 fuerim,
1236 2331 1403 2389 cuius
1447 2331 1712 2389 animum
1753 2329 1951 2389 fatalis
1996 2331 2098 2388 ille
2141 2330 2390 2390 nuntius
2419 2330 2729 2390 vehemen-

385 2415 614 2475 tissime
657 2415 997 2491 perculerit.
1073 2414 1559 2474 Schneidewinus
1604 2415 1762 2474 enim
1806 2406 1939 2474 cum
1987 2414 2223 2474 duobus
2270 2415 2391 2474 fere
2436 2422 2575 2474 ante
2606 2415 2730 2475 obi·

386 2504 514 2558 tum
572 2500 876 2559 mensibus
933 2519 1043 2575 per
1095 2500 1328 2559 litteras
1386 2519 1420 2557 a
1476 2519 1573 2558 me
1625 2503 1872 2576 rogatus
1929 2502 2087 2559 esset
2142 2499 2216 2558 de
2273 2499 2730 2560 Homericorum

383 2587 773 2662 hymnorum,
819 2605 998 2661 quam
1040 2586 1114 2644 ab
1160 2604 1229 2645 eo
1274 2585 1474 2660 parari
1519 2585 1893 2661 audiveram,
1950 2585 2323 2660 recensione,
2371 2586 2727 2646 amicissime

386 2669 463 2728 ad
507 2689 605 2729 eas
650 2671 1037 2745 rescripserat
1081 2689 1144 2729 se
1189 2670 1387 2746 amplo
1439 2670 1556 2728 iam
1616 2670 1886 2729 codicum
1941 2674 2240 2746 apparatu·
2288 2671 2534 2730 collecto
2589 2690 2724 2747 pro·

382 2755 540 2815 xime
595 2754 837 2831 quidem
889 2755 1183 2814 minorem
1238 2754 1680 2815 Teubnerianae
1734 2754 2130 2814 bibliothecae
2187 2756 2554 2814 inserturum
2598 2776 2726 2816 esse

383 2840 735 2914 editionem,
803 2840 1084 2899 maiorem
1139 2858 1282 2899 vero
1348 2843 1408 2898 et
1473 2858 1626 2915 quae
1686 2838 2066 2899 difficillimas
2123 2839 2195 2898 de
2261 2840 2422 2899 hisce
2487 2841 2725 2917 hymnis

381 2926 762 3000 quaestiones
828 2924 1167 2984 absolveret
1228 2924 1563 3000 „senectuti
1631 2924 2007 2999 seposuisse“
2075 2923 2529 2983 elaborandam!
2626 2926 2723 2983 Ad

382 3009 534 3069 hanc
557 3009 895 3084 “epistolam
939 3027 1073 3068 cum
1118 3027 1230 3085 ego
1276 3008 1337 3068 in
1380 3009 1694 3069 scribendo
1724 3008 2093 3068 lentissimus
2122 3008 2351 3069 feriatis
2383 3010 2725 3083 incipientis

381 3095 524 3154 anni
570 3094 781 3153 diebus
822 3095 942 3153 iam
984 3095 1048 3153 in
1091 3113 1159 3153 eo
1216 3113 1407 3155 essem
1464 3097 1536 3153 ut
1590 3094 2046 3169 responderem,
2107 3093 2318 3152 allatae
2380 3093 2523 3152 mihi
2583 3098 2727 3154 sunt

382 3178 673 3239 auditoris
704 3179 1012 3238 cuiusdam
1043 3180 1186 3239 olim
1215 3178 1335 3237 mei
1377 3182 1522 3238 tunc
1552 3177 1878 3253 Gottingae
1909 3178 2123 3237 studiis
2155 3178 2279 3237 suis
2323 3178 2724 3239 incumbentis

380 3263 621 3322 litterae
651 3264 933 3323 maeroris
981 3264 1218 3339 plenae,
1269 3263 1484 3339 quibus
1530 3263 1629 3321 ille
1661 3267 1720 3321 et
1748 3262 2160 3321 Hermannum
2188 3264 2501 3337 repentina
2532 3267 2723 3322 morte

381 3351 613 3423 raptum
646 3352 706 3407 et
734 3347 1248 3408 Schneidewinum
1290 3347 1525 3406 letifero
1571 3348 1781 3407 morbo
1814 3365 2165 3423 oppressum
2205 3347 2351 3405 mihi
2395 3348 2719 3407 nuntiavit.

383 3433 615 3503 Quanta
667 3451 761 3491 me
814 3437 990 3508 putes
1045 3432 1226 3491 animi
1284 3431 1735 3507 perturbatione
1788 3435 1932 3492 tunc
1988 3433 2249 3491 chartam
2307 3431 2587 3491 abiecisse
2646 3433 2720 3491 ad

378 3517 538 3577 hunc
581 3518 961 3593 mittendam,
1009 3522 1231 3593 quanto
1276 3535 1496 3593 angore
1543 3518 1797 3576 alterum
1842 3516 1913 3575 de
1960 3518 2083 3576 eius
2113 3516 2454 3575 valetudine
2487 3535 2721 3592 exspec-

380 3605 540 3661 tasse
590 3603 903 3661 nuntium!
1003 3600 1120 3672 Qui
1185 3602 1422 3678 quidem
1488 3602 1735 3660 nuntius
1799 3601 1958 3660 haud
2013 3601 2114 3661 diu
2170 3605 2541 3676 exspectatus
2597 3605 2716 3661 est:

379 3687 585 3763 paucis
640 3691 782 3761 post
835 3686 1045 3746 diebus
1102 3687 1380 3746 certiores
1435 3705 1637 3746 sumus
1706 3686 1852 3745 faeti
1910 3686 2426 3745 Schneidewinum
2493 3686 2718 3745 decimo

381 3772 564 3847 primi
591 3772 813 3832 mensis
844 3772 938 3831 die
985 3771 1343 3831 exstinctum
1386 3790 1533 3846 esse,
1581 3790 1715 3830 cum
1745 3771 2124 3830 Hermannus
2170 3770 2382 3829 ultimo
2414 3772 2716 3846 vergentis

380 3856 522 3915 anni
567 3856 689 3932 die,
739 3856 840 3932 qni
886 3857 1013 3932 ipse
1058 3857 1183 3916 dies
1227 3861 1365 3915 ante
1409 3856 1517 3915 hos
1564 3859 1788 3931 septem
1819 3874 2005 3916 annos
2038 3855 2216 3913 etiam
2246 3873 2477 3914 summo
2507 3859 2716 3915 nostro

382 3940 646 4001 eiusdem
692 3942 953 4001 nominis
998 3941 1188 4017 equiti
1233 3941 1430 4000 fatalis
1475 3940 1618 4016 fuit,
1667 3941 1826 4000 diem
1870 3941 2118 4000 obiisset
2161 3958 2525 4014 supremum.
2597 3939 2714 3999 Sed

376 4045 580 4086 mense
623 4027 864 4084 demum
892 4026 1221 4085 Februario
1265 4028 1637 4101 postremum
1681 4027 1836 4101 eius,
1883 4025 2044 4100 quod
2089 4024 2160 4082 de
2195 4023 2439 4082 Hesiodi
2471 4042 2714 4100 operum

377 4111 681 4185 prooemio
728 4111 989 4187 scripsit,
1038 4128 1415 4187 programma
1458 4111 1656 4170 nescio
1701 4110 1920 4185 quibus
1964 4108 2265 4169 erroribus
2309 4112 2432 4167 tam
2478 4109 2582 4168 diu
2625 4127 2715 4167 re-

376 4195 682 4255 tardatum
739 4196 813 4254 ad
869 4216 964 4255 me
1022 4195 1318 4271 perlatum
1373 4198 1492 4271 est,
1558 4196 1654 4254 cui
1707 4195 2137 4272 programmati
2189 4195 2316 4270 ipse
2372 4214 2478 4254 sua
2533 4214 2714 4254 manu

513 4382 565 4442 1)
603 4374 806 4446 [Index
830 4375 984 4430 lectt.
1008 4375 1065 4429 in
1091 4375 1198 4430 litt.
1213 4375 1375 4454 univ.
1402 4375 1585 4431 Turio.
1611 4375 1743 4429 inde
1769 4392 1804 4430 a
1820 4374 1873 4430 d.
1901 4373 2073 4428 XXII.
2098 4391 2172 4428 m.
2197 4373 2318 4428 Oct.
2344 4372 2716 4427 MDCCCLVI

376 4460 551 4514 usque
588 4443 666 4499 ad
701 4443 756 4498 d.
792 4442 909 4501 XX.
950 4462 1021 4498 m.
1060 4443 1252 4499 Mar-tu
1286 4441 1683 4499 MDCCCLVII
1718 4443 2151 4512 habendarum]
