3132 5129
1313 357 1772 421 -391—

371 515 738 575 Insolentius
781 515 890 574 hoc
936 515 1178 575 dictum.
1269 514 1478 590 Capita
1521 516 1682 573 enim
1726 519 1830 574 aut
1874 516 2265 577 vulnerantur
2307 521 2559 595 tantum,
2603 526 2710 581 aut

365 619 607 677 prorsus
663 600 1084 674 absciduntur,
1142 599 1246 661 sed
1301 619 1421 659 non
1488 600 1859 660 occiduntur.
1969 601 2145 677 Inde,
2215 603 2371 679 quod
2424 604 2499 664 N.
2560 605 2708 665 alibi

366 704 599 761 semper
653 686 882 762 posuit,
941 685 1038 744 hic
1092 704 1331 761 quoque
1386 684 1832 745 rescribendum
1887 705 2128 746 cense0.
2186 683 2462 764 τέμνων
2519 684 2707 768 ἐχθροὶ

365 762 616 867 κάρηνα.
722 770 861 830 Vid.
907 769 1106 845 XVII,
1159 771 1297 829 158.
1363 769 1652 846 XXVHI,
1702 771 1843 830 298.
1909 769 2191 849 XXXVI,
2239 773 2362 832 435
2419 767 2704 849 τέμνων

363 843 551 931 ἔχθρα
606 847 868 957 κάρηνα,
925 816 1211 930 XXVIII,
1261 855 1379 913 241
1443 847 1713 929 καρήατα
1772 852 1913 930 δήια
1958 852 2271 931 τέμνων,
2336 859 2529 934 XXX,
2585 861 2701 918 183

364 930 569 1012 οὗτος,
634 934 703 1009 ὃς
758 932 1045 1014 ἡμετέρου
1108 934 1384 1016 κεφαλὴν
1439 936 1704 1014 ἕτμηξε
1769 948 2012 1018 τοκῆος,
2100 942 2322 1018 XXXI,
2382 944 2461 1000 22
2516 948 2705 1021 κρᾶτα

363 1020 629 1120 ταμών.
735 1025 816 1083 Et
871 1024 1052 1084 simili
1109 1025 1285 1085 modo
1328 1024 1531 1099 XXII,
1597 1027 1718 1086 170
1776 1021 1935 1102 ἔγχει
1990 1026 2277 1106 Βιστονίῳ
2334 1026 2703 1103 κορυθαίολα

361 1101 499 1182 ληία
553 1105 864 1185 τέμνων,
921 1108 1103 1184 XXV,
1157 1110 1274 1169 198
1329 1105 1614 1184 τέμνων
1672 1104 2056 1169 αὐτοτὲλεστα
2111 1086 2372 1170 θαλύσια
2429 1108 2704 1187 φωλᾶδος

361 1186 548 1268 υδρης
615 1195 933 1255 invenitur.
1043 1194 1192 1257 Inde
1258 1212 1436 1253 sensu
1500 1194 1678 1270 paulo
1746 1192 1983 1256 diverso
2041 1196 2209 1272 XIV,
2268 1198 2390 1256 392
2448 1198 2699 1274 legitur:

359 1276 572 1355 ουρεος
614 1274 772 1356 ἄκρα
815 1298 1051 1355 καρηνα
1094 1299 1341 1355 ταμων
1399 1273 1746 1353 ἑκορύσσετο
1792 1275 2065 1355 Ληνεύς,
2122 1280 2225 1340 ubi
2270 1283 2491 1341 montis
2536 1302 2703 1342 cacu-

359 1365 622 1425 minibus
665 1364 886 1425 avulsis
915 1364 1147 1424 Leneus
1175 1367 1458 1423 armatur.
1525 1364 1721 1440 Alibi,
1753 1369 1823 1424 ut
1851 1366 2010 1442 XIV,
2044 1368 2187 1426 396.
2234 1366 2424 1442 XVII,
2463 1369 2583 1427 174
2606 1388 2701 1444 sq.

361 1451 499 1526 XX,
533 1451 674 1509 224.
738 1445 996 1524 (XXIX,
1031 1444 1191 1516 227}
1252 1446 1569 1517 δαΐζεσθαι
1614 1410 1809 1526 cap’ita
1852 1451 2148 1511 dicuntur.

529 1535 682 1595 Ibid.
729 1535 850 1594 338
869 1554 958 1611 sq.
1004 1536 1066 1593 in
1109 1553 1344 1653 pugnae
1389 1535 1618 1594 navalis
1664 1535 2060 1612 descriptione
2104 1536 2246 1595 haec
2291 1536 2604 1614 leguntur:

612 1631 816 1694 πολλοὶ
863 1625 923 1694 δ
970 1631 1124 1693 ἔνθα
1168 1632 1270 1693 καὶ
1316 1631 1504 1712 ἔνθα,
1551 1634 2015 1738 κυβιστητῆρες
2023 1630 2277 1714 ὀλέθρου

613 1711 820 1797 ἰχθύες
866 1715 1203 1799 ὠρχήσαντο
1249 1716 1701 1800 χαρασσομένων
1745 1742 1887 1780 υπο
1934 1741 2154 1781 νωτων.

358 1844 451 1902 lta
495 1841 733 1917 scripsit
778 1838 1074 1915 Graefius,
1133 1859 1265 1898 cum
1319 1840 1383 1899 in
1439 1841 1700 1937 antiquis
1760 1841 2124 1900 editionibus
2169 1843 2500 1919 legeretur:
2554 1830 2699 1900 ἆπό
2761 1905 2791 1934 ⁰

358 1946 598 2002 νωτων,
657 1926 786 1986 sine
842 1925 1002 1984 omni
1058 1943 1252 1985 sensu.
1340 1925 1500 1983 Illud
1558 1916 1702 1983 ὑπό
1756 1926 1807 1985 si
1862 1929 2020 1985 recte
2077 1926 2283 2000 habet,
2342 1946 2548 1986 sensus
2604 1927 2700 1985 hic

357 2017 476 2072 est.
536 2011 752 2087 „multi
806 2010 1001 2108 pisces
1055 2011 1168 2068 huc
1211 2011 1354 2069 illuc
1400 2011 1568 2069 letali
1610 2011 2007 2086 palpitatione
2053 2011 2358 2070 saltabant
2401 2012 2476 2070 ob
2523 2012 2701 2070 dorsa

360 2095 744 2172 vulnerata,“
802 2097 842 2154 i.
885 2115 935 2154 e.
996 2095 1134 2170 quia
1189 2095 1251 2153 in
1309 2094 1502 2154 dorsis
1559 2097 1809 2156 vulnera
1864 2099 2231 2170 acceperant.
2318 2095 2530 2155 Potest
2590 2096 2702 2156 hoc

359 2180 796 2260 quodammodo
859 2179 1032 2277 ferri,
1101 2199 1460 2255 quamquam
1526 2180 1730 2255 potius
1797 2180 2181 2238 instrumenti
2248 2179 2472 2239 letiferi
2530 2182 2697 2239 notio

357 2266 798 2344 praepositione
842 2254 984 2322 ὖπό
1029 2264 1092 2322 in
1136 2264 1424 2323 eiusmodi
1471 2263 1617 2323 locis
1662 2263 1912 2322 indicari
1956 2263 2146 2323 solet:
2193 2264 2296 2323 sed
2324 2264 2517 2323 multo
2548 2266 2697 2324 vivi-

358 2354 493 2413 dius
540 2355 600 2411 et
645 2351 838 2427 aptius
884 2350 1024 2407 haec
1080 2347 1526 2423 describuntur,
1585 2349 1636 2407 si
1698 2362 1935 2425 χαρασσ.
1984 2344 2101 2405 ἐπὶ
2148 2340 2354 2405 νώτων
2397 2347 2697 2424 scribitur,

358 2438 446 2497 ita
501 2439 571 2495 ut
625 2436 816 2512 pisces
876 2433 1186 2493 saltavisse
1247 2394 1526 2492 dicantur,
1574 2432 1777 2492 dorsis
1806 2433 2137 2493 vulneratis
2193 2433 2577 2508 inclinantes,
2636 2434 2697 2491 id

359 2521 518 2600 quod
572 2540 683 2581 nos
742 2512 947 2580 eodem
1001 2518 1179 2578 modo
1236 2517 1518 2577 dicimus:
1580 2519 1706 2594 „sie
1762 2521 2002 2578 tanzten
2057 2518 2164 2577 auf
2215 2518 2349 2577 dem
2395 2517 2697 2578 Rflckenf‘

356 2608 583 2667 Notum
640 2607 798 2665 enim
854 2609 975 2680 est,
1032 2605 1223 2680 pisces
1277 2603 1666 2663 moribundos
1724 2603 1941 2662 inverti
1997 2605 2058 2662 iu
2117 2623 2301 2679 aqua,
2361 2604 2446 2662 ita
2500 2609 2568 2660 ut
2623 2603 2695 2661 ad

235 2741 250 2752 .
356 2693 661 2768 superiora
691 2693 948 2765 ventres,
995 2690 1068 2747 ad
1112 2689 1396 2748 inferiora
1441 2688 1619 2748 dorsa
1662 2692 1952 2764 spectent.
2021 2689 2251 2748 Eodem
2296 2688 2470 2747 modo
2502 2688 2691 2763 XXII,
2727 2690 2826 2738 654

357 2778 480 2837 234
512 2776 584 2836 de
615 2776 956 2836 hominibus
987 2774 1242 2833 dictum:
1274 2772 1335 2831 οἳ
1363 2767 1471 2847 μὲν
1503 2768 1600 2830 ἐπὶ
1630 2774 1974 2848 πλευροῖσιν
2002 2767 2347 2854 ἕπῃοόρηντο
2378 2767 2691 2844 θανόντες.

358 2861 449 2922 Cf.
495 2863 678 2922 etiam
720 2860 950 2936 XLIII,
999 2860 1120 2918 268
1145 2879 1232 2934 sq.

610 2960 914 3036 κουφίζων
961 2955 1018 3016 δ’
1067 2953 1387 3017 ατίνακτον
1430 2954 1796 3038 αλιτρεφέων
1841 2954 1937 3017 ἐπὶ
1983 2979 2189 3018 νωτων

614 3044 902 3121 πομπίλος
944 3039 1180 3123 ἦέρταζε
1223 3039 1310 3103 δι’
1359 3039 1582 3115 υδατος
1625 3041 1893 3120 ἄβροχον
1927 3034 2079 3106 Ἰνώ.

527 3166 652 3240 XL,
701 3167 886 3241 3sqq.
933 3165 1005 3224 de
1049 3164 1329 3223 Deriade:

608 3254 756 3324 αλλά
800 3285 904 3362 μιν
946 3256 1264 3360 ἆθρήσασα
1309 3257 1608 3338 πεφυζότα
1654 3254 1896 3333 Παλλὰς
1939 3215 2174 3341 Ἀθήνη
2188 3305 2208 3340 ,
2254 3297 2328 3306 -

608 3347 764 3423 εζετο
807 3371 917 3428 γαρ
963 3345 1112 3406 κατὰ
1155 3339 1377 3408 πόντον
1421 3345 1520 3408 ἔπι
1565 3348 1900 3427 προβλῆτος
1944 3344 2219 3446 ἐρίπνης,

611 3429 919 3513 ναύμαχον
964 3427 1280 3530 εἰσορόωσα
1323 3429 1778 3511 κορυσσομένων
1820 3431 2013 3533 μόρον
2046 3422 2257 3492 Ἰνδων
2269 3474 2289 3509 ,
2342 3466 2414 3474 -

608 3517 674 3580 ἔκ
719 3527 971 3598 σκοπιῆς
1016 3506 1341 3616 ανέπαλτο,
1388 3515 1489 3576 καὶ
1533 3516 1808 3595 ἄρσενα
1856 3512 2134 3576 δυσατο
2179 3515 2265 3593 χοὶ
2280 3535 2501 3594 ρμην·

609 3599 952 3680 κλεψινόοις
996 3598 1056 3662 δ’
1106 3592 1331 3683 ὀαροισι
1373 3597 1738 3683 παρήπαφεν
1781 3600 2058 3681 ὄρχαμον
2093 3590 2265 3662 Ἰνδω
2270 3624 2324 3678 ν,

621 3685 961 3769 Μορρέος
1005 3681 1210 3760 εἶδος
1256 3686 1536 3766 ἐᾛχουσα

361 3811 562 3883 Quid?
609 3811 904 3885 Minerva,
952 3809 1233 3868 accedens
1265 3807 1340 3867 ad
1370 3808 1717 3884 Deriadem,
1765 3809 1866 3886 qui
1912 3809 2094 3884 fugax
2138 3827 2208 3866 ex
2252 3825 2455 3882 pugna
2494 3807 2695 3865 navali

356 3898 418 3956 in
474 3899 695 3954 terram
749 3895 1091 3954 escenderat
1131 3887 1282 3972 (vid.
1329 3893 1611 3969 mlx,
1658 3895 1863 3953 405-
1792 3894 2051 3970 -,407)
2105 3910 2377 3967 pugnam
2432 3895 2695 3952 virorwm

355 3981 722 4058 inqu-editur?
807 3978 970 4039 Haec
1011 3997 1151 4037 vero
1196 3979 1403 4053 inepta
1446 3982 1614 4052 sunt,
1662 3997 1771 4037 nec
1814 3980 2067 4054 possunt
2104 3977 2263 4036 ferri.
2357 3975 2693 4072 Scripserat

358 4071 561 4141 poeta:
610 4060 708 4123 καὶ
750 4058 974 4142 ἄρσενα
1020 4054 1238 4120 ducato
1283 4053 1606 4140 μορφήν,
1652 4063 1866 4138 quibus
1900 4061 2095 4121 verbis
2126 4061 2387 4135 primum
2418 4062 2693 4120 universe

355 4150 684 4225 indicatur,
743 4151 806 4209 in
850 4148 1083 4209 virilem
1139 4149 1388 4206 formam
1447 4147 1753 4206 transiisse
1797 4148 2013 4223 Deam,
2074 4164 2226 4221 quae
2281 4145 2472 4205 forma
2527 4146 2693 4204 cuius

359 4234 567 4312 fuerit,
627 4255 683 4294 v.
718 4236 755 4293 8
800 4234 1147 4310 explicatur.
1235 4232 1327 4292 Cf.
1377 4252 1430 4291 v.
1465 4233 1541 4290 77
1570 4251 1697 4308 sqq.
1784 4231 1948 4292 Haec
2002 4250 2141 4290 vero
2200 4231 2417 4289 locutio
2477 4234 2568 4290 est
2612 4230 2692 4288 N.

357 4321 596 4381 usitata.
686 4320 839 4379 Vide
885 4318 1030 4394 VII,
1079 4319 1199 4376 322
1248 4319 1320 4376 de
1364 4317 1545 4377 Iove:

614 4420 697 4501 πῇ
741 4415 807 4480 δὲ
850 4419 1145 4497 λεοντείην
1190 4412 1581 4496 πυκινὸτριχα
1625 4414 1905 4477 δύσατο
1948 4408 2275 4493 μορφήν,
