3132 5129
1326 377 1622 439 -245
1714 414 1792 422 ——

391 537 518 595 sive
561 534 815 595 maiores
860 535 985 594 sive
1028 536 1286 594 minores
1332 536 1458 594 sive
1501 553 1821 610 regnorum
1865 537 2007 594 sunt
2049 535 2174 594 sive
2218 535 2541 593 liberarum
2587 538 2725 595 civi-

389 623 597 691 tatum,
645 621 1064 680 contineantur
1107 622 1287 695 atque
1331 620 1394 678 in
1439 620 1615 678 unius
1660 620 1828 694 quasi
1876 620 2133 678 familiae
2164 620 2516 678 concordem
2545 622 2724 680 socie-

389 708 576 764 tatem
642 706 1099 781 coniungantur.
1192 704 1359 775 Quod
1418 705 1720 763 vinculum
1779 706 1841 763 et
1894 705 2069 779 quale
2122 709 2282 764 esset
2323 709 2386 764 et
2425 724 2603 780 quam
2649 707 2724 765 ob

387 810 623 850 causam
680 790 774 849 his
831 791 1212 864 potissimum
1265 789 1640 865 temporibus
1696 790 2012 848 colendum
2056 789 2392 862 videretur,
2439 809 2572 848 cum
2604 802 2725 850 ‘nos

384 877 647 934 breviter
708 876 771 934 in
823 876 1027 934 libello
1086 876 1430 951 gratulandi
1487 876 1687 951 gratia
1740 874 2181 933 Basileensibus
2241 874 2444 933 oblato
2506 876 2723 934 indica-

384 962 708 1033 vissemus,
753 979 1114 1036 magnopere
1158 978 1359 1017 sumus
1403 961 1612 1036 gavisi,
1659 978 1792 1017 cum
1836 963 2046 1034 postea
2090 978 2186 1034 ea,
2234 978 2349 1033 qua
2392 958 2516 1019 Vos
2560 980 2727 1019 sacra

383 1045 636 1105 Vestrae
680 1045 1089 1103 universitatis
1133 1045 1484 1105 celebranda
1513 1044 1833 1119 indixistis,
1882 1045 2136 1119 epistula
2163 1044 2319 1102 idem
2351 1044 2519 1117 illud,
2564 1046 2725 1121 quod

385 1135 479 1190 est
536 1130 607 1187 de
663 1130 1121 1189 universitatum
1193 1129 1389 1190 officio
1453 1135 1515 1188 et
1580 1131 1725 1201 fine,
1792 1132 2210 1205 argumentum
2277 1131 2725 1189 accuratissime

383 1217 855 1291 gravissimeque
885 1218 1204 1273 tractatum
1241 1217 1644 1273 inveniremus
1686 1217 1791 1287 ita,
1838 1217 1907 1272 ut
1937 1214 2271 1273 celebrandi
2307 1214 2424 1271 iam
2472 1214 2721 1291 dimidii,

383 1319 490 1376 per
522 1300 679 1375 quod
717 1299 934 1358 Vestra
960 1301 1320 1359 universitas
1358 1300 1582 1374 floruit,
1631 1299 1846 1358 saeculi
1882 1300 2032 1357 hanc
2068 1300 2445 1374 potissimum
2490 1317 2724 1358 causam

383 1385 557 1443 vobis
583 1385 761 1442 fuisse
799 1384 1302 1458 demonstraretis,
1341 1388 1410 1442 ut
1433 1384 1784 1444 Vestrorum
1818 1385 2125 1443 initiorum
2162 1384 2446 1442 memoria
2478 1384 2721 1443 nobilis-

383 1470 794 1545 simorumque
817 1488 950 1528 cum
976 1470 1095 1529 illis
1120 1472 1569 1529 coniunctorum
1595 1470 1995 1545 exemplorum
2021 1468 2519 1543 contemplatione
2540 1471 2723 1528 animi

381 1558 442 1613 et
485 1575 521 1611 a
564 1555 936 1630 singularum
981 1574 1177 1613 rerum
1222 1555 1626 1630 particulatim
1671 1557 2062 1613 tractatarum
2108 1555 2395 1612 varietate
2436 1553 2511 1610 ad
2565 1573 2723 1612 sum-

383 1659 540 1697 mam
603 1641 788 1715 ipsius
844 1641 1153 1714 scientiae,
1222 1659 1370 1715 quae
1424 1659 1545 1697 una
1600 1641 1901 1715 cogitetur
1965 1639 2236 1714 partibus
2302 1638 2425 1696 suis
2488 1639 2724 1716 integra

380 1725 762 1799 numerisque
818 1725 1124 1799 absoluta,
1171 1725 1439 1800 ,speciem
1497 1728 1678 1800 atque
1735 1725 2038 1799 exemplar
2095 1724 2524 1799 dirigerentur,
2582 1729 2645 1783 et
2687 1746 2723 1783 a

383 1810 616 1867 minuto
661 1829 860 1868 rerum
904 1811 1266 1868 naturalium
1315 1810 1457 1868 solis
1488 1810 1908 1884 experimentis
1939 1808 2488 1885 investigandarum
2519 1810 2718 1869 studio

380 1894 453 1951 ad
500 1894 938 1969 philosophiam
984 1894 1055 1953 de
1099 1896 1245 1970 ipsis
1291 1914 1486 1953 rerum
1543 1896 1735 1953 causis
1793 1894 1986 1953 sobrie
2040 1895 2578 1969 circumspecteque
2632 1895 2718 1952 in-

379 1980 712 2053 quirentem
756 1979 1116 2038 adscendere
1162 1980 1483 2053 discerent,
1549 1982 1609 2038 et
1663 1999 1698 2036 a
1750 1980 2001 2037 materia
2043 1979 2374 2038 inanimata
2418 1979 2720 2038 metiendo

379 2068 612 2121 tantum
685 2063 1188 2140 ponderandoque
1252 2064 1663 2140 cognoscenda
1725 2064 1800 2121 ad
1862 2064 2105 2122 humani
2172 2065 2355 2122 animi
2421 2066 2717 2139 corporeis

383 2148 669 2207 machinis
714 2149 1330 2224 incomprehensibilis
1387 2155 1661 2207 naturam
1715 2152 1895 2223 atque
1950 2149 2256 2208 historiam
2315 2150 2718 2223 contemplan-

380 2233 514 2290 dam
572 2234 1001 2306 excitarentur,
1080 2237 1142 2293 et
1207 2255 1242 2292 a
1298 2234 1551 2292 sordidis
1633 2234 1963 2293 cotidianae
2038 2233 2318 2292 utilitatis
2386 2233 2719 2292 rationibus

379 2318 451 2375 ad
507 2319 809 2395 integrum
869 2319 1140 2377 veritatis
1196 2320 1560 2394 virtutisque
1618 2338 1879 2377 amorem
1933 2320 2112 2394 atque
2177 2321 2421 2377 aeterna
2485 2319 2717 2378 honesti

381 2402 732 2478 pulchrique
776 2405 1048 2478 exempla
1091 2408 1153 2463 et
1195 2406 1580 2462 monumenta
1622 2405 2026 2463 avocarentur.
2636 2424 2641 2431 ·

545 2488 851 2547 Praeclare
912 2508 1049 2547 vero
1108 2492 1170 2548 et
1229 2489 1480 2547 maxime
1536 2489 1972 2547 accommodate
2018 2487 2091 2546 ad
2137 2507 2483 2562 perversum
2528 2489 2720 2547 nostri

379 2574 602 2632 saeculi
648 2593 873 2633 morem
917 2576 1250 2634 notandum
1294 2577 1474 2661 atque
1520 2575 1878 2633 sanandum!
1970 2575 2203 2650 Regnat
2246 2576 2404 2632 enim
2450 2575 2717 2648 profecto

375 2658 551 2717 hodie
597 2679 667 2716 ea
710 2659 1013 2733 doctrina,
1075 2680 1252 2735 quam
1310 2660 1627 2719 libertinus
1684 2659 1786 2717 ille
1830 2658 2161 2717 ieiunarum
2209 2659 2541 2717 fabularum
2591 2678 2716 2717 ver-

376 2743 638 2802 sificator
681 2748 883 2819 aperte
926 2747 1226 2819 professus
1274 2746 1368 2803 est
1409 2745 1508 2803 his
1547 2744 1777 2802 verbis:

547 2880 711 2937 Nisi
755 2880 946 2938 utile
991 2884 1134 2953 est,
1184 2881 1374 2956 quod
1423 2880 1776 2954 facimuS,
1824 2853 2072 2938 stulta
2114 2883 2234 2938 est
2276 2879 2561 2955 gloria!

376 2999 540 3069 Quae
602 2998 870 3057 doctrina
925 3017 1063 3057 suos
1117 2999 1264 3057 fines
1321 3018 1558 3075 egressa
1614 3000 1663 3056 si
1719 3017 2002 3073 umquam
2067 3017 2137 3055 eo
2203 2999 2583 3072 processerit,
2651 3001 2719 3056 ut

374 3102 580 3142 omnes
636 3085 877 3142 omnino
934 3083 1311 3142 sublimiores
1365 3083 1852 3158 liberalioresque
1897 3083 2144 3157 spiritus
2190 3085 2490 3157 opprimat
2533 3087 2717 3158 atque

373 3169 623 3226 suffocet
688 3201 752 3210 —-
818 3188 853 3225 a
906 3187 1023 3243 quo
1079 3169 1345 3243 periculo
1399 3187 1510 3227 nos
1568 3170 1817 3243 propius
1870 3168 2075 3226 abesse
2141 3167 2409 3243 pluribus
2477 3167 2713 3226 demon-

373 3256 734 3327 straremus,
790 3253 840 3312 si
902 3254 1176 3327 querelae
1233 3254 1385 3311 male
1442 3255 1739 3312 ominatae
1794 3254 1960 3311 locus
2016 3255 2176 3311 esset
2217 3255 2279 3310 in
2324 3253 2716 3329 gratulatorio

377 3338 582 3396 libello
619 3368 716 3412 —-,
766 3341 894 3396 tum
924 3357 1063 3398 vero
1098 3339 1242 3413 quin
1286 3358 1405 3397 non
1453 3340 1647 3397 solum
1690 3337 1939 3397 scientia
1982 3337 2084 3396 sed
2131 3338 2309 3395 etiam
2354 3356 2447 3396 res
2477 3339 2718 3412 publica

379 3421 807 3482 detrimentum
852 3423 933 3481 sit
976 3427 1220 3498 captura
1263 3426 1325 3481 et
1367 3423 1937 3498 perniciosissimum
1998 3426 2061 3480 et
2112 3422 2487 3495 inevitabile,
2547 3422 2714 3480 dubi-

372 3509 488 3565 tari
534 3508 768 3582 nequit.

543 3592 780 3667 Duplex
826 3594 983 3651 enim
1031 3593 1276 3651 omnino
1323 3595 1383 3650 et
1427 3596 1518 3650 est
1563 3596 1625 3651 et
1667 3611 1795 3652 esse
1840 3593 2021 3651 debet
2051 3591 2496 3651 tractandarum
2529 3592 2716 3651 scien·

371 3677 591 3734 tiarum
635 3677 772 3736 finis
816 3678 1164 3752 modusque,
1214 3697 1391 3753 quem
1436 3677 1595 3735 haud
1639 3679 1759 3737 scio
1805 3697 1880 3735 an
1927 3678 2149 3752 optime
2183 3677 2533 3736 distinxerit
2561 3696 2715 3736 sum·

372 3780 603 3819 morum
656 3761 1140 3821 Germanicorum
1184 3765 1493 3837 poetarum
1538 3764 1690 3821 alter
1719 3797 1803 3804 —
1846 3764 2012 3820 cuius
2058 3763 2381 3820 saecularia
2422 3763 2714 3836 natalitia,

371 3845 671 3921 quidquid
729 3848 947 3923 ubique
1003 3850 1294 3906 terrarum
1338 3846 1678 3906 Germanici
1734 3847 1995 3906 nominis
2040 3848 2447 3921 sermonisque
2489 3866 2713 3917 sumus,

369 3950 564 4006 nuper
626 3932 1166 3991 concelebravimus
1226 3964 1301 3974 —
1360 3951 1483 3990 non
1543 3935 1739 3991 solum
1808 3931 2007 4007 lepido
2072 3931 2175 3990 ino
2242 3931 2524 4006 disticho,
2595 3951 2714 4006 quo

366 4016 682 4074 scientiam
727 4017 829 4075 uni
876 4017 1119 4092 quidem
1163 4037 1291 4077 esse
1324 4018 1475 4076 dixit
1506 4019 1766 4092 „almam
1798 4017 2229 4091 caelestemque
2261 4015 2493 4090 deam“,
2539 4017 2713 4075 alteri

369 4119 512 4159 vero
559 4101 851 4176 „probam
898 4121 1050 4178 quae
1096 4103 1187 4162 lac
1216 4120 1570 4177 caseumque
1601 4103 1882 4178 praebeat
1908 4099 2204 4174 vaccam“,
2252 4100 2356 4159 sed
2384 4103 2710 4161 accuratius

367 4185 552 4243 etiam
609 4185 879 4262 longiore
929 4187 1041 4246 hoc
1103 4189 1562 4264 epigrammate,
1632 4187 1790 4264 quod
1842 4186 2075 4246 Latinis
2136 4204 2371 4261 quoque
2438 4187 2711 4246 versibus

366 4271 681 4330 commode
735 4271 906 4331 reddi
962 4276 1195 4348 potest,
1254 4273 1576 4331 dummodo
1632 4272 1861 4349 placide
1915 4272 2171 4330 feramus
2230 4271 2445 4330 summi
2488 4272 2713 4331 matbe-

365 4356 572 4415 matici
649 4374 872 4416 nomen
943 4358 1102 4417 haud
1183 4357 1422 4417 inficeto
1488 4377 1633 4417 casu
1698 4376 1833 4417 cum
1900 4357 2178 4433 dactylici
2244 4375 2451 4416 versus
2524 4359 2714 4416 metro

368 4459 649 4517 pugnans
666 4463 680 4499 ε
