3132 5129
1451 387 1899 451 —342-

515 540 772 621 χρυσόν,
817 546 900 604 ibi
946 565 1179 620 semper
1221 545 1366 603 mihi
1427 545 1709 621 languida
1753 550 1816 602 et
1862 545 2084 615 Quinto
2130 543 2377 619 indigna
2421 543 2549 602 visa
2591 546 2681 601 est
2727 561 2839 601 vox

517 621 662 691 ὦκα.
752 631 822 688 In
879 633 1137 689 mentem
1204 631 1397 704 venit,
1465 630 1772 705 scripsisse
1842 630 2011 687 illum
2077 630 2329 688 fortasse
2393 621 2602 703 ὖποσχ.
2662 622 2729 685 δέ
2785 624 2846 682 οἱ

519 706 742 790 ὦνον,
790 716 946 790 quod
992 715 1440 790 intellegeretur
1485 714 1556 772 de
1586 734 1806 791 magno
1840 715 2063 790 pretio,
2110 732 2227 790 quo
2273 733 2335 773 se
2380 733 2450 772 ex
2495 712 2841 790 captivitate

517 800 767 862 Achillis
811 802 1087 869 redimere
1129 799 1371 859 volebat
1415 799 1814 859 Penthesilea.
1893 801 2020 870 Quo
2051 818 2229 859 sensu
2275 799 2322 856 si
2369 799 2502 873 quis
2546 795 2699 855 illud
2742 815 2841 856 vo·

516 885 790 948 cabulum
834 885 975 961 poni
1018 885 1282 961 potuisse
1338 886 1679 960 negaverit,
1742 885 1793 942 ei
1854 885 2042 960 magis
2102 883 2394 942 arrideat:
2451 876 2642 940 ὑποσ
2658 903 2709 957 χ.
2767 877 2843 939 δέ

519 966 572 1030 τ’
619 964 910 1030 ἄποινα.
989 971 1359 1045 Quamquam
1414 988 1525 1045 ego
1581 970 1644 1028 in
1699 970 1803 1028 illo
1849 970 2178 1044 acquiesco.
2255 968 2463 1027 Restat
2517 970 2587 1026 ut
2650 966 2845 1026 obiter

517 1075 817 1130 moneam,
867 1055 953 1129 id,
1000 1054 1160 1130 quod
1207 1052 1496 1113 Gerhard.
1553 1056 1698 1114 lectt.
1742 1051 1931 1128 Apoll.
1989 1074 2047 1129 p.
2100 1054 2219 1112 160
2272 1057 2333 1111 et
2376 1053 2471 1111 hio
2516 1072 2569 1110 v.
2619 1053 2739 1111 606
2787 1057 2847 1111 et

518 1142 619 1217 VI,
666 1141 808 1199 432.
855 1139 956 1214 XI,
1006 1140 1126 1197 252
1173 1139 1582 1214 reponendum
1623 1139 1777 1198 vidit
1821 1137 1887 1197 εἰ
1928 1138 2052 1195 καί
2092 1157 2198 1214 pro
2243 1133 2365 1195 καὶ
2412 1135 2505 1213 εἰ,
2549 1137 2611 1196 id
2641 1139 2846 1196 nostro

518 1229 646 1287 loco
693 1226 923 1287 Monac.
970 1225 1322 1283 auctoritate
1368 1223 1726 1283 confirmari.

689 1311 951 1369 Transeo
997 1311 1113 1368 iam
1145 1309 1218 1368 ad
1248 1309 1469 1367 librum
1501 1310 1836 1369 secundum.
1895 1309 1967 1366 In
1997 1327 2065 1367 eo
2095 1308 2254 1384 quod
2285 1308 2510 1385 legitur
2531 1327 2587 1368 v.
2623 1306 2743 1366 134
2759 1326 2843 1382 sq.

771 1426 889 1486 νῦν
933 1421 989 1483 δ’
1036 1448 1144 1506 αγε
1189 1423 1394 1499 τέρπεο
1437 1414 1644 1501 θυμὸν
1689 1424 1767 1486 έν
1810 1425 2286 1529 εἰλαπίνῃσιν
2332 1422 2359 1484 ἕ
2374 1424 2552 1507 μῇσι

775 1505 1064 1589 σήμερον·
1110 1507 1302 1590 αὐτὰρ
1346 1508 1544 1570 ἔπειτα
1588 1507 1914 1590 μαχήσεαι,
1961 1505 2039 1581 ὦς
2084 1507 2353 1570 ἐπέοικεν

519 1634 758 1709 scripsit
801 1632 862 1690 id
906 1632 1146 1707 quidem
1193 1631 1563 1709 Tychsenius
1611 1651 1641 1690 o
1686 1631 1892 1692 multis
1938 1632 2142 1707 codd.;
2190 1630 2310 1690 vid.
2359 1630 2592 1690 Schow.
2642 1649 2703 1705 p.
2752 1631 2850 1705 68,

520 1738 650 1777 cum
695 1718 755 1776 in
802 1717 942 1775 Ald.
990 1736 1196 1776 versus
1243 1718 1330 1775 ita
1373 1720 1532 1776 esset
1576 1717 1918 1776 mutilatus:
1978 1715 2091 1773 νῦν
2136 1709 2197 1773 δ’
2245 1711 2354 1792 αγε
2398 1710 2605 1791 τέρπεο
2647 1706 2852 1788 θυμὸν

518 1799 903 1882 εἰλαπίνῃσιν.
982 1800 1098 1861 Sed
1143 1802 1205 1859 in
1251 1801 1380 1861 cod.
1415 1802 1645 1861 Monac.
1688 1801 1910 1877 legitur
1956 1795 2066 1857 ἐπ’
2115 1798 2487 1881 εἰλαπίνῃσιν
2533 1795 2618 1872 ἐμ.
2607 1841 2643 1874 .,
2692 1799 2850 1875 quod

518 1888 626 1946 hoo
671 1888 798 1945 loco
846 1886 1296 1962 praeferendum
1339 1886 1618 1945 arbitror.
1693 1887 1804 1946 Est
1844 1886 2003 1945 enim
2034 1886 2272 1962 aliquod
2305 1860 2637 1945 discrimen.
2698 1884 2849 1942 Nam

519 1973 570 2031 si
614 1972 835 2048 legitur
879 1965 984 2045 έν,
1040 1990 1248 2030 sensus
1294 1972 1389 2030 hie
1447 1974 1565 2029 est:
1636 1990 1815 2047 „age,
1874 1974 1941 2029 in
1994 1973 2136 2030 meis
2187 1972 2371 2044 epulis
2427 1970 2691 2027 animum
2751 1970 2850 2027 ob·

518 2055 812 2131 lectare“;
869 2056 1086 2131 quibus
1130 2055 1329 2116 verbis
1374 2056 1766 2131 indicaretur,
1824 2056 2275 2115 oblectationem
2321 2075 2354 2113 a
2398 2055 2714 2114 Memnone
2762 2073 2852 2113 ca-

521 2141 797 2219 piendam
844 2161 1001 2216 esse,
1050 2141 1192 2199 dum
1239 2140 1428 2217 epulis
1460 2140 1684 2199 Priami
1729 2142 1995 2217 intersit,
2043 2142 2127 2199 ita
2170 2145 2266 2216 ut,
2314 2158 2431 2216 qua
2475 2157 2539 2197 re
2582 2141 2662 2198 sit
2708 2159 2855 2216 gau-

521 2228 682 2285 dium
709 2230 1113 2302 percepturus,
1145 2244 1268 2285 non
1290 2231 1816 2300 commemoretur3
1849 2244 1984 2285 nos:
2019 2229 2294 2302 „ergotze
2325 2224 2456 2283 dieb
2486 2225 2572 2283 bei
2597 2225 2853 2282 meinem

522 2311 784 2370 Mahle.“
861 2311 1066 2370 Posito
1112 2316 1310 2370 autem
1357 2306 1479 2368 ἐπί
1514 2310 1627 2369 hoc
1669 2310 1917 2369 dicitur:
1967 2331 2145 2387 „age,
2193 2312 2375 2384 epulis
2404 2312 2546 2368 meis
2589 2311 2854 2368 animum

522 2396 891 2471 oblectare“;
940 2415 1057 2471 quo
1103 2414 1373 2455 sermone
1426 2395 1667 2454 iubetur
1712 2396 1991 2454 Memnon
2036 2395 2225 2470 epulis
2272 2394 2390 2453 frui
2436 2397 2614 2469 atque
2662 2403 2753 2452 ex'
2780 2394 2854 2452 iis

522 2482 668 2557 ipsis
714 2481 1172 2540 oblectationem
1216 2499 1455 2555 capere3
1504 2499 1642 2538 nos:
1694 2484 1969 2556 „erg6tze
2016 2480 2145 2538 dich
2179 2499 2262 2538 an
2306 2478 2560 2538 meinem
2595 2477 2852 2537 Mahle.“

524 2567 652 2626 Hoc
694 2587 835 2626 vero
882 2567 1071 2642 magis
1102 2566 1238 2624 huic
1280 2566 1409 2625 loco
1441 2566 1752 2624 convenit:
1800 2566 2148 2625 adhortatur
2177 2566 2335 2625 enim
2366 2563 2638 2623 Priamus
2668 2564 2852 2624 Mem·

522 2671 758 2726 nonem,
805 2652 985 2728 longo
1016 2650 1229 2709 itinere
1276 2651 1589 2726 defessum,
1637 2653 1705 2708 ut
1747 2651 1879 2710 cibo
1923 2654 2188 2726 potuque
2231 2651 2395 2726 large
2439 2651 2682 2724 sumpto
2730 2668 2853 2708 eor-

522 2755 632 2811 pus
676 2735 933 2810 reficiat,
995 2754 1110 2809 quo
1155 2736 1345 2810 magis
1400 2739 1643 2794 strenue
1698 2738 1937 2811 postero
1984 2735 2078 2794 die
2120 2754 2386 2813 pugnare
2431 2735 2639 2810 possit.
2716 2735 2854 2793 Non

524 2841 699 2896 opus,
758 2825 828 2879 ut
869 2820 1075 2878 multis
1120 2819 1414 2878 illustrem
1459 2820 1820 2880 locutionem
1876 2816 2197 2893 τέρπεσθαι
2252 2816 2351 2878 ἐπί
2405 2839 2523 2876 τινι
2583 2820 2676 2878 vel
2734 2815 2855 2878 έπι-

522 2901 847 2982 τέρπεσθαί
887 2925 1037 2980 τινι,
1094 2924 1225 2964 eum
1289 2905 1379 2962 Tu
1435 2905 1566 2979 ipse
1624 2906 1686 2963 in
1743 2907 2240 2965 observationibus
2292 2906 2440 2965 critt.
2498 2909 2548 2964 et
2596 2920 2855 2979 yramm.

522 3013 581 3067 p.
630 2992 712 3049 70
742 3009 831 3065 sq.
910 2990 1113 3061 Quinti
1161 2990 1321 3048 locos
1379 2988 1706 3066 collegeris.
1782 2989 1851 3049 Id
1915 3008 2051 3051 vero
2111 2990 2338 3049 adicere
2396 2990 2616 3065 placet,
2675 2991 2856 3047 etiam

523 3076 606 3133 ibi
650 3075 978 3150 inter-,dum
1026 3076 1128 3133 ubi
1173 3080 1472 3148 exspectes
1519 3070 1634 3144 έν,
1680 3076 1947 3149 posuisse
1982 3076 2051 3146 Q.
2099 3068 2203 3131 ἐπ’
2251 3072 2607 3154 εἰλαπίνῃσι,
2654 3079 2721 3132 ut
2751 3074 2852 3176 lx,

523 3161 646 3220 488
693 3157 799 3216 καί
835 3180 963 3254 μιν
987 3157 1371 3228 κυδαίνοιτες
1432 3152 1539 3217 ἐπ’
1604 3157 1935 3261 εἰλαπίνῃσι
1977 3156 2251 3237 γέραιρον
2294 3164 2355 3219 et
2400 3134 2532 3233 XII,
2581 3160 2702 3217 549
2752 3153 2847 3217 ἐπ

522 3242 794 3323 εἰλαπίνῃ
825 3239 879 3300 δ’
929 3236 1197 3324 ἀλεγεινή
1235 3238 1245 3322 Ι
1285 3239 1577 3301 δαίνυσθ’
1627 3238 1847 3302 ὕστατα
1893 3239 2117 3320 (ideam
2163 3245 2237 3303 of.
2261 3243 2365 3320 IV,
2401 3245 2516 3304 134
2550 3237 2855 3320 ἄμβροτον

523 3325 604 3399 ὥς
649 3324 944 3387 ἐπάσαντο
984 3332 991 3402 Ι
1032 3329 1205 3387 δαῖτα
1250 3315 1414 3406 παρ’
1466 3327 1856 3409 εἰλαπίνῃσιν.
1934 3329 2156 3389 Contra
2200 3330 2525 3389 seeundum
2571 3348 2653 3402 ea,
2703 3348 2855 3404 quae

524 3415 674 3490 dixi,
721 3418 877 3474 reete
923 3419 1173 3491 apparet
1227 3435 1262 3472 a
1315 3413 1612 3473 Podalirio
1671 3415 1817 3489 dici,
1877 3415 1978 3490 qui
2033 3416 2331 3474 artissimo
2388 3414 2671 3472 consortii
2728 3415 2854 3473 vin·
2888 3430 2894 3435 ·

524 3501 657 3558 culo
704 3520 835 3558 eum
882 3500 1066 3559 fratre
1112 3499 1432 3558 Machaona
1478 3500 1717 3558 iunctus
1764 3500 1986 3574 fuerat,
2035 3498 2179 3574 VII,
2230 3502 2308 3559 63
2341 3519 2430 3575 sq.
2477 3496 2582 3578 μίῃ
2627 3489 2685 3555 δ’
2750 3494 2853 3556 έιι

523 3581 681 3643 δαιτι
723 3581 824 3643 καὶ
878 3574 1026 3665 εὐνῇ
1063 3581 1073 3664 Ι
1114 3577 1469 3659 τερπόμεθα.
1544 3583 1860 3643 Communi
1917 3585 2072 3643 enim
2119 3604 2325 3644 mensa
2369 3586 2639 3659 lectoque
2687 3586 2852 3642 uten-

527 3674 615 3729 tes
660 3670 811 3729 alter
855 3671 1101 3729 alterius
1147 3668 1535 3756 contubernio
1582 3669 2045 3732 delectabantur.

394 3818 492 3869 705
695 3805 975 3864 Pluribus
1023 3805 1333 3865 dicendum
1379 3807 1471 3864 est
1516 3804 1588 3863 de
1631 3805 1744 3865 hoe
1786 3804 1916 3864 loco
1961 3825 2019 3864 v.
2072 3807 2187 3864 196
2224 3824 2356 3881 sqq.

775 3913 933 3997 αἶψα
980 3917 1034 3978 δ’
1082 3914 1179 4000 αρ’
1230 3915 1496 4000 έπλησθη
1541 3921 1744 3981 πεδίον
1788 3919 2024 3981 ἅπαν·
2072 3923 2133 3980 οἲ
2177 3913 2236 3981 δ’
2286 3918 2559 3997 ἐκέχυντο

777 4002 978 4087 ἀκρίσι
1021 4003 1476 4105 πυροβόροις
1523 4005 1976 4106 ἐναλίγκιοι,
2021 4006 2099 4064 αἴ
2134 4029 2190 4066 τε
2247 4004 2526 4082 φέρονται

781 4088 862 4162 ὥς
905 4088 1085 4167 νέφος
1130 4088 1170 4170 ἢ
1212 4083 1395 4164 πολυς
1440 4089 1657 4192 ὄμβρος
1708 4081 1858 4169 ὑπὲρ
1903 4083 2127 4171 χθονὸς
2172 4084 2557 4184 εὖρυπέδοιο,

779 4175 1064 4252 α’πλητοι,
1110 4172 1464 4256 μερόπεσσιν
1504 4175 1706 4238 αεικέα
1749 4175 1921 4256 λιμὸν
1962 4173 2233 4270 αγουσαι.

783 4256 860 4333 ὣς
906 4263 964 4320 οἳ
1009 4260 1187 4321 ἕσαν
1231 4262 1436 4322 πολλοί
1475 4285 1534 4323 τε
1580 4261 1678 4323 καὶ
1722 4260 1993 4359 ὄβριμοι,
2037 4285 2228 4338 αμφι
2274 4254 2329 4318 δ’
2378 4253 2597 4340 αγυιὰ

782 4339 1085 4406 στείνετ’
1137 4343 1694 4424 ἕπεσσυμένων,
1751 4339 1871 4407 ὑπὸ
1913 4347 1979 4406 δ’
2026 4344 2222 4424 ἔγρετο
2266 4344 2443 4405 ποσσι
2491 4350 2683 4422 κονίη.

527 4450 619 4507 Ita
663 4450 1026 4526 Tychsenius
1073 4451 1226 4508 hunc
1271 4452 1468 4509 locum
1524 4451 1740 4527 edidit,
1799 4452 2027 4527 aliquot
2082 4450 2338 4510 Aldinae
2392 4451 2651 4527 mendis,
2711 4469 2857 4526 quae
