3132 5129
278 1403 346 1450 30

1339 335 1751 399 -44-

384 495 566 555 tuisse
587 522 591 526 ·
610 495 849 555 videtur
880 493 1179 570 Odysseae
1210 494 1495 553 memoria
1525 515 1547 550 ι
1580 496 1658 554 39
1693 515 1820 571 sqq.
1856 499 2234 555 transversus
2268 494 2465 565 actus3
2510 490 2721 568 αἰχμη-

385 577 547 638 τάων
589 581 824 656 saepius
869 580 932 638 in
977 579 1243 638 clausula
1286 579 1536 656 legitur-3
1587 581 1688 639 sed
1735 581 1893 640 unde
1941 580 2151 639 ducem
2192 580 2438 639 illorum
2483 576 2718 653 Euphe-

382 684 546 724 mum
590 665 875 725 Troezeni
922 663 1153 723 Ceadae
1199 663 1388 722 filium
1434 666 1768 741 expiscatus
1814 667 1923 739 sit,
1971 664 2200 724 nescire
2245 684 2342 723 me
2387 663 2598 721 fateor.

551 750 675 808 Alii
732 752 931 813 tamen
996 747 1297 808 Caucones
1357 769 1531 825 aegre
1589 750 1955 812 desiderasse
2011 750 2322 820 videntur,
2393 751 2461 805 ut
2516 767 2587 806 ex
2647 766 2715 805 eo

383 837 577 910 patet,
622 836 783 911 quod
829 833 1047 893 Strabo
1091 834 1274 892 refert
1318 834 1434 892 XII
1463 856 1523 911 p.
1575 837 1730 894 542:
1790 830 2204 911 Καλλισθένης
2248 828 2315 892 δὲ
2358 829 2458 891 καὶ
2501 828 2717 909 ἔγραφε

380 916 450 977 τὰ
497 916 607 997 ἔπη
653 926 837 978 ταῦτα
882 918 965 991 εἰς
1011 914 1114 977 τὸν
1158 911 1516 996 διάκοσμον,
1559 917 1703 996 μετὰ
1752 917 1816 979 τὸ

636 1036 943 1117 Κρῶμνάν
988 1031 1037 1098 τ’
1090 1035 1381 1116 Αἰγιαλόν
1406 1060 1483 1099 ,τε
1527 1037 1627 1098 καὶ
1670 1035 1947 1114 ὑψηλοὺς
1987 1035 2348 1117 Ἐρυθίνους

381 1121 571 1195 τιθεὶς
637 1206 974 1279 Καύκωνας
1019 1202 1079 1266 δ’
1128 1199 1266 1266 αὖτ’
1314 1200 1420 1286 ἦγε
1465 1205 1805 1280 Πολυκλέος
1850 1206 1980 1280 υίὸς
2024 1201 2308 1285 ἀμύμων,

639 1293 698 1351 οἳ
740 1291 873 1371 περὶ
920 1289 1273 1370 Παρθένιον
1312 1291 1580 1370 ποταμὸν
1607 1290 1790 1353 κλυτὰ
1836 1286 2066 1371 δώματ’
2114 1290 2346 1367 ἔναιον,

390 1416 443 1454 v.
492 1397 613 1455 854
659 1395 1140 1471 Paphlagonibus
1171 1399 1495 1472 surrepto.‘
1538 1397 1795 1457 Eosdem
1824 1416 2028 1459 versus
2057 1416 2190 1455 cum
2233 1396 2410 1455 etiam
2440 1392 2715 1451 Eustath.

383 1481 459 1539 ad
512 1482 568 1538 Y
603 1481 725 1539 328
783 1482 957 1552 citat,
1009 1478 1289 1559 ’Ἀμειβος
1332 1500 1441 1557 pro
1495 1475 1752 1557 ἀμύμων
1796 1484 1944 1558 legit
2008 1480 2163 1559 [eius
2230 1481 2412 1540 verba
2468 1480 2608 1537 sunt
2651 1496 2712 1551 p.
2813 1488 2822 1491 ·

387 1566 577 1636 1210,
628 1565 708 1624 47
768 1565 941 1625 Rom.
1006 1566 1168 1624 12ss
1229 1566 1363 1624 Bas.
1427 1559 1766 1636 Καύκωνας
1823 1553 1963 1625 αὖτ’
2022 1557 2128 1643 ἦγε
2185 1558 2522 1634 Ποιυκλέος
2582 1558 2716 1630 υἱὸς

368 1646 678 1727 Ἅμειβος,
723 1644 766 1726 ἢ
806 1644 1115 1725 Ἀμύμων,
1173 1649 1233 1707 οἳ
1274 1646 1407 1725 περὶ
1450 1648 1636 1729 κτλ.];
1702 1645 2007 1727 Ἀμύντωρ
2052 1651 2282 1710 dedisse
2327 1650 2538 1725 opinor
2583 1647 2716 1706 Cal·

382 1733 728 1806 hathonem,
776 1755 992 1794 nomen
1038 1735 1182 1793 alibi
1226 1736 1403 1793 etiam
1452 1735 1513 1794 in
1560 1736 1748 1795 Iliade
1793 1735 2036 1797 obvium
2084 1736 2116 1791 1
2163 1735 2306 1793 448.
2356 1733 2410 1789 K
2457 1734 2598 1792 266.

550 1818 624 1875 V.
672 1820 819 1878 848
850 1839 953 1895 sq.
1001 1839 1071 1878 ex
1119 1819 1184 1876 Π
1226 1821 1345 1878 287
1379 1840 1467 1895 sq.
1875 1850 1878 1851 ⁷

633 1917 733 1978 καὶ
774 1914 917 1999 βάλε
964 1919 1443 1997 Πυραίχμην,
1490 1916 1556 1992 ὃς
1608 1918 1942 1993 Παίονας
1987 1914 2428 1996 ἱπποκορυστὰς

635 2001 914 2083 ἤγαγεν
959 2002 1030 2078 ἐξ
1072 1999 1497 2081 Ἀμυδῶνος
1540 1997 1664 2063 ἄπ’
1709 2002 1951 2080 Ἀξιοῦ
1995 1999 2522 2083 εὐρυρέοντος,

380 2107 691 2167 transtulit
734 2108 838 2167 sed
881 2109 997 2181 ita,
1048 2110 1115 2166 ut
1157 2109 1520 2167 contrarium
1562 2109 1871 2184 epitheton
1917 2129 1987 2169 ex
2031 2107 2314 2184 primario
2361 2107 2523 2166 fonte
2568 2106 2712 2164 reti·
2807 2114 2808 2117 ’

378 2195 568 2250 neret.
647 2192 762 2264 Qui
806 2194 1050 2252 tertium
1095 2193 1166 2252 de
1211 2193 1364 2252 Axio
1410 2213 1650 2253 versum
1694 2194 1956 2267 addidit,
2002 2213 2074 2252 ex
2116 2192 2174 2248 Φ
2222 2192 2342 2251 158

628 2288 826 2368 Ἀξιοῦ
840 2336 858 2367 ,
904 2289 970 2365 ὃς
1015 2292 1327 2353 κάλλιστον
1370 2287 1531 2372 ὕδωρ
1578 2290 1674 2353 ε’πὶ
1717 2299 1899 2373 γαῖαν
1945 2292 2144 2371 ἵησιν,

378 2396 698 2474 sumpsisse
742 2397 1010 2469 videtur,
1057 2397 1226 2457 cuius
1271 2398 1457 2472 ipsius
1501 2398 1634 2456 fons
1678 2398 1794 2456 fuit
1837 2399 1869 2455 λ
1914 2399 2036 2456 239

632 2493 699 2569 ὃς
744 2495 896 2557 πολὺ
940 2488 1245 2570 κάλλιστος
1289 2504 1574 2576 ποταμῶν
1618 2494 1714 2559 ἐπὶ
1757 2502 1940 2578 γαῖαν
1983 2496 2109 2577 ἵησι

380 2602 452 2659 de
496 2600 776 2676 Enipeo
832 2622 866 2659 a
911 2602 1148 2678 Tyrone
1191 2601 1481 2661 adamato.
1555 2600 1755 2679 Vulgo
1812 2623 1883 2662 ex
1927 2604 2130 2663 nostro
2175 2602 2306 2660 loco
2363 2601 2426 2659 in
2475 2600 2533 2657 Φ
2586 2603 2705 2659 158

379 2685 733 2744 translatum
782 2689 1027 2760 putant,
1073 2706 1192 2746 non
1236 2688 1424 2760 recte3
1470 2687 1569 2746 bic
1611 2690 1771 2747 enim
1817 2708 2054 2748 servum
2098 2687 2464 2744 imitatorem
2506 2686 2713 2760 prodit

378 2771 616 2845 ineptus
661 2771 829 2830 verbi
872 2766 1242 2828 ἐπικίδναται
1298 2772 1548 2831 abusus:
1608 2773 1685 2831 of.
1736 2773 1800 2829 H
1844 2774 1988 2831 451.
2047 2772 2192 2830 458.
2250 2770 2457 2845 Apoll.
2515 2769 2704 2830 Rhod.

377 2854 465 2926 ΙΙ,
517 2856 659 2914 978.
737 2853 941 2923 Quint.
991 2856 1109 2917 Sm.
1158 2855 1239 2926 V,
1287 2856 1441 2927 347,
1498 2876 1678 2931 quem
1736 2859 1958 2916 frustra
2013 2857 2291 2932 obtegere
2347 2853 2708 2915 studuerunt

377 2939 608 3014 antiqui
653 2939 967 2999 scribendo
1013 2928 1169 3009 Αἶα,
1215 2941 1298 2998 ita
1342 2943 1410 2998 ut
1438 2941 1572 3001 fons
1603 2942 1959 3016 purissimae
1989 2961 2174 3017 aquae
2218 2939 2703 3016 intellegeretur!

377 3024 546 3083 Idem
592 3025 774 3084 etiam
818 3025 967 3083 alter
1010 3022 1406 3099 interpolator
1464 3045 1535 3083 ex
1580 3027 1788 3085 eodem
1836 3028 1967 3085 loco
2012 3029 2148 3102 post
2190 3045 2247 3083 v.
2298 3025 2420 3083 848
2471 3043 2705 3083 versum

375 3108 673 3168 addidisse
718 3110 986 3181 videtur,
1033 3110 1107 3168 de
1149 3128 1265 3185 quo
1312 3109 1589 3169 Eustath.
1638 3115 1701 3169 et
1733 3111 1929 3170 Schol.
1977 3111 2050 3168 ad
2094 3109 2152 3165 Φ
2200 3110 2323 3167 140
2367 3110 2660 3168 referunt:

635 3207 974 3288 Πηλεγόνος
1019 3208 1095 3267 θ’
1147 3200 1274 3281 υίὸς
1318 3208 1643 3288 περιδέξιος
1683 3207 2129 3289 Ἀστεροπαῖος,

375 3313 478 3387 qui
525 3316 771 3372 conatus
816 3332 935 3371 non
994 3313 1190 3372 minus
1235 3317 1414 3389 atque
1471 3314 1574 3373 ille
1619 3314 2002 3374 Callisthenis
2049 3313 2195 3372 satis
2241 3311 2443 3385 prodit
2485 3331 2561 3370 ne
2607 3331 2706 3370 an-

379 3397 577 3471 tiquos
623 3398 861 3472 quidem
906 3398 1244 3475 ambiguam
1289 3399 1463 3458 huius
1507 3398 1768 3475 catalogi
1814 3399 2103 3476 originem
2148 3398 2472 3473 ignorasse.

546 3480 620 3540 V.
667 3482 815 3541 856
848 3502 984 3558 sq.,
1040 3483 1144 3558 qui
1188 3484 1429 3558 quantis
1476 3488 1742 3542 veterum
1789 3483 2269 3542 dubitationibus
2312 3484 2373 3541 et
2416 3482 2705 3558 discepta-

378 3566 643 3626 tionibus
709 3567 948 3626 obnoxii
1014 3567 1269 3640 fuerint,
1338 3569 1571 3643 prolixa
1635 3567 1807 3627 docet
1872 3567 2180 3627 Strabonis
2209 3586 2216 3610 1
2244 3567 2534 3644 digressio
2592 3568 2709 3627 XII

377 3671 436 3726 p.
487 3651 609 3709 549
641 3670 801 3727 sqq.,
848 3651 974 3710 sive
1019 3653 1274 3726 primus,
1322 3654 1448 3712 sive
1495 3653 1647 3711 alter
1689 3653 2089 3728 interpolator
2132 3651 2537 3724 concinnavit,
2586 3655 2702 3727 pri-

374 3755 538 3794 mum
585 3735 646 3793 in
689 3756 811 3794 rem
859 3756 1027 3795 suam
1072 3738 1379 3797 transtulit
1422 3737 1478 3793 E
1523 3739 1603 3796 39
1647 3730 1832 3814 ἀρχὸν
1876 3731 2213 3807 Ἁλιζώνων
2260 3727 2459 3795 Ὀδίον
2498 3733 2706 3814 μέγαν,

378 3824 505 3878 tum
563 3821 813 3879 alterum
868 3839 1085 3880 nomen
1152 3822 1457 3898 totiusque
1512 3841 1718 3882 versus
1776 3821 2305 3882 conformationem
2361 3841 2434 3881 ex
2490 3823 2539 3879 Β
2582 3824 2702 3880 517

378 3905 611 3964 furatus
656 3910 773 3966 est:

588 4000 822 4080 αὐτὰρ
870 4001 1151 4081 Φωκήων
1193 4007 1485 4085 Σχεδίος
1531 4006 1658 4068 καὶ
1706 4003 2199 4086 Ἐπίστροφος
2242 4000 2490 4086 ἦρχον.

379 4109 588 4167 Altero
643 4129 849 4181 versu,
915 4110 1445 4186 quomodocunque
1498 4114 1842 4190 argenteam
1897 4111 2058 4170 illius
2116 4112 2399 4186 temporis
2458 4110 2704 4170 Califor-

378 4194 539 4252 niam
584 4193 827 4265 extulit,
873 4196 1000 4253 sine
1044 4195 1224 4253 dubio
1269 4195 1615 4257 imitaturus
1659 4199 1790 4256 erat
1831 4216 1888 4255 v.
1934 4196 2055 4253 852

589 4290 649 4367 ἐξ
686 4288 973 4371 Ἐνετῶν,
1031 4291 1184 4354 ὅθεν
1223 4290 1558 4374 ἡμιόνων
1601 4293 1811 4375 γένος
1854 4290 2357 4375 ἀγροτεράων,

378 4400 439 4456 et
481 4397 655 4458 simul
702 4397 965 4457 alludere
1007 4398 1082 4457 ad
1125 4403 1400 4458 auratum
1446 4398 1664 4459 Carum
1708 4397 2040 4473 principem
2086 4419 2143 4458 v.
2188 4400 2544 4459 872—875.
