3132 5129
1459 371 1918 434 ...444-

521 524 592 588 οὗ
635 525 931 600 πιστεύεις
977 550 1068 587 οτι
1113 523 1223 607 ἐγώ
1270 524 1337 587 ἐν
1365 526 1458 630 τῷ
1501 524 1679 623 πατρὶ
1734 525 1834 587 καὶ
1888 522 1920 585 ὁ
1965 524 2158 606 πατὴρ
2214 523 2281 586 ἐν
2338 524 2471 633 ε’μοί
2514 524 2697 593 ἐστιν;
2754 526 2861 587 καὶ

519 622 648 717 πως
706 612 782 673 σὺ
844 610 1027 692 λέγεις
1078 613 1295 686 Δεῖξον
1331 587 1493 709 ἡμῖν
1548 605 1651 671 τὸν
1704 608 1958 689 πατέρας
2016 609 2085 670 τὰ
2143 609 2376 690 ῥήματα
2431 635 2467 668 α
2527 608 2640 690 ἐγω
2701 615 2862 671 λαλῶ

518 694 635 757 ἄπ’
688 696 1017 775 ἐμαυτοῦ
1075 688 1109 755 ὁ
1163 687 1398 776 πατὴρ
1455 693 1534 756 ἐν
1598 693 1759 772 ἐμοὶ
1800 693 2044 774 μένων
2099 702 2309 756 ποιεῖ
2372 693 2539 775 ἔργα
2605 690 2859 757 αὐτοῦ.

444 850 449 854 ἡ
521 774 605 842 οὐ
651 782 815 864 (cum
862 785 1172 860 vulgata
1223 784 1455 842 addunt
1498 783 1679 842 etiam
1724 784 1851 858 alii)
1909 773 2214 842 πιστεύετέ
2256 802 2358 857 μοι
2403 802 2494 840 οτι
2541 776 2573 839 ὁ
2617 773 2861 883 πατὴρ

521 866 598 927 ἐν
643 866 805 944 ἐμοὶ
855 862 1055 969 κάγώ
1113 864 1191 926 ἐν
1243 874 1341 949 τῷ
1395 866 1625 943 πατρί
1678 866 1793 947 (sic
1835 869 1963 927 cod.
2011 869 2064 927 D
2121 871 2185 927 et
2240 864 2567 969 Hilarius);
2628 866 2690 925 εἰ
2740 862 2860 944 μή,

523 946 619 1011 δια
665 951 734 1012 τὰ
780 951 917 1032 ἔργα
964 948 1115 1012 αὐτὰ
1160 928 1483 1012 πιστεύετε.
1560 952 1761 1012 Verba
1806 943 1874 1010 τοὶ
1922 946 2151 1029 ῥήματα
2187 985 2263 994 -
2307 945 2494 1010 αὐτοῦ
2540 956 2705 1028 patet
2748 953 2864 1011 hoc

522 1040 697 1098 modo
743 1041 1025 1099 Nonnum
1066 1040 1389 1115 accepisse.
1451 1038 1677 1097 verba
1733 1057 1922 1136 qua-e
1981 1057 2115 1115 ego
2160 1037 2579 1113 proloquor
2621 1058 2702 1095 ex
2747 1057 2859 1095 me

521 1136 603 1183 ea'
642 1129 861 1200 pater
906 1124 1079 1182 mibi
1125 1125 1525 1182 immanens
1570 1127 1652 1181 ut
1709 1142 1839 1182 sua
1881 1122 2118 1198 ipsius
2164 1141 2390 1198 opera
2431 1123 2859 1198 progignit.

425 1214 490 1261 23
522 1210 616 1267 Ita
661 1210 824 1269 vides
870 1209 1205 1269 Nonnicum
1265 1211 1493 1267 textum
1547 1227 1909 1284 quamquam
1965 1208 2209 1284 vulgato
2265 1207 2600 1266 breviorem
2655 1210 2862 1266 tamen

522 1313 643 1352 non
689 1314 757 1353 ea
799 1295 1069 1354 laborare
1115 1292 1407 1368 „obscura
1438 1291 1955 1370 breviloquentia“
1960 1338 1974 1368 ,
2024 1312 2201 1375 quam
2249 1292 2336 1350 illi
2366 1292 2524 1351 haud
2555 1292 2861 1351 immerito

520 1379 868 1438 obiecerunt
922 1379 1271 1437 recentiores
1316 1379 1695 1451 interpretes·

534 1476 539 1480 ’
690 1464 803 1522 Ηίο
848 1464 965 1522 iam
1023 1464 1072 1520 si
1127 1463 1304 1537 paulo
1362 1462 1642 1520 audacior
1697 1464 1761 1520 in
1815 1460 2230 1538 investigando
2286 1461 2490 1520 Nonni
2547 1463 2861 1538 evangelio

521 1554 790 1608 vensatus
836 1567 961 1607 esse
1007 1567 1253 1624 arguar,
1302 1548 1489 1606 maius
1534 1548 1711 1605 etiam
1757 1548 1817 1605 in
1849 1547 2062 1605 ultimo
2094 1566 2268 1622 quem
2316 1549 2676 1605 tractaturus
2720 1566 2860 1606 sum

522 1635 649 1692 loco
699 1633 977 1692 molimen
1024 1633 1359 1691 audendum
1407 1631 1548 1690 mihi
1597 1631 1851 1691 videtur.
1929 1632 2229 1691 Habemus
2261 1631 2436 1690 hodie
2467 1631 2622 1706 XXI,
2659 1633 2736 1689 12
2763 1652 2862 1708 sq.

523 1720 676 1777 bunc
720 1718 781 1775 in
830 1716 1106 1776 omnibus
1147 1716 1384 1776 Ioannis
1429 1716 1599 1774 libris
1645 1716 2045 1776 membrorum
2090 1716 2389 1775 ordinem:
2437 1710 2590 1791 λέγει
2621 1747 2701 1758 -
2730 1710 2864 1793 άρι-

522 1800 791 1877 στήσατε.
871 1795 1068 1870 οὐδεὶς
1114 1833 1193 1841 -
1241 1798 1417 1859 ἐστιν.
1494 1796 1720 1877 ἔρχεται
1776 1834 1840 1843 -
1892 1795 2130 1878 ὁμοίως.
2212 1800 2551 1861 Hodiernus
2603 1800 2864 1861 Nonnus

523 1907 576 1945 v.
629 1888 874 1945 69—76
920 1887 1079 1945 hunc
1123 1887 1391 1945 ordinem
1436 1885 1711 1944 habuisse
1756 1886 2021 1945 videtur.
2085 1871 2280 1954 οὐδεὶς
2325 1918 2403 1927 —-
2452 1882 2630 1945 ἐστιν.
2706 1881 2866 1964 λέγει

525 2005 601 2013 --
647 1958 1020 2048 ἀριστήσατε.
1099 1967 1325 2048 ἔρχεται
1373 2004 1449 2011 -
1493 1962 1729 2046 ὁμοίως.
1804 1971 2026 2029 Verum
2087 1970 2206 2029 iam
2263 1971 2624 2030 narrationis
2681 1972 2865 2031 tenor

522 2057 818 2133 postulat,
867 2059 934 2114 ut
979 2059 1040 2114 et
1082 2059 1288 2132 poetae
1336 2075 1541 2116 versus
1586 2058 1648 2113 et
1690 2057 2092 2133 evangelistae
2138 2055 2318 2115 verba
2361 2056 2535 2113 aliter
2579 2057 2861 2132 dispona-

524 2161 672 2200 mus.
747 2141 1051 2200 Habuerat
1092 2142 1193 2201 ille
1236 2140 1393 2199 hunc
1437 2140 1736 2199 ordinem-1

643 2268 708 2315 ‘13
780 2258 887 2317 καί
926 2274 1072 2333 σφιν
1113 2249 1262 2332 αναξ
1307 2256 1613 2336 παρέθηκε
1658 2253 1858 2334 φέρων
1900 2252 2290 2335 περιμήκετον
2334 2252 2549 2334 ἰχθύν,

778 2339 966 2421 ἰχθὺν
1007 2341 1107 2402 καὶ
1153 2339 1290 2401 νέον
1332 2340 1542 2421 ἄρτον·
1592 2338 1712 2413 ἕοῐς
1757 2336 1821 2400 δ’
1871 2338 2101 2402 ἐκέλευε
2143 2346 2478 2420 μαθηταῖς·

773 2428 1021 2505 ,,δεῦ’τε,
1075 2419 1256 2486 πάλιν
1301 2425 1595 2486 δαίνυσθε
1638 2425 1778 2502 μιῆς
1823 2421 1943 2485 ὑπὸ
1988 2424 2179 2485 κύκλα
2224 2424 2508 2505 τραπέζης

771 2508 1062 2591 ὀπταλέην
1103 2503 1400 2588 αδόκητον
1444 2509 1717 2590 ἐθήμονα
1761 2510 1937 2570 δαῖτα
1981 2510 2313 2588 θαλάσσης.
2320 2515 2362 2548 “

648 2609 713 2656 69
779 2595 849 2659 οὐ
896 2593 1021 2658 τότε
1067 2596 1351 2676 τολμησας
1395 2620 1481 2669 τις
1536 2592 1695 2694 ἀνὴρ
1740 2591 2052 2674 ὁμόφοιτος
2097 2594 2345 2676 ἑταίρων

773 2678 1069 2754 ἀντωποῖς
1128 2679 1480 2761 βλεφάροισι
1522 2672 1675 2745 θεὸν
1717 2677 2013 2783 παρεόντα
2057 2680 2327 2743 δοκεύων

775 2769 906 2844 „rl9
952 2764 1237 2838 τελέθεις;
1223 2769 1284 2802 ·“
1331 2764 1574 2847 ἐρέεινε,
1622 2788 1721 2824 και
1769 2759 1841 2825 οὐ
1885 2764 2125 2842 θρασῦς
2170 2767 2357 2846 εἴρετο
2403 2765 2643 2844 Σίμων,

781 2848 993 2931 ἐγγύθι
1034 2850 1377 2931 γινωσκων,
1424 2873 1537 2910 οτι
1581 2850 1935 2929 κοίρανος
1990 2843 2122 2929 ἦεν
2160 2849 2463 2929 Ἰησοῦς.

524 2973 633 3032 Cui
682 2973 876 3032 ordini
924 2974 1144 3049 optime
1202 2973 1344 3031 haec
1386 2973 1791 3067 respondent:
1849 2969 2068 3049 ἔρχεται
2120 2965 2359 3048 Ἰησους
2413 2969 2513 3031 καὶ
2567 2969 2806 3047 λαμβαι
2808 2995 2861 3033 ει

521 3054 627 3116 τὸν
668 3077 850 3135 αρτον
895 3078 994 3116 και
1041 3054 1287 3114 δίδωσιν
1330 3044 1566 3132 αὐτοῖς,
1611 3054 1712 3115 καὶ
1755 3055 1819 3117 τὸ
1865 3050 2123 3154 ὀψάριον
2164 3051 2407 3133 ὁμοίως·
2454 3052 2605 3134 λέγει
2647 3050 2860 3129 αυτοῖς

522 3127 554 3197 ὁ
591 3135 825 3216 Ἰησοῦς
877 3141 1063 3201 Δεῦτε
1106 3135 1476 3218 ἀριστήσατε
1553 3135 1749 3213 oddag
1807 3135 2011 3220 ἐτόλμα
2069 3148 2189 3199 τῶν
2244 3140 2537 3217 μαθητῶν
2589 3138 2862 3214 ἐξετάσαι

521 3219 707 3285 αὐτὸν
755 3219 848 3283 Σὺ
892 3225 980 3298 τίς
1025 3218 1106 3293 εἷ’,
1160 3219 1472 3302 εἰδότες,“’
1454 3219 1561 3284 ότι
1606 3220 1637 3285 ὁ
1683 3224 1953 3299 κύριός
1999 3223 2219 3286 ἐστιν.
2296 3228 2377 3286 Et
2419 3245 2577 3287 nunc
2621 3227 2858 3286 demum

522 3313 596 3370 ad
640 3312 1002 3371 narrationis
1048 3311 1225 3371 finem
1272 3312 1498 3386 optime
1542 3312 1839 3388 quadrant
1885 3313 2196 3388 sequentia
2244 3309 2481 3370 Τοῦτο
2523 3301 2612 3387 ηδ
2623 3333 2661 3387 η
2706 3310 2853 3389 τρί-

522 3416 651 3453 τον
706 3393 1150 3474 ἐφανερώθη
1200 3390 1430 3471 Ἰησοῦς
1484 3400 1607 3467 τοῖς
1674 3399 1979 3473 μαθηταῖς
2036 3391 2304 3474 ἐγερθεὶς
2360 3392 2425 3455 ἐκ
2483 3394 2741 3474 νεκρῶν,
2797 3400 2860 3457 et

520 3481 683 3557 apud
727 3483 1042 3541 Nonnum:

775 3597 949 3658 τοῦτο
993 3593 1176 3657 πάλιν
1219 3597 1411 3677 τρίτον
1451 3595 1595 3658 ἄλλο
1640 3599 2000 3675 φαείνετο
2043 3594 2217 3701 (οἰοῖ)
2278 3598 2423 3656 πᾶσι
2464 3603 2766 3677 μαθηταῖς

770 3676 1002 3760 Ἰησοῦς
1045 3703 1187 3758 μετα
1229 3687 1405 3744 θεῖον
1449 3680 1756 3763 ἐγέρσιμον
1797 3680 2000 3744 ὕπνον
2042 3678 2312 3763 ὀλέθρου.

691 3837 771 3896 Hi
817 3837 1004 3913 igitur
1047 3837 1162 3896 loci
1208 3837 1483 3913 fuerunt,
1545 3839 1663 3897 nisi
1708 3857 1893 3897 unum
1935 3839 2270 3898 alterumve
2316 3838 2635 3898 memoriae
2681 3838 2856 3913 lapsu

521 3922 724 3998 omisi,
771 3941 1054 3997 omnes,
1101 3923 1161 3981 in
1206 3921 1421 3998 quibus
1464 3923 1707 3982 Ioannei
1756 3924 2050 4000 evangelii
2095 3923 2388 3999 codicem,
2436 3942 2555 3999 quo
2599 3922 2854 3982 Nonnus

520 4027 662 4066 usus
707 4011 828 4082 est,
877 4007 1156 4080 pauciora
1198 4006 1409 4082 verba,
1466 4028 1643 4083 quam
1689 4028 1837 4084 quae
1892 4008 2066 4067 hodie
2109 4009 2215 4065 aut
2261 4009 2321 4066 in
2367 4008 2595 4068 cunctis
2642 4011 2750 4066 aut
2794 4007 2857 4067 in

521 4091 796 4167 plurimis
852 4091 1125 4151 fontibus
1181 4092 1549 4168 invenimus,
1623 4093 1896 4152 habuisse
1953 4093 2133 4152 certis
2187 4094 2556 4170 argumentis
2614 4093 2855 4151 demon-

521 4175 700 4234 strari
747 4177 964 4250 potest.
1041 4175 1198 4246 Quas
1242 4177 1497 4236 Nonnici
1554 4178 1775 4237 codicis
1832 4177 2158 4252 scripturas
2203 4195 2336 4236 cum
2385 4177 2539 4235 haud
2583 4196 2720 4235 raro
2765 4196 2852 4235 re-

518 4260 710 4335 ceptis
755 4260 925 4319 hodie
969 4260 1327 4320 lectionibus
1372 4262 1705 4337 superiores
1736 4262 1881 4321 mihi
1910 4262 2100 4322 videri
2145 4263 2378 4338 monui,
2424 4262 2687 4337 profecto
2733 4261 2856 4321 illi

521 4346 819 4403 tantum
865 4347 1100 4406 codici
1146 4365 1273 4404 sua
1325 4346 1748 4423 vindicare,
1807 4347 2114 4406 minime
2159 4365 2331 4405 vero
2387 4346 2567 4422 quid
2628 4365 2855 4406 evan-

518 4430 801 4507 gelista
847 4429 1005 4506 ipse
1052 4432 1459 4506 scripserit
1503 4431 1763 4491 indicare
1792 4432 1978 4490 volui.
2055 4431 2143 4489 De
2188 4451 2256 4502 ea
2286 4432 2445 4490 enim
2488 4450 2552 4490 re
2583 4431 2845 4490 iudicare
