3132 5129
1331 408 1793 471 -113—

383 565 602 641 ficavi3
648 565 820 623 illum
864 583 1005 624 vero
1052 566 1282 639 locum,
1340 567 1873 642 quomodocunque
1933 565 2007 623 de
2066 584 2136 625 eo
2195 566 2507 640 statuitur,
2566 568 2727 624 certe

389 669 520 710 non
564 651 892 709 centonarii
951 650 1185 725 opificis
1239 669 1366 709 esse
1424 653 1556 725 ipsa
1608 652 1695 708 rei
1751 650 1988 710 novitas
2044 651 2328 709 ostendit.
2410 650 2527 709 Hic
2586 669 2727 709 vero

385 740 537 811 post
578 735 900 811 Lyciorum
944 755 1145 812 regem
1199 735 1356 795 filiae
1400 735 1655 794 conubio
1707 739 1887 811 atque
1937 738 2109 813 regni
2167 736 2413 794 dimidio
2470 736 2728 810 pericula

386 820 616 896 hospiti
660 821 775 879 diis
803 824 1004 879 amato
1036 822 1302 880 iniuncta
1330 825 1776 879 remuneratum
1819 823 2243 880 v.191-193
2278 822 2518 896 insuper
2547 822 2726 878 etiam

388 906 682 981 populum
727 905 944 964 inferre
988 924 1056 965 eo
1111 908 1325 983 magis
1343 907 1633 965 absonum
1693 910 1849 982 erat,
1905 907 2062 982 quod
2108 908 2234 964 eius
2289 906 2456 964 nulla
2510 924 2726 963 memo-

389 996 532 1049 rata
585 991 701 1050 fuit
756 1009 888 1049 cum
944 991 1183 1049 homine
1235 993 1554 1068 peregrino
1621 993 2012 1050 necessitudo.
2103 991 2184 1049 Et
2237 992 2534 1068 repugnat
2600 992 2729 1066 ipsa

391 1075 800 1134 membrorum
844 1077 1144 1134 iunctura:
1190 1095 1328 1135 nam
1375 1096 1506 1135 cum
1552 1096 1609 1135 v.
1664 1078 1780 1134 194
1825 1071 1867 1153 ἣ
1910 1065 1968 1133 δ’
2019 1071 2173 1134 ἔτεκε
2218 1074 2347 1151 τρία
2392 1071 2567 1133 τέκνα
2611 1094 2729 1133 uno

391 1164 629 1219 tantum
675 1179 850 1219 versu
893 1161 1190 1221 inferioris
1250 1163 1579 1220 sententiae
1625 1162 1942 1220 interiecto
1986 1164 2125 1236 apte
2170 1161 2379 1220 referri
2423 1162 2611 1236 possit
2652 1160 2728 1218 ad

392 1242 570 1302 δίδου
613 1238 673 1301 δ’
723 1264 755 1302 ο
802 1266 865 1323 γε
908 1241 1213 1323 θυγατέρα
1256 1241 1371 1322 ἤν,
1416 1246 1682 1321 profecto
1728 1248 2044 1322 quominus
2073 1264 2233 1303 nunc
2278 1246 2586 1304 commode
2618 1245 2728 1303 hoc

394 1330 507 1388 fiat
549 1330 665 1389 duo
711 1331 955 1406 insuper
995 1349 1201 1400 versus
1244 1331 1585 1407 impediunt
1626 1351 1664 1389 a
1706 1333 1863 1407 regis
1893 1331 2096 1391 favore
2139 1331 2216 1389 ad
2262 1331 2467 1406 populi
2513 1330 2723 1388 libera-

394 1415 628 1474 litatem
682 1416 1022 1491 importune
1077 1415 1456 1475 abducenteS.
1550 1415 1674 1475 Nec
1731 1436 1907 1475 causa
1964 1417 2141 1490 latet,
2198 1435 2349 1490 quae
2406 1416 2728 1490 interpola-

394 1503 587 1558 torem
629 1500 706 1558 ad
749 1501 978 1559 furtum
1035 1500 1371 1560 faciendum
1416 1500 1780 1576 impelleret:
1836 1521 1970 1561 cum
2027 1502 2397 1559 meminisset
2448 1500 2608 1557 infra
2658 1502 2729 1556 M

395 1587 518 1643 311
552 1604 640 1660 sq.
689 1584 1092 1666 Sarpedonem
1136 1605 1198 1644 se
1244 1589 1424 1661 atque
1469 1584 1761 1644 Glaucum
1804 1587 1880 1645 ad
1926 1588 2163 1645 strenue
2206 1585 2595 1661 pugnandum
2641 1585 2727 1642 in-

393 1671 683 1729 citantem
727 1672 908 1730 etiam
954 1690 1054 1746 eo,
1103 1671 1263 1746 quod

653 1785 753 1847 καὶ
799 1785 1099 1884 τέμενος
1145 1786 1573 1866 νεμόμεσθα
1615 1785 1764 1867 μέγα
1809 1783 2081 1853 Ξανθοιο
2108 1782 2269 1889 παρ’
2316 1784 2545 1865 οχθας,

650 1863 878 1932 καλὸν
920 1876 1292 1951 φυταλιῆς
1347 1872 1470 1933 καὶ
1513 1869 1841 1953 ἀρούρης
1885 1867 2278 1953 πυροφόροιο,

395 1994 632 2069 egregie
677 1995 802 2052 sine
848 1994 1028 2052 dubio
1059 2013 1265 2069 sapere
1295 1995 1409 2053 sibi
1453 1996 1615 2053 visus
1660 1998 1776 2070 est,
1823 1995 1984 2069 quod
2026 1994 2328 2070 publicum
2370 1993 2523 2060 illud
2562 2012 2727 2069 prae·

399 2078 562 2136 dium
610 2079 726 2137 iam
758 2080 1065 2154 utriusque
1095 2097 1209 2137 avo
1240 2080 1525 2138 donatum
1555 2098 1682 2138 esse
1714 2080 1810 2138 hic
1843 2098 2079 2154 quoque
2110 2078 2440 2138 notandum
2470 2080 2725 2153 putavit.

565 2162 692 2222 Nec
735 2165 932 2222 minus
976 2166 1317 2239 importune
1362 2164 1434 2222 de
1493 2163 1700 2223 liberis
1746 2164 2191 2240 Bellerophonti
2238 2184 2309 2222 ex
2352 2164 2522 2239 Lycii
2569 2165 2728 2238 regis

396 2247 519 2305 filia
562 2250 717 2306 natis
759 2250 1023 2308 narratio
1075 2253 1213 2324 post
1269 2269 1325 2308 v.
1378 2251 1495 2308 199
1553 2250 2010 2324 interrumpitur
2063 2249 2332 2308 versibus
2388 2267 2497 2323 per
2551 2268 2612 2305 se
2668 2252 2731 2306 et

395 2332 732 2409 insignibus
775 2337 840 2393 et
882 2334 1055 2409 satis,
1103 2337 1173 2392 ut
1216 2336 1454 2410 opinor,
1501 2335 1799 2410 antiquie,

650 2446 778 2510 ἀλλ’
829 2448 924 2511 ὅτε
970 2447 1044 2529 δὴ
1089 2449 1190 2511 καὶ
1233 2457 1430 2523 κεῖνος
1474 2447 1780 2530 ἀπήχθετο
1821 2459 1972 2511 πᾶσι
2016 2455 2282 2528 θεοῖσιν,

650 2527 691 2613 ἦ
734 2556 823 2595 τοι
866 2531 902 2595 ὃ
944 2532 1067 2596 κὰπ
1111 2536 1321 2597 πεδίον
1362 2534 1427 2597 τὸ
1467 2531 1703 2615 Ἀλήιον
1745 2528 1865 2609 οἶος
1908 2531 2119 2612 ἆλᾶτο,

651 2644 727 2679 ον
767 2619 973 2699 θυμὸν
1017 2619 1316 2699 κατέδων,
1361 2643 1552 2682 πατον
1594 2618 1945 2701 ανθρώπων
1985 2617 2300 2699 αλεείνων,

393 2741 612 2816 quibus
657 2742 844 2816 ipsius
888 2742 1085 2800 herois
1112 2745 1379 2802 extrema
1407 2762 1534 2803 sors
1565 2742 1954 2817 describitur,
2001 2761 2151 2817 quae
2197 2744 2562 2818 quantopere
2593 2761 2727 2800 cum

395 2826 470 2883 ab
514 2827 645 2885 aliis
690 2825 899 2901 postea
941 2828 1133 2901 poetis
1178 2830 1307 2886 tum
1360 2828 1434 2887 ab
1478 2827 1769 2902 Euripide
1812 2830 2097 2886 exornata
2153 2828 2259 2901 sit,
2318 2828 2477 2885 inter
2521 2845 2726 2886 omnes

395 2914 646 2969 constat.
737 2911 849 2970 Hic
891 2915 1093 2970 tamen
1135 2912 1331 2973 alieno
1387 2913 1516 2971 loco
1575 2912 1696 2988 legi
1754 2913 1875 2970 iam
1931 2913 2164 2988 antiqui
2223 2913 2500 2970 eustatici
2553 2914 2724 2971 intel-

395 2995 698 3071 lexerunt,
746 2997 852 3071 qui
894 3015 1016 3055 non
1060 2996 1281 3072 solum,
1332 3017 1620 3073 quorsum
1663 2997 1815 3055 illud
1860 2993 1962 3053 καὶ
2008 3000 2301 3072 spectaret
2343 3000 2485 3055 ante
2529 3001 2725 3067 κεῖνος

394 3081 656 3155 positum
698 3080 944 3140 deorum
989 3083 1138 3140 iram
1182 3084 1475 3141 universis
1521 3083 1691 3157 quasi
1736 3081 2088 3141 mortalibus
2120 3082 2476 3140 denuntians
2521 3086 2583 3141 et
2610 3102 2729 3157 qua

394 3165 522 3224 sive
566 3184 741 3224 musa
784 3167 909 3225 sive
954 3167 1131 3242 culpa
1171 3168 1442 3226 divinum
1473 3166 1626 3225 illud
1656 3166 1856 3226 odium
1905 3168 1966 3225 in
1997 3166 2520 3240 Bellerophontem
2562 3186 2724 3225 exar-

394 3250 565 3323 serit,
612 3250 935 3326 diligenter
986 3253 1437 3327 quaesiverunt,
1498 3251 1600 3309 sed
1658 3253 1837 3311 etiam
1893 3253 1993 3310 avi
2037 3251 2150 3309 diis
2205 3252 2384 3309 invisi
2446 3270 2645 3309 casum
2693 3273 2727 3310 a

394 3337 611 3408 nepote
656 3353 865 3409 parum
910 3335 1238 3411 prudenter
1281 3330 1614 3415 (ἀφρόνως)
1679 3338 1832 3396 hosti
1880 3337 2095 3411 exponi
2141 3336 2441 3395 verissime
2485 3355 2724 3395 monue-

394 3423 557 3481 runt.
643 3419 783 3478 Non
838 3420 1121 3495 defuisse,
1182 3421 1339 3497 quod
1406 3420 1866 3496 responderent,
1924 3421 2126 3496 lyticis
2181 3421 2444 3479 conicere
2497 3422 2723 3496 liceret,

391 3504 628 3562 etiamsi
672 3508 1010 3564 commenta
1051 3523 1255 3564 eorum
1309 3525 1430 3564 non
1475 3510 1536 3564 et
1581 3506 1711 3602 ipsa
1754 3506 1818 3564 in
1871 3505 2111 3564 scholiis
2155 3505 2513 3581 legerentur.
2607 3505 2724 3566 Sed

393 3607 466 3646 ea
520 3590 844 3663 praeterire
899 3594 1182 3664 praestat.
1271 3590 1472 3649 Unum
1525 3592 1761 3666 insigne
1815 3593 1933 3663 est,
1992 3589 2149 3664 quod
2203 3589 2445 3663 quidam
2503 3590 2725 3649 diserte

392 3677 754 3732 monuerunt
796 3674 869 3733 de
916 3694 1068 3750 vaga
1109 3675 1596 3750 Bellerophontis
1640 3675 1964 3733 solitudine
1990 3670 2234 3774 [Schol.
2267 3674 2318 3731 B
2347 3673 2420 3731 ad
2453 3695 2508 3742 γ.
2543 3671 2722 3753 202];

392 3749 502 3833 οὐχ
546 3752 628 3828 ὦς
682 3756 746 3816 οἵ
795 3755 1072 3835 νεώτεροί
1122 3775 1301 3834 φασι,
1356 3753 1824 3836 μελαγχολησας,
1878 3749 2006 3816 ἄλλ’
2069 3752 2441 3834 ὀδυνωμενος
2499 3755 2595 3816 ἐπὶ
2654 3765 2724 3838 τῇ

395 3850 518 3898 τῶν
562 3838 779 3901 ἑαυτοῦ
823 3840 1058 3901 παίδων
1112 3838 1373 3901 ἆπωλεία
1420 3840 1687 3919 έμόναζε.
1776 3842 1891 3915 Qui
1934 3844 2093 3902 haud
2139 3844 2259 3903 scio
2301 3861 2378 3901 an
2424 3843 2580 3902 hunc
2624 3862 2724 3918 po-

391 3928 514 3985 tius
555 3932 662 3985 aut
706 3928 964 4003 legerint
1018 3931 1124 3987 aut
1165 3929 1484 3988 intulerint
1527 3949 1808 3988 versuum
1852 3929 2150 3988 ordinem·

498 4053 601 4101 200
685 4038 814 4102 ἀλλ’
864 4066 961 4105 οτε
1005 4042 1082 4122 δὴ
1126 4043 1228 4105 καὶ
1269 4049 1465 4117 κεῖνος
1509 4036 1814 4151 απήχθετο
1857 4053 2006 4104 πᾶσι
2048 4049 2320 4119 θεοῖσιν,

497 4138 597 4185 203
671 4127 996 4207 Ἴσανδρον
1037 4127 1104 4189 δέ
1147 4130 1211 4189 οἱ
1247 4128 1384 4191 υἱὸν
1415 4128 1601 4207 ’Ἇρης
1644 4121 1787 4203 ατος
1832 4127 2108 4205 πολέμοιο
2154 4175 2162 4188 ,

687 4213 1069 4292 μαρνάμενον
1112 4208 1434 4292 Σολύμοισι
1477 4213 1796 4276 κατέκτανε
1840 4215 2244 4292 κυδαλίμοισι,

689 4296 801 4375 τὴν
845 4298 910 4359 δὲ
953 4297 1329 4378 χολωσαμένη
1373 4300 1693 4405 χρυσήνιος
1726 4300 1999 4377 ’Ἄρτεμις
2046 4297 2216 4373 ἔκτα,

498 4394 595 4442 201
685 4375 726 4460 ἦ
769 4405 858 4444 τοι
900 4381 937 4444 ὃ
979 4382 1104 4445 κὰπ
1147 4384 1357 4445 πεδίον
1400 4383 1463 4445 τὸ
1502 4380 1738 4463 Ἀλήιον
1781 4379 1902 4457 οἶος
1945 4380 2129 4444 ἆλᾶτο

687 4491 763 4527 ον
803 4467 1009 4548 θυμὸν
1051 4468 1347 4546 κατέδων,
1392 4468 1585 4530 πάτον
1624 4464 1977 4549 ἀνθρώπων
2017 4463 2318 4529 ἀλεείνων.

495 4576 738 4627 noenu.
774 4577 1020 4619 schanan.
1066 4578 1102 4618 1.
1612 4631 1619 4639 ·
2289 4568 2324 4617 8
