3132 5129
1401 351 1817 413 ...19-

442 510 759 581 daverant,
819 528 940 568 non
993 510 1205 568 melius
1262 512 1543 584 poterant
1600 508 1927 577 emendari,
1998 525 2172 581 quam
2230 507 2278 564 si
2333 506 2515 564 libere
2574 505 2775 563 dolum

442 614 615 653 suum
659 593 1064 669 profiteretur.
1102 627 1175 636 -—
1225 594 1535 653 Postremo
1583 592 2011 668 Naegelsbach.
2058 592 2333 665 antiquae
2378 590 2775 664 simplicitatis

441 699 569 738 esse
624 679 801 750 dicit,
863 679 1023 754 quod
1077 680 1492 755 Agamemnon
1546 678 1816 750 Nestori,
1871 678 1976 752 qui
2032 680 2367 751 postremus
2426 683 2485 733 et
2542 675 2778 750 egregie

442 766 678 823 locutus
724 764 836 837 sit,
893 783 1015 823 non
1060 763 1222 822 Ulixi
1267 764 1492 841 gratias
1550 765 1710 838 agat.
1788 761 2009 820 Verum
2055 761 2330 835 antiquae
2376 759 2777 835 simplicitatis

442 852 566 921 est,
613 850 715 924 qui
763 849 1002 925 egregie
1049 850 1241 925 egerit
1284 849 1583 923 praeferre
1630 849 1712 919 ei,
1772 847 1874 921 qui
1920 847 2158 921 egregie
2203 846 2434 904 locutus
2481 845 2577 902 sit.

612 934 703 992 De
751 953 853 992 sex
898 933 1225 1004 similibus,
1284 953 1436 1009 quae
1492 954 1549 992 v.
1598 932 1933 990 455—483
1983 928 2068 1005 (et
2112 931 2432 1005 septimum
2489 929 2774 987 habemus

443 1039 503 1078 v.
530 1019 891 1094 780—785)
915 1022 1265 1094 sequuntur,
1297 1018 1646 1093 singulatim
1674 1017 1866 1074 dicere
1889 1016 2265 1089 supersedeo·
2315 1014 2540 1084 Quibus
2571 1033 2775 1088 quam-
2813 1026 2878 1071 ‘23

447 1123 626 1178 quam
673 1103 927 1161 libenter
971 1103 1442 1179 Naegelsbachio
1473 1101 1725 1161 concedo
1758 1121 1849 1160 res
1881 1101 2141 1160 diversas
2188 1100 2477 1170 exornari,
2522 1098 2583 1156 id
2616 1099 2776 1174 quod

442 1188 777 1247 luculenter
832 1188 934 1246 ille
991 1209 1048 1263 p.
1096 1189 1213 1247 201
1250 1208 1376 1264 sqq.
1447 1190 1793 1262 persecutus
1865 1190 1984 1257 est,
2048 1185 2200 1243 hanc
2267 1188 2466 1241 tamen
2522 1184 2772 1258 copiam,

442 1274 611 1331 cuius
655 1292 859 1347 parem
904 1274 1047 1331 alibi
1092 1273 1315 1332 frustra
1358 1292 1626 1347 quaeras,
1691 1272 1964 1351 {potius}
2025 1270 2328 1328 variorum
2371 1268 2580 1326 florum
2630 1270 2777 1327 scito

444 1357 806 1429 ordinatori,
875 1376 1054 1433 quam
1111 1358 1303 1416 eidem
1368 1358 1615 1433 antiquo
1681 1360 1894 1432 poetae
1957 1353 2400 1413 adscribendam
2460 1372 2586 1412 esse
2644 1372 2777 1411 cum

442 1442 789 1501 Hermanno
834 1446 893 1501 et
936 1442 1205 1517 Hauptio
1251 1461 1481 1505 censeo,

608 1527 737 1594 Sed
781 1526 855 1585 de
897 1528 990 1585 his
1035 1528 1258 1603 ambigi
1304 1531 1521 1603 potest.
1599 1526 1824 1585 Ceteris
1869 1544 2027 1597 ver0,
2078 1544 2226 1600 quae
2272 1528 2563 1598 quantum
2609 1522 2778 1597 potui

446 1613 888 1671 accuratissime
932 1614 1216 1689 tractavi,
1262 1612 1585 1689 diligenter
1627 1611 1944 1687 pensitatis
1975 1611 2108 1684 quis
2154 1628 2274 1667 non
2321 1608 2503 1679 videt,
2553 1608 2603 1666 si
2650 1607 2778 1682 qui-

443 1697 579 1755 dem
625 1716 782 1754 unus
836 1702 1013 1772 poeta
1066 1697 1172 1756 hos
1218 1698 1343 1755 483
1391 1716 1596 1756 versus
1641 1696 1909 1770 scripsit,
1970 1713 2105 1752 eum
2160 1697 2394 1752 tantum
2455 1692 2660 1751 abesse
2714 1695 2782 1750 ut

445 1782 625 1853 nibil,
672 1784 741 1838 ut
782 1785 1017 1839 tantum
1060 1801 1182 1841 non
1227 1783 1425 1841 omnia
1468 1783 1669 1857 inepte
1713 1780 1955 1839 molitus
1995 1779 2115 1838 sit?
2161 1778 2374 1854 Itaque
2419 1778 2607 1835 adhuc
2651 1796 2780 1836 sen·

443 1866 694 1924 tentiam
738 1869 913 1925 teneo
959 1867 1102 1925 olim
1145 1867 1544 1955 propositam,
1605 1867 1938 1941 priorem
1993 1865 2209 1922 huius
2265 1863 2449 1921 libri
2495 1865 2783 1937 partem

444 1970 476 2008 e
522 1950 811 2009 duobus
870 1952 1335 2010 carminibus
1379 1952 1747 2026 primitus
1792 1949 2149 2021 diversis,
2198 1948 2324 2007 sed
2371 1948 2641 2023 partim
2688 1948 2783 2005 si-

352 2031 363 2041 ’
446 2035 755 2094 milibus
801 2036 1118 2112 indeque
1178 2038 1436 2095 mutuo
1482 2035 1980 2111 interpolatis
2025 2032 2570 2092 aPisistrateis
2618 2051 2782 2090 con-

445 2120 890 2179 taminatam
935 2140 1113 2180 esse.

614 2205 793 2264 Prius
838 2224 1106 2278 carmen,
1163 2207 1439 2265 omnibus
1486 2207 1746 2277 reiectiS,
1805 2224 1955 2280 quae
2013 2207 2116 2262 aut
2177 2206 2385 2279 postea
2439 2203 2642 2260 addita
2701 2203 2786 2260 vi-

447 2290 666 2347 dentur
709 2295 814 2347 aut
858 2310 927 2348 ex
960 2292 1145 2350 altero
1177 2293 1434 2349 carmine
1466 2292 1647 2367 recipi
1678 2293 1986 2366 poterant,
2034 2289 2153 2346 tale
2199 2289 2322 2346 fere
2371 2288 2552 2346 fuisse
2580 2289 2784 2345 etiam·

446 2393 603 2433 nunc
625 2375 886 2433 conicio:
929 2377 1126 2433 1-—47
1150 2380 1566 2451 Agamemnon
1589 2375 1817 2434 somnio
1845 2376 2151 2446 excitatus,
2185 2375 2336 2431 87—
2357 2374 2436 2429 94
2462 2372 2786 2430 exercitum

446 2459 766 2518 adiuvante
799 2458 948 2518 Ossa
977 2461 1103 2535 ipse
1149 2464 1467 2535 convocat3
1516 2464 1643 2518 tum
1691 2462 1769 2518 55
1796 2459 1873 2535 -Ι-
1900 2461 2018 2519 109
2068 2449 2202 2527 τούς
2248 2453 2279 2514 ὅ
2309 2476 2373 2534 γε
2419 2451 2784 2530 συγκαλέσας

446 2536 574 2602 ἔπε’
618 2538 929 2622 Ἀργείοισι
972 2542 1264 2621 μετηύδας
1309 2547 1436 2605 eius
1482 2547 1697 2604 oratio:
1767 2547 1902 2604 110.
1951 2545 2031 2602 56
2079 2541 2189 2617 (ita
2233 2541 2610 2603 scribendus:
2669 2536 2786 2598 κε’-

444 2625 669 2686 κλυτέ
712 2649 871 2704 μευ.
932 2624 1102 2701 θεῖός
1132 2650 1229 2707 μοι
1258 2629 1424 2706 etc.).
1503 2633 1774 2689 57—71.
1829 2631 2180 2688 116—123.
2241 2628 2591 2685 125—129.
2643 2628 2784 2684 139.

449 2715 805 2773 382—386.
860 2716 981 2773 332
1017 2712 1298 2794 (fortasse
1345 2717 1429 2774 ita
1473 2717 1762 2790 scriptus:
1810 2707 2171 2790 σήμερον,
2218 2709 2450 2771 εἰσόκεν
2492 2715 2603 2771 etc.
2652 2711 2785 2770 coll.

449 2800 549 2856 29.
596 2800 703 2857 37.
757 2797 893 2875 66);
941 2803 1067 2858 tum
1117 2800 1481 2876 142÷144
1529 2794 1611 2868 οἳς
1658 2797 1840 2874 φάτο·
1900 2796 2129 2874 κινήθη
2175 2793 2236 2854 δ’
2294 2789 2477 2875 ἀγορὴ
2535 2793 2621 2872 φὴ
2680 2790 2786 2853 κύ-

446 2904 601 2957 ματα
659 2881 856 2957 μακρά
919 2885 1062 2963 (quo
1120 2887 1275 2944 facto
1322 2885 1470 2943 illud
1528 2887 1795 2961 ineptum
1861 2881 2171 2959 θαλάσσης
2228 2880 2485 2960 eicitur).
2564 2884 2682 2938 145
2729 2885 2790 2939 et

380 2993 395 3002 ·
460 2969 572 3025 146
620 2969 876 3044 populus
920 2988 1121 3028 secum
1166 2973 1529 3042 murmurat,
1579 2970 1768 3028 donec
1799 2970 2131 3027 211-238
2169 2966 2300 3045 (sed
2347 2969 2466 3024 212
2505 2963 2788 3043 Θερσίτης

450 3045 510 3108 d'
556 3049 676 3128 ἄρα
720 3075 783 3129 μ.
815 3072 922 3112 seu
967 3056 1086 3113 tale
1117 3053 1286 3130 quid)
1336 3055 1550 3113 ceteris
1582 3055 2001 3113 cunctantibus
2032 3053 2308 3111 Thersita
2352 3053 2566 3127 surgit,
2612 3070 2789 3125 quem

450 3138 723 3212 reprimit
765 3142 828 3196 et
870 3142 1126 3215 castigat
1168 3140 1373 3198 Ulixes
1421 3140 1753 3196 243—251
1806 3134 1941 3216 (aut
1987 3138 2339 3197 243—249.
2402 3132 2787 3211 254—256).

453 3223 791 3280 257—278
838 3224 1239 3298 probantibus
1273 3223 1537 3295 Graecia,
1589 3242 1736 3298 quos
1782 3225 1900 3281 iam
1947 3226 2007 3281 et
2050 3226 2295 3281 excusat
2339 3225 2399 3279 et
2441 3221 2658 3278 leniter
2689 3220 2788 3276 ad-

453 3312 654 3365 monet
698 3306 906 3366 Ulixes
952 3311 1073 3366 279
1100 3308 1177 3384 -Ι-
1214 3309 1334 3367 283
1368 3304 1536 3383 ἔστη,
1585 3304 1928 3384 ἐυφρονέων
1972 3300 2030 3363 δ’
2079 3299 2410 3384 ἀγορήσατο
2452 3302 2552 3364 καὶ
2580 3300 2789 3381 μετέει-

453 3411 583 3449 πεν.
664 3393 785 3451 284
845 3398 909 3451 et
954 3394 1095 3452 285.
1160 3394 1514 3452 289—298.
1579 3394 1696 3452 331
1746 3397 1809 3451 et
1853 3393 2007 3465 3323
2074 3392 2176 3450 sed
2233 3409 2395 3463 cum,
2456 3410 2604 3465 quae
2661 3409 2790 3465 gra·

453 3478 696 3535 vissima
741 3483 918 3550 sunt,
966 3478 1189 3537 oblitus
1234 3481 1417 3549 esset,
1467 3478 1826 3553 promissum
1861 3475 2219 3535 Graecorum
2251 3481 2311 3534 et
2341 3477 2601 3534 faustum
2632 3474 2790 3532 Iovis

456 3580 658 3632 omen,
706 3565 865 3619 recte
912 3563 1087 3620 simul
1136 3582 1268 3621 cum
1314 3563 1589 3621 Thersita
1633 3564 2012 3638 vituperatur
2057 3582 2091 3619 a
2137 3561 2388 3620 Nestore
2436 3561 2788 3618 336—359.

451 3646 598 3703 Tum
658 3647 932 3721 sequitur
995 3650 1135 3722 post
1192 3648 1663 3724 Agamemnonis
1732 3648 1980 3706 alteram
2050 3646 2378 3705 orationem
2436 3645 2789 3704 369-376.

452 3731 809 3789 379-381.
872 3733 1206 3791 388-393
1264 3751 1440 3791 cenae
1488 3736 1546 3791 et
1606 3732 1877 3791 sacrificii
1924 3735 1985 3791 et
2029 3730 2413 3806 profectionis
2461 3730 2522 3786 in
2566 3727 2788 3785 bellum

453 3814 775 3890 descriptio
823 3816 1191 3888 394-452,
1239 3818 1331 3875 cui
1379 3818 1527 3874 duae
1576 3821 1773 3876 tresve
1819 3816 2131 3893 parabolae
2177 3814 2605 3873 adiciebantur.

618 3900 897 3959 Alterum
922 3920 1156 3960 carmen
1180 3902 1323 3960 haec
1346 3901 1918 3976 comprehendebat:
1952 3901 2221 3960 482—52.
2287 3898 2576 3956 95-109
2611 3897 2789 3954 Grae-

453 3987 534 4045 cis
580 3987 956 4061 congregatis
1004 3987 1418 4063 Agamemnon
1464 3987 1687 4063 surgit,
1738 3990 1972 4062 sceptro
2020 3986 2180 4043 avito
2226 3983 2589 4056 instructus,
2633 3983 2790 4057 quod

450 4071 786 4129 accuratius
832 4071 1217 4141 describitur,
1267 4072 1544 4147 quoniam
1593 4091 1661 4130 eo
1704 4091 1924 4130 usurus
1970 4075 2062 4129 est
2107 4068 2343 4142 Ulixes3
2392 4068 2791 4143 Agamemno-

450 4158 542 4214 nis
601 4156 794 4214 oratio
845 4157 1198 4215 llo—115.
1275 4158 1635 4234 134—141,
1703 4176 1818 4231 qua
1879 4156 2034 4214 serio
2091 4155 2164 4212 ad
2225 4153 2432 4229 fugam
2485 4152 2790 4226 hortatur3

451 4247 581 4297 tum
620 4242 758 4298 142.
828 4241 1179 4299 147—159.
1231 4243 1367 4299 163.
1435 4242 1788 4300 165—180.
1858 4240 2208 4299 182—192.
2269 4239 2619 4297 198—202.
2671 4239 2791 4295 207

455 4326 664 4383 -210
689 4323 903 4383 Graeci
950 4345 1079 4383 eam
1127 4325 1391 4399 paraturi
1436 4326 1510 4381 ab
1546 4324 1720 4383 Ulixe
1751 4326 2023 4382 Minerva
2066 4324 2385 4382 adiuvante
2429 4323 2792 4379 retinentur:

449 4411 553 4486 qui
602 4411 721 4466 211
757 4410 835 4486 -ξ-
872 4411 992 4469 278
1038 4406 1204 4467 ἄλλοι
1247 4407 1356 4486 μέν
1401 4401 1462 4485 ῤ’
1522 4403 1742 4482 ἕζοντ’·
1801 4401 1917 4467 ἀνὰ
1965 4403 2021 4465 δ’
2074 4401 2105 4464 ὁ
2150 4406 2548 4483 πτολίπορθος
2590 4401 2794 4462 Ὀόῧυσψ

2389 4502 2461 4554 2*
