3132 5129
1308 402 1764 467 -525—

531 562 625 620 Ita
667 562 907 638 quidem
953 562 1029 637 Β,
1076 562 1179 620 sed
1224 579 1334 638 pro
1380 556 1446 619 ἐκ
1489 558 1681 639 χερῶν
1723 559 1905 619 habet
1936 559 1987 619 0
2011 554 2418 637 ἐκβαλόντες,
2424 559 2701 635 ,turpiter

363 646 822 721 interpolatus&
893 647 1088 722 inquit
1142 646 1575 722 KirchhoffiuS,
1636 645 1815 721 paulo
1872 645 2154 722 calidius,
2211 645 2443 721 opinor.
2544 643 2701 703 Illud

364 750 504 791 vero
560 731 854 807 explicare
912 732 1073 792 solus
1129 731 1380 791 Kvicala
1435 732 1727 791 sustinuit
1783 730 2064 823 „scilicet
2117 730 2405 806 peculiari
2457 728 2706 804 brachy-

363 813 565 893 logia“
613 817 837 876 dictum
883 835 1022 892 pro.
1070 809 1134 873 ἐκ
1178 816 1285 875 τοῦ
1328 811 1504 894 χέρας
1548 809 1721 897 κώπῃ
1758 804 2167 892 προσαρμόσαι
2195 809 2497 889 ἐπωμίδας
2527 833 2701 895 κωπῃ

363 897 916 979 προσαρμόσαντες,
963 902 1103 961 ferri
1147 920 1270 962 non
1315 920 1492 977 posse
1537 902 1717 961 ceteri
1762 902 2120 977 interpretes
2151 900 2435 960 viderunt
2477 918 2699 960 omnes.

364 987 452 1044 Ex
497 988 711 1062 quibus
756 986 1145 1046 Marklandus
1203 988 1383 1046 allato
1428 986 1591 1047 Ionis
1634 986 1763 1046 loco
1806 1006 1865 1045 v.
1903 986 2064 1045 1208
2092 1004 2182 1080 sq.
2226 982 2470 1061 γυμνὰ
2518 979 2577 1040 δ’
2626 978 2703 1041 ἐκ

361 1066 661 1129 πέπλων
701 1066 845 1147 μέλη
883 1066 895 1148 Ι
931 1065 1084 1149 ὑπὲρ
1129 1067 1412 1150 τραπέζης
1454 1062 1553 1147 ἧχ’
1604 1064 1636 1129 ὁ
1680 1058 2000 1147 μαντευτὸς
2042 1060 2219 1146 γόνος
2265 1087 2388 1167 pro
2417 1065 2483 1127 ἐκ
2512 1073 2705 1145 χερῶν

361 1156 615 1215 coniecit
672 1151 750 1214 ἐκ
803 1152 1128 1229 πέπλων,
1188 1156 1348 1233 quod
1402 1155 1629 1232 recepit
1682 1155 1984 1229 Klotzius,
2045 1156 2316 1231 quamvis
2371 1155 2489 1212 iam
2536 1153 2702 1213 Seid-

364 1241 520 1300 lerus
565 1241 926 1316 monuisset,
973 1236 1243 1318 ἐπωμίδα
1284 1259 1405 1301 non
1449 1260 1580 1301 esse
1627 1241 2019 1315 lacertum,
2066 1239 2170 1299 sed
2215 1238 2536 1299 secundum
2567 1238 2699 1298 Pol·

361 1325 552 1383 lucem
582 1324 662 1400 H,
701 1327 818 1384 133
863 1324 1118 1385 κλειδῶν
1146 1319 1209 1384 τὸ
1238 1322 1386 1403 πρὸς
1431 1320 1783 1402 ὦμοπλατας
1829 1326 1954 1384 sive
1990 1325 2107 1382 137
2155 1320 2221 1381 τὸ
2267 1317 2556 1423 ὑπερέχον
2599 1320 2704 1380 τοῦ

361 1408 695 1487 βραχίονος.
790 1410 1165 1470 Erraverunt
1215 1412 1404 1489 igitur
1460 1412 1643 1470 etiam
1701 1410 1943 1470 Polluce
1996 1412 2179 1484 teste,
2247 1409 2349 1484 qui
2407 1402 2703 1484 ἐπωμίδας

364 1496 525 1570 ipsos
569 1495 923 1555 humeros
967 1496 1418 1573 intellegerent,
1466 1500 1534 1555 ut
1578 1500 1640 1554 et
1687 1494 2029 1569 Schoenius,
2077 1495 2180 1569 qui
2223 1491 2457 1570 γυμνάς
2500 1487 2555 1549 τ’
2590 1489 2701 1564 ἐξέ-

362 1579 403 1656 β
415 1582 592 1637 αλον
635 1574 966 1656 ἐπωμίδας,
1012 1584 1073 1641 et
1117 1581 1449 1656 NauckiuS,
1500 1580 1604 1657 qui
1648 1574 1973 1662 εὐχερῶς
2015 1597 2124 1654 pro
2169 1575 2234 1638 ἐκ
2278 1577 2472 1657 χερῶν
2514 1578 2699 1653 scrip-

361 1665 468 1739 sit,
527 1664 881 1740 videturque
938 1666 1180 1725 omnino
1241 1662 1463 1743 ἐπωμίς
1520 1668 1679 1725 certe
1733 1666 1893 1741 apud
1938 1659 2111 1724 hosce
2155 1668 2363 1740 poetas
2405 1682 2527 1722 non
2571 1681 2699 1722 cor-

361 1749 525 1825 poris
568 1749 763 1824 illam,
821 1750 922 1809 sed
965 1751 1212 1810 vestis
1273 1771 1401 1810 eam
1445 1753 1673 1826 partem
1733 1751 2072 1823 denotasse,
2129 1748 2384 1825 „quae“,
2440 1751 2509 1807 ut
2552 1747 2702 1806 Her-

362 1834 565 1893 manni
611 1834 809 1894 verbis
856 1838 1024 1910 utar,
1086 1837 1190 1911 „in
1235 1836 1486 1895 humero
1532 1838 1624 1895 est
1666 1839 2021 1911 partemque
2064 1836 2273 1909 vestis,
2333 1853 2451 1909 qua
2495 1836 2701 1909 pectus

313 1952 324 1964 ·
363 1920 618 1995 tegitur,
678 1939 811 1977 cum
868 1920 1000 1995 illa,
1059 1940 1211 1996 quae
1268 1921 1330 1981 in
1376 1922 1550 1980 dorso
1596 1924 1715 1996 est,
1761 1918 2135 1996 coniungit.“
2222 1918 2316 1979 Ita
2358 1919 2484 1994 ipse
2529 1917 2703 1976 Euri-

364 2003 530 2079 pides
561 2004 635 2062 'in
681 2003 1144 2064 celebratissimo
1188 2005 1467 2065 Hecubae
1509 2005 1638 2065 loco
1668 2026 1726 2065 v.
1760 2007 1882 2064 558
1907 2024 2034 2081 sqq.

770 2155 1040 2232 λαβοῦσα
1081 2152 1344 2228 πέπλους
1389 2152 1447 2230 ἐξ
1492 2177 1679 2233 ακρας
1721 2152 2092 2233 ἐπωμίδος

768 2237 970 2320 ἔρρηξε
1012 2238 1275 2321 λαγόνας
1320 2241 1404 2312 εἰς
1443 2238 1626 2316 μέσας
1669 2236 1815 2340 παρ’
1860 2234 2167 2318 ὀμφαλόν,

766 2324 1131 2470 fggzogiffoet'
1178 2324 1355 2398 ἔδειξε
1399 2324 1613 2404 στέρνα
1658 2318 1729 2384 θ’
1778 2320 1859 2397 ὥς
1903 2320 2238 2404 ἀγάλματος

363 2563 490 2622 Nec
542 2563 717 2624 aliter
761 2562 1127 2625 Chaeremon
1184 2566 1478 2626 consimili
1527 2564 1713 2625 Oenei
1756 2550 1895 2626 loco⁸
1933 2564 2004 2624 de
2048 2563 2292 2623 Bacchis
2338 2583 2432 2639 ap.
2481 2563 2700 2622 Athen.

365 2648 511 2706 xm
554 2670 610 2726 p.
646 2651 767 2710 608
800 2650 838 2708 b
886 2649 1144 2727 (Nauck.
1192 2671 1250 2727 p.
1282 2649 1463 2727 610):

770 2799 955 2862 ἔκειτο
1000 2798 1059 2862 δ’
1108 2800 1150 2880 ἢ
1193 2799 1304 2901 μὲν
1349 2800 1562 2863 λευκὸν
1605 2801 1690 2874 εἰς
1732 2796 2080 2881 σεληνόφως

771 2887 1072 2963 φαίνουσα
1114 2879 1345 2966 μαστόν
1387 2885 1703 2967 λελυμένης
1749 2885 2147 2973 ἐπωμίδος,

363 3062 427 3117 et
479 3059 763 3202 Apollgod.
821 3057 1076 3202 Clagyst..
1113 3080 1207 3136 ap.
1267 3061 1526 3120 Meinek.
1575 3059 1798 3122 Comm.
1857 3059 1988 3119 Grr.
2034 3059 2139 3118 frr.
2186 3058 2320 3118 Vol.
2367 3058 2455 3116 TV
2483 3079 2541 3136 p.
2573 3059 2701 3118 440

366 3177 448 3186 —-
497 3166 608 3221 την
691 3163 845 3222 πωμ
943 3165 981 3200 α

771 3276 992 3353 πτύξας
1037 3280 1256 3359 διπλῆν
1293 3271 1536 3342 ἄνωθεν
1579 3277 2110 3359 ἐνεκομβωσάμην,

366 3453 667 3525 postremo
720 3450 1016 3511 Plutarch.
1075 3453 1137 3511 in
1192 3452 1365 3511 Eum.
1425 3456 1458 3512 7
1518 3450 2019 3532 περιρρηγνύντες
2076 3447 2142 3509 ἐκ
2202 3457 2322 3510 τῶν
2387 3447 2701 3525 ἐπωμίδων

368 3530 507 3605 τούς
551 3526 856 3613 θωρακας.
947 3537 1018 3596 In
1066 3537 1281 3613 quibus
1326 3539 1472 3597 locis
1518 3538 1796 3597 omnibus
1840 3541 2090 3613 apparet
2131 3555 2255 3596 non
2300 3537 2371 3596 de
2415 3536 2700 3612 peculiari

365 3621 620 3695 quodam
688 3622 1002 3681 mulierum
1071 3623 1425 3682 vestimento
1493 3622 1875 3700 cogitandum
1938 3641 2093 3697 esse,
2158 3640 2513 3697 quamquam
2579 3640 2700 3680 non

364 3707 707 3782 negaverim
751 3707 1042 3766 eiusmodi
1088 3707 1230 3782 quid
1276 3712 1435 3765 recte
1479 3708 1808 3766 indicatum
1863 3726 1990 3767 esse
2035 3727 2070 3765 a
2113 3706 2359 3766 Polluce
2404 3706 2538 3781 VII,
2584 3707 2697 3764 49:

365 3787 468 3847 καὶ
514 3788 640 3849 ἴδια
687 3786 751 3849 δὲ
791 3798 1127 3867 γυναικών·
1188 3787 1408 3867 ἐπωμίς
1454 3794 1564 3854 etc.
1652 3793 1812 3852 Deae
1858 3792 1917 3850 M
1931 3792 2110 3851 odae
2155 3792 2312 3850 enim
2357 3792 2700 3850 innumeros

367 3875 524 3935 fctus
570 3877 703 3951 quis
749 3879 854 3934 aut
897 3879 1135 3936 noverit
1173 3879 1281 3935 aut
1322 3877 1750 3936 nominaverit!

533 3960 779 4020 Rectius
823 3960 1025 4058 igitur,
1074 3963 1177 4038 qui
1206 3960 1515 4021 Plutarchi
1557 3962 1755 4021 locum
1800 3962 2024 4037 primus
2055 3961 2274 4033 attulit,
2322 3960 2700 4037 Musgravius

367 4046 607 4120 scripsit
647 4037 881 4124 γυμνὰς
926 4040 984 4117 ἐξ
1029 4042 1404 4122 ἐπωμίδων
1445 4041 1694 4122 χέρας,
1739 4047 1899 4122 quod
1943 4047 2102 4105 haud
2132 4045 2528 4122 improbabile
2559 4066 2700 4106 sane

371 4131 566 4203 primo
612 4132 892 4207 adspectu
936 4135 1292 4206 receperunt
1337 4131 1639 4191 Seidlerus
1683 4135 1862 4207 atque
1906 4131 2310 4205 Hermannus,
2368 4130 2467 4190 hie
2520 4132 2699 4191 etiam
2734 4149 2794 4196 15

372 4218 578 4272 contra
621 4216 932 4276 Matthiaei
980 4217 1412 4275 dubitationem
1457 4216 1759 4276 vindicare
1805 4215 1919 4275 sibi
1950 4218 2112 4276 visus
2143 4237 2231 4291 eo,
2277 4215 2437 4293 quod
2481 4212 2699 4295 ,,χέρας

369 4317 542 4373 saepe
571 4319 690 4359 non
720 4302 878 4360 solas
924 4321 1134 4361 manus
1181 4301 1282 4359 sed
1328 4301 1603 4359 bracchia
1649 4300 2024 4377 significare“
2069 4303 2319 4361 monuit.
2398 4301 2562 4371 Quae
2606 4323 2699 4362 res

368 4386 570 4442 utrum
627 4388 972 4445 successerit
1016 4386 1350 4445 criticorum
1406 4387 1661 4462 principi
1706 4405 1919 4461 necne,
1978 4386 2148 4446 facile
2202 4386 2516 4462 intelleget
2569 4390 2697 4464 qui-

372 4485 604 4545 cunque
663 4471 909 4530 alterius
964 4471 1410 4532 adnotationem
1479 4473 1812 4532 accuratius
1874 4473 2296 4550 pensitaverit:
2360 4472 2495 4549 „At
2553 4494 2697 4533 num
