3132 5129
1382 379 1805 442 -48-

426 534 564 607 τοὺς
632 532 945 615 φέρεσθαι.
1020 533 1086 594 τό
1147 557 1205 594 τε
1263 532 1449 593 ἔνθα
1519 531 1655 595 οὔτε
1725 532 1940 612 χρόνον
2006 534 2278 611 σημαίνει
2343 532 2479 594 οὔτε
2548 532 2761 607 τόπον,

424 616 805 680 διακόπτεται(
854 642 913 680 τε
969 616 1007 697 ἡ
1053 618 1213 697 λύπη
1260 628 1340 702 τῷ
1383 618 1704 701 καταλόγῳ.
1794 621 1956 679 Haec
2001 621 2238 697 egregie
2283 620 2589 697 disputata
2631 640 2764 679 esse

426 708 560 782 quis
604 706 828 784 neget?
902 707 984 765 Et
1014 707 1280 781 profecto
1311 708 1618 765 nominum
1647 708 1912 764 recensio
1956 724 2078 764 non
2132 706 2320 763 solum
2352 725 2534 781 aeque
2564 707 2762 765 ieiuna

427 795 520 849 est
573 796 751 867 atque
796 792 857 850 in
903 792 1150 850 Hesiodi
1199 792 1423 868 Theog.
1458 792 1829 864 230—264,
1877 791 2190 850 sedetiam
2236 795 2304 847 ut
2347 791 2443 850 hic
2472 792 2761 866 quinqua-

427 876 597 952 ginta
621 877 905 936 Nereides
950 877 1244 953 quinque,
1291 878 1375 935 ita
1420 877 1576 952 apud
1621 876 1947 936 Homerum
1994 875 2226 935 duabus
2271 876 2586 951 quinorum
2634 895 2760 934 ver-

426 981 599 1021 suum
659 961 919 1036 strophis
964 962 1216 1037 triginta
1259 966 1379 1021 tres
1422 964 1862 1019 enumerantur.
2195 958 2200 963 ⁴

599 1046 774 1106 Alius
812 1049 978 1105 locus
1033 1051 1124 1105 est
1164 1047 1229 1104 Ω.
1275 1047 1643 1120 614-617,
1701 1046 1919 1122 quibus
1961 1049 2250 1120 quattuor
2292 1047 2565 1107 versibus
2609 1067 2760 1123 quae

424 1132 704 1191 dicuntur
760 1131 967 1190 itidem
1026 1134 1094 1189 ut
1142 1125 1450 1189 Ἡσιόδεια
1508 1137 1597 1213 τῷ
1652 1138 1974 1207 χαρακτῆρι
2028 1130 2448 1191 reiciebantur.
2536 1132 2757 1191 Verum

425 1217 581 1275 enim
648 1234 788 1276 vero
847 1220 908 1274 et
969 1220 1100 1275 tota
1156 1218 1496 1293 epexegesis
1555 1238 1608 1275 v.
1652 1218 2019 1286 608—617,
2087 1234 2204 1291 qua
2267 1217 2419 1274 illud
2485 1215 2759 1275 ἰσάσκετο

344 1334 345 1337 ¹
423 1305 767 1374 enarratur,
827 1302 1061 1377 ingrate
1116 1320 1355 1359 suavem
1400 1302 1653 1361 Achillis
1709 1302 2174 1360 admonitionem
2228 1300 2639 1378 interrumpit;
2698 1307 2762 1361 et

428 1406 497 1445 ea
541 1387 759 1445 iterum
803 1385 1032 1445 duabus
1077 1391 1314 1445 constat
1354 1388 1675 1462 quinorum
1718 1405 1998 1446 versuum
2042 1385 2322 1461 strophiS.
2348 1426 2360 1437 ·

596 1471 836 1530 Tertius
881 1473 1070 1530 restat
1113 1470 1305 1543 locus,
1364 1491 1541 1546 quem
1588 1471 1856 1531 certatim
1912 1473 1975 1529 et
2028 1471 2392 1545 antiquiores
2448 1475 2509 1529 et
2559 1492 2759 1531 recen-

427 1556 609 1614 tiores
655 1556 846 1614 critici
889 1554 1384 1631 improbaverunt
1403 1601 1417 1628 ,
1459 1557 1814 1615 feminarum
1860 1575 1896 1614 a
1939 1574 2001 1615 se
2047 1574 2514 1631 compressatum
2557 1576 2757 1616 recen·

425 1658 560 1713 sue,
607 1658 725 1715 quo
771 1640 1044 1715 Iuppiter
1098 1641 1255 1701 male
1308 1641 1556 1700 callidus
1601 1641 1891 1700 Iunonem
1938 1641 2001 1699 in
2043 1641 2138 1700 sui
2180 1660 2439 1700 amorem
2484 1643 2760 1717 pellicere

426 1724 632 1785 studet
675 1722 732 1787 Ξ
773 1726 1131 1784 317-327,
1208 1725 1303 1784 Ibi
1359 1746 1717 1803 quamquam
1763 1725 2096 1784 Hesiodeus
2140 1726 2444 1786 character
2498 1746 2618 1787 non
2673 1727 2760 1786 di-

429 1812 585 1869 serte
630 1812 903 1882 notatur,
951 1811 1301 1886 conspicuus
1346 1816 1545 1871 tamen
1597 1816 1689 1871 est
1732 1844 1808 1853 —
1860 1813 1929 1868 ut
1985 1810 2057 1869 de
2112 1830 2175 1869 re
2231 1812 2362 1885 ipsa
2406 1816 2632 1871 taceam
2682 1846 2755 1854 —

426 1898 489 1953 et
532 1896 592 1952 in
653 1894 829 1953 initio
883 1896 988 1955 illo
1046 1888 1181 1953 οὐδ’
1242 1892 1338 1954 ὅτε
1382 1898 1618 1972 saepius
1672 1897 1926 1972 repetito
1982 1895 2138 1970 quod
2198 1897 2415 1954 mirum
2472 1901 2760 1972 quantum

424 1978 786 2037 Eoearum
831 1980 991 2055 sapit
1032 1979 1348 2039 formulam
1394 1982 1824 2057 copulativam,
1886 1984 1947 2039 et
1989 1981 2052 2039 in
2095 2000 2164 2039 eo
2208 1981 2368 2056 quod
2409 1986 2625 2056 quater
2670 1984 2759 2041 bi-

425 2082 675 2136 norum,
731 2065 943 2137 semel,
1011 2066 1113 2123 ubi
1171 2065 1404 2125 Semela
1471 2071 1533 2125 et
1588 2066 1876 2126 Alcmena
1932 2064 2152 2125 Thebis
2210 2067 2419 2124 ambae
2475 2068 2761 2126 oriundae

425 2150 757 2224 iunguntur
802 2169 858 2209 v.
907 2152 1275 2222 323—325,
1324 2151 1505 2209 trium
1551 2170 1835 2211 versuum
1880 2148 2165 2208 habemus
2211 2138 2534 2226 stropham.

597 2232 712 2291 Sed
760 2235 904 2294 satis
948 2236 1066 2294 iam
1110 2235 1181 2294 de
1240 2235 1347 2295 hac
1390 2237 1771 2311 stropharum
1816 2234 2107 2295 doctrina.
2199 2235 2386 2305 Quam
2441 2239 2491 2296 si
2549 2238 2652 2313 qui
2700 2241 2762 2296 et

426 2319 616 2393 ipsam
659 2337 767 2393 pro
822 2322 1000 2380 meris
1046 2320 1306 2396 strophis
1361 2321 1552 2379 adhuc
1597 2325 1740 2380 sunt
1782 2320 2076 2393 habituri,
2132 2319 2225 2379 his
2269 2322 2511 2394 quidem
2554 2322 2760 2381 horro-

424 2403 506 2462 ris
549 2403 747 2479 gratia
790 2405 983 2482 legem
1030 2406 1197 2464 illam
1244 2406 1435 2464 multo
1481 2407 1662 2465 latius
1694 2407 1872 2465 etiam
1921 2406 1981 2462 in
2014 2404 2347 2465 Homericis
2392 2406 2760 2466 carminibus

426 2489 622 2546 valere
667 2489 973 2562 praedico,
1017 2509 1376 2567 quamquam
1422 2490 1476 2548 ei
1519 2490 1667 2549 fines
1697 2490 1879 2568 figere
1927 2508 2021 2549 res
2067 2509 2206 2550 sane
2253 2488 2516 2551 difficilis
2561 2498 2655 2550 est
2697 2496 2763 2551 et

427 2574 671 2632 lubrica.
753 2575 867 2633 Sed
914 2577 972 2634 id
1020 2577 1235 2636 faciam
1281 2577 1424 2635 alibi
1468 2578 1818 2636 accuratius.
