3132 5129
1346 390 1420 398 —
1511 352 1635 415 216
1726 390 1837 423 —·.

403 529 536 569 nem
585 510 960 569 convenire“.
1052 510 1137 568 At
1179 509 1289 568 hoc
1333 510 1524 585 ipsum
1583 510 1803 569 diserte
1864 510 2177 570 dicendum
2236 515 2395 586 erat,
2458 531 2566 571 nec
2627 512 2755 571 fieri

402 595 525 653 ullo
572 596 746 654 modo
790 598 1015 670 potest,
1064 597 1130 652 ut
1175 594 1355 654 verba
1398 591 1524 651 αἵτε
1575 627 1648 635 -
1696 587 1933 669 κάρηνα
1995 595 2142 654 nihil
2203 598 2572 671 contineant,
2634 598 2752 656 nisi

404 675 928 738 montanarum
974 680 1390 755 Nympharum
1434 679 1761 739 notionem.
1836 681 2114 755 Accedit,
2160 682 2316 756 quod
2363 701 2472 741 nec
2500 683 2751 741 verbum

405 761 660 839 στείβειν
706 765 853 823 satis
897 764 1115 840 placet,
1163 765 1212 823 si
1260 764 1610 824 Homericos
1656 766 1817 824 locos
1864 766 2184 825 contuleris
2231 764 2324 842 (A
2356 768 2498 825 534.
2554 767 2752 826 Τ499

406 845 646 919 νέκυας.
693 847 725 916 ζ
756 850 833 908 92
882 845 947 907 ἐν
988 845 1329 927 βόθροισι),
1378 852 1439 907 et
1481 868 1767 925 perquam
1816 851 2153 926 importune
2201 851 2499 910 detortum
2545 855 2637 911 est
2681 872 2754 910 cx

406 953 513 992 suo
545 953 656 992 usu
685 933 835 992 illud
880 927 1014 990 κατ’
1064 931 1358 1011 αἰγίλιπος
1403 929 1621 1010 πέτρης
1670 935 1708 991 Ι
1741 935 1835 993 15.
1889 936 2051 1010 114,
2099 936 2224 994 sive
2252 937 2754 1011 praepositionem

406 1020 813 1094 importunam
859 1019 983 1078 sive
1030 1020 1395 1095 singularem
1442 1014 1657 1093 πέτρης
1702 1020 2050 1096 respexeris,
2096 1022 2197 1095 qui
2242 1021 2306 1078 in
2350 1021 2607 1080 formula
2638 1021 2755 1079 sol-

406 1104 685 1161 lemniter
728 1104 924 1178 posita
967 1104 1117 1163 nihil
1165 1104 1503 1163 offensionis
1550 1104 1746 1163 habet.
1820 1103 2011 1174 Quare
2057 1105 2432 1164 scribendum
2464 1106 2578 1165 fuit
2607 1105 2754 1163 στεί-

408 1203 574 1264 χουσι
632 1183 921 1264 κέλευθα,
990 1189 1371 1248 substantivo
1438 1209 1507 1248 ex
1574 1189 1755 1247 trium
1824 1190 1996 1248 codd.
2053 1189 2274 1249 Pariss.
2331 1191 2621 1250 varietate
2677 1190 2755 1248 ad

406 1268 640 1350 κάρηνα
685 1293 743 1333 v.
773 1276 806 1330 7
856 1274 1227 1349 depromptO.
1319 1273 1411 1332 cf.
1463 1284 1514 1345 ψ
1552 1275 1670 1332 136
1715 1267 1818 1331 ἄν’
1866 1259 2009 1330 ὁδὸν
2053 1272 2313 1350 στείχων.

575 1360 635 1419 5.
683 1356 883 1434 Vulgo
939 1353 1363 1434 ἀγλαέθειρον,
1432 1358 1589 1434 quod
1647 1358 1943 1418 Prellerus
2000 1360 2060 1417 in
2116 1360 2369 1436 mythol.
2429 1360 2459 1417 Ι
2524 1380 2584 1435 p.
2629 1361 2756 1418 458

408 1439 561 1519 [582
609 1442 701 1501 ed.
759 1439 889 1522 alt]
951 1446 1098 1512 „mit
1152 1445 1281 1503 dem
1335 1444 1661 1502 statilichen
1713 1444 2123 1503 Haamouchs“
2184 1445 2480 1504 convertit
2535 1445 2758 1504 subob-

407 1547 577 1585 scura
617 1527 1112 1602 interpretatione
1158 1528 1435 1586 mendum
1483 1528 1926 1603 apertissimum
1970 1530 2187 1589 celans.
2262 1530 2351 1589 De
2397 1530 2608 1604 quovis
2637 1530 2757 1589 alio

405 1613 639 1688 potine,
694 1630 874 1686 quam
932 1612 1004 1671 de
1061 1612 1221 1672 Pane
1276 1612 1387 1671 hoc
1440 1612 1749 1688 epitheton
1807 1613 1921 1672 dici
1980 1609 2248 1689 potuisse
2293 1617 2476 1690 patet.
2567 1607 2756 1672 Οὐλο·

406 1694 665 1771 κάρηνος
711 1696 890 1755 habes
935 1716 965 1753 τ
999 1698 1137 1755 246.

533 1850 546 1867 ·
577 1784 636 1840 6.
685 1780 880 1858 Vulgo
910 1774 1280 1857 αὐχμήενθ’,
1325 1781 1484 1856 quod
1517 1782 1813 1857 quomodo
1846 1782 2086 1842 defendi
2129 1786 2410 1859 possit,
2458 1784 2758 1843 neminem

418 1867 583 1925 latet.
658 1864 775 1923 Sed
817 1865 938 1924 iam
982 1868 1350 1942 antiquiores
1396 1867 1588 1925 critici
1634 1867 1707 1925 de
1752 1868 1967 1927 mendo
2012 1870 2462 1946 cogitaverunt,
2510 1889 2579 1926 ex
2627 1870 2759 1944 qui-

407 1952 516 2011 bus
549 1950 842 2010 Martinus
871 1946 1228 2027 αἰχμήενθ’,
1274 1952 1595 2010 Barnesius
1626 1952 1772 2010 adeo
1817 1946 2129 2028 αἰχμητήν,
2176 1954 2562 2013 Ruhnkenius
2594 1954 2754 2011 haud

407 2035 621 2094 melius
666 2027 961 2111 αὗχ·ήενθ’
1011 2038 1411 2098 coniecerunt.
1500 2034 1725 2095 Verum
1769 2038 1914 2113 quid
1959 2038 2053 2097 hic
2109 2042 2248 2115 post
2291 2039 2545 2097 crinium
2592 2058 2757 2097 men·

406 2120 630 2179 tionem
666 2120 1067 2198 desideretur,
1114 2125 1272 2182 recte
1303 2121 1554 2180 sensisse
1587 2120 1828 2181 videtur
1860 2122 2175 2199 Prellerus,
2207 2143 2571 2198 quamquam
2602 2124 2758 2182 falso

407 2209 753 2281 „struppi9“
795 2206 1249 2282 interpretatus
1328 2206 1542 2281 Φῆρας
1587 2203 1951 2281 λαχνήεντας
1995 2207 2174 2267 habes
2222 2208 2271 2264 Β
2303 2210 2454 2283 743,
2504 2207 2757 2267 Volcani

410 2286 638 2367 στήθεα
687 2284 1012 2366 λαχνήεντα
1056 2294 1117 2349 Σ
1140 2292 1284 2350 415.

581 2377 639 2434 7.
687 2371 948 2433 κέλευθα
991 2378 1086 2437 hic
1132 2377 1284 2435 male
1326 2376 1684 2436 invexerunt
1735 2375 1918 2435 Wolf.
1967 2380 2028 2435 et
2072 2377 2290 2436 Frank.

587 2461 643 2519 8.
689 2459 912 2521 Versus
957 2462 1272 2522 lacunosus
1317 2461 1500 2537 vulgo
1546 2461 1632 2519 sic
1675 2460 1928 2537 legitur:
1987 2488 1996 2497 ·

709 2570 912 2639 ἄλλοτε
954 2576 1065 2656 μὲν
1109 2579 1442 2660 ῥείθροισιν
1486 2575 1881 2656 ἐφελκόμενος
1923 2582 2322 2657 μαλακοῖσιν,

409 2735 520 2776 nec
575 2716 886 2792 qnisquam
944 2717 1237 2776 editorum
1306 2734 1375 2775 eo
1428 2717 1687 2775 offensus
1742 2719 1858 2775 est.
1955 2716 2177 2776 Verum
2243 2736 2352 2776 nec
2417 2712 2757 2794 ῥεῦθροισιν

411 2802 869 2872 μαλακοῖσιν
913 2800 1152 2876 probari
1200 2802 1323 2860 ullo
1367 2801 1540 2859 modo
1585 2803 1814 2876 potest,
1862 2805 1922 2861 et
1965 2803 2115 2860 mire
2160 2803 2378 2860 dicitur
2422 2799 2762 2879 ῥείθροισιν

412 2876 771 2958 ἕφελκόμε
792 2905 946 2961 νος,
1005 2886 1105 2944 ubi
1154 2886 1226 2945 de
1270 2885 1524 2945 lavando
1569 2886 1943 2962 natandoque
1990 2886 2234 2946 minime
2278 2905 2469 2946 sermo
2524 2890 2641 2963 est,
2700 2893 2765 2946 et

353 2980 381 3027 7
413 2969 813 3028 membrorum
835 2970 1129 3030 claudicat
1153 2973 1428 3031 iunctura
1450 2977 1633 3053 φοιτᾷ
1669 3003 1737 3013 -
1765 2963 1968 3028 ἄλλοτε
1998 2966 2109 3045 μὲν
2133 2966 2629 3047 -“ἐφελκόμενος
2654 3005 2761 3046 —-‚

409 3048 617 3112 ἄλλοτε
665 3047 722 3108 δ’
771 3045 853 3112 αὖ
904 3088 975 3098 -
1028 3053 1290 3133 διοιχνεῖ.
1383 3055 1687 3114 Lacunam
1744 3055 2139 3130 probabiliter
2195 3056 2527 3132 explevisse
2583 3057 2761 3116 nobis

410 3138 717 3199 videmur:
777 3139 902 3199 Pan
960 3144 1181 3201 temere
1234 3161 1340 3219 per
1384 3141 1648 3217 virgulta
1691 3144 1948 3217 vagatur
1991 3141 2166 3200 modo
2211 3141 2601 3216 limpidorum
2649 3142 2757 3200 flu-

411 3224 644 3284 viorum
700 3242 930 3284 cursum
993 3230 1229 3287 secutus
1285 3226 1464 3285 modo
1518 3228 1824 3300 pratorum
1870 3227 2122 3285 mollitie
2167 3222 2272 3304 (cf.
2324 3227 2432 3301 25)
2487 3226 2757 3302 allectus,

411 3327 562 3384 quae
620 3311 911 3368 montium
976 3313 1174 3370 tractu
1231 3311 1509 3388 imposita
1578 3330 1757 3386 supra
1808 3329 1870 3369 se
1924 3311 2231 3387 conspicit.
2337 3311 2451 3382 Qui
2504 3311 2760 3387 Alpinas

413 3393 723 3453 Helvetiae
756 3396 1030 3471 regiones
1075 3397 1231 3456 haud
1278 3395 1580 3455 absimiles
1626 3395 1758 3454 illas
1787 3395 2093 3455 Arcadicis
2137 3397 2561 3472 peragraverit,
2608 3397 2759 3454 hanc

415 3478 878 3553 descriptionem
924 3480 1096 3540 facile
1143 3482 1472 3557 intelleget.
1522 3512 1598 3521 —
1647 3480 1718 3538 In
1764 3481 2148 3584 sequentibus
2194 3499 2553 3556 quamquam
2614 3481 2760 3539 ferri

410 3567 664 3639 possunt
715 3583 992 3623 versuum
1049 3566 1224 3625 initia
1283 3567 1360 3624 10
1414 3561 1620 3621 ἄλλοτε
1678 3558 1735 3621 δ’
1801 3585 1913 3636 av,
1989 3567 2064 3622 12
2125 3568 2185 3625 et
2243 3566 2320 3624 13
2364 3558 2616 3623 πολλάκι
2670 3560 2760 3639 δ’,

412 3652 616 3710 tamen
659 3649 851 3708 multo
896 3650 1232 3725 elegantius
1282 3653 1359 3710 10
1404 3645 1655 3707 πολλάκι
1709 3646 1839 3726 καὶ,
1901 3650 1978 3708 12
2023 3643 2274 3707 πολλάκι
2317 3643 2379 3707 δ’
2425 3654 2490 3710 et
2537 3652 2613 3710 13
2658 3647 2759 3708 καὶ

414 3729 660 3803 πολιοὺς
707 3734 1059 3810 scripsisset.

591 3819 687 3881 14.
736 3817 963 3879 Versus
1007 3823 1069 3878 et
1113 3822 1422 3896 corruptus
1469 3823 1527 3878 et
1572 3819 1885 3880 mutilatus
1929 3820 2014 3880 sic
2058 3820 2282 3896 legitur
2324 3819 2533 3896 vulgo:

717 3930 852 4008 ὀξέα
897 3931 1280 4012 δερκόμενος·
1325 3933 1457 3995 τότε
1503 3931 1560 3993 δ’
1611 3932 1853 4016 ἕσπερος
1898 3933 2145 4014 ἔκλαγεν
2187 3929 2334 3996 οἷον.

418 4072 616 4147 Atque
670 4072 843 4132 initio
899 4073 1139 4149 quidem
1197 4073 1347 4132 bene
1402 4074 1723 4135 Piersonus
1776 4067 1915 4147 ὀξέα
1969 4066 2319 4150 κεκλόμενος
2376 4074 2755 4134 scribendum

415 4156 585 4215 vidit.
658 4155 835 4216 Valet
879 4158 974 4217 hic
1018 4159 1140 4217 fere
1186 4159 1386 4218 eadem
1432 4159 1545 4235 lex,
1592 4178 1770 4234 quam
1813 4159 2194 4220 Aristarchus
2239 4161 2302 4218 in
2346 4179 2410 4218 re
2455 4160 2610 4218 haud
2657 4159 2760 4217 ab·

415 4241 598 4301 simili
642 4244 1104 4303 commendavit:
1150 4244 1273 4304 vid.
1322 4244 1515 4304 Schol.
1572 4244 1647 4303 ad
1705 4244 1763 4301 Φ
1798 4245 1948 4303 252:
2013 4238 2448 4322 ,,Ἀριστοτέλης
2491 4245 2758 4319 μελαν·

418 4318 638 4383 όστου
682 4318 1111 4405 ἀναγινώσκει,
1172 4335 1275 4386 τοῦ
1318 4326 1540 4402 μέλανα
1584 4322 1728 4386 ὀστᾶ
1772 4325 2033 4405 ἔχοντος·
2091 4322 2302 4408 ἀγνοεῖ
2335 4325 2400 4387 δὲ
2447 4315 2526 4398 ὦς
2565 4322 2637 4387 οὐ
2671 4324 2768 4386 δεῖ

416 4399 538 4468 άπὸ
581 4408 706 4468 τῶν
748 4402 1003 4486 άφανῶν
1046 4417 1349 4471 ποιεῖσθαι
1395 4410 1466 4472 τά
1513 4409 1824 4476 ἔπίθετα,“
1913 4414 2155 4474 Scilicet
2197 4415 2260 4474 in
2304 4414 2463 4474 Pane
2520 4433 2628 4490 per
2670 4414 2757 4473 ni·
