3132 5129
385 1521 441 1568 11

1412 380 1708 444 -554
1796 390 1893 428 -·

969 536 1159 616 ψυχά.
1237 538 1357 598 ΟΡ.
1404 536 1464 596 τί
1503 545 1634 614 φαῖ;
1698 538 1814 595 ΙΦ.
1862 530 2194 614 θαυμάτων

969 621 1116 703 πέρα
1159 620 1259 682 καὶ
1304 616 1479 702 λόγου
1520 618 1723 703 πρόσω
1768 615 1901 681 τάδ’
1951 618 2153 701 ἐπέβα.

481 747 668 804 Paulo
713 745 925 804 melius
970 745 1030 802 in
1065 742 1117 803 0
1149 744 1477 819 ceterisque
1521 743 1721 817 libris,
1767 761 1915 819 quos
1960 742 2217 802 editores
2262 742 2447 801 secuti
2483 746 2641 817 sunt,
2689 761 2809 800 om-

479 833 577 889 nia
619 830 963 907 Iphigeniae
1018 829 1477 904 continuantur,
1535 827 1752 887 malam
1809 828 2235 887 correctionem
2294 827 2474 901 sapit,
2532 827 2694 903 quod
2750 827 2809 885 in

477 916 694 975 iisdem
737 909 1005 990 εὐτυχῶν
1047 909 1232 993 (sio‘e)
1278 909 1419 989 ἐμοῦ
1477 911 1648 993 ψυχᾷ
1689 913 1927 988 legitur.
2006 912 2128 971 Nec
2183 911 2397 970 melius
2441 930 2567 970 rem
2611 931 2806 1008 gesse·

478 1003 639 1076 runt,
665 1001 771 1076 qui
791 998 1240 1103 interpretando
1264 998 1532 1057 contenti
1553 998 1814 1095 fuerunt,
1836 996 1876 1055 S
1894 998 1954 1055 ei
1969 997 2182 1055 dleru
2198 1016 2224 1055 s
2248 1001 2424 1073 atque
2448 996 2533 1054 Kl
2550 1015 2584 1055 o
2599 997 2695 1055 tz
2681 1018 2698 1054 1
2713 1018 2808 1071 us,

479 1104 732 1160 quorum
779 1085 879 1145 ille
921 1102 1129 1147 versus
1160 1105 1206 1142 ω
1252 1085 1532 1158 κρεῖσσον
1576 1072 1614 1157 ἢ
1644 1073 1929 1180 λόγοισιν
1972 1074 2238 1158 εὐτυχῶν
2282 1076 2426 1157 ἐμοῦ
2458 1080 2657 1142 Oresti
2689 1042 2810 1140 dati

480 1170 636 1229 hunc
681 1189 920 1230 sensum
951 1188 1080 1229 esse
1123 1167 1343 1229 voluit.
1392 1187 1426 1227 o
1470 1168 1704 1245 magis
1749 1187 1853 1226 me
1898 1167 2232 1242 felicem,
2283 1186 2494 1241 quam
2541 1167 2615 1225 in
2659 1185 2809 1226 ver-

481 1256 591 1313 bis
646 1256 856 1331 mei8‚
915 1258 953 1315 i.
1002 1274 1051 1313 e.
1111 1274 1291 1329 quam
1347 1253 1544 1312 verbis
1613 1253 1910 1312 declarare
1967 1270 2239 1327 possum,
2310 1252 2410 1309 ubi
2476 1251 2574 1311 vel
2632 1246 2811 1327 ἐμοῦ

481 1342 688 1415 aptum
743 1340 893 1399 illud
949 1360 1018 1399 ex
1076 1333 1333 1417 λόγοισιν
1388 1338 1530 1396 ferri
1588 1338 1755 1396 nullo
1812 1340 1988 1413 pacto
2043 1340 2270 1413 potest3
2330 1336 2597 1395 Klotzius
2651 1356 2809 1413 vere,

481 1445 615 1483 cum
657 1425 865 1484 relicto
908 1425 1254 1500 Iphigeniae
1298 1441 1472 1483 versu
1529 1441 1660 1481 eam
1706 1422 1907 1482 Oresti
1964 1422 2260 1481 dicentem
2301 1421 2504 1497 fingit:
2564 1440 2598 1480 o
2642 1424 2812 1497 plus

482 1529 693 1585 quam
750 1529 879 1585 pro
947 1508 1677 1569 ratiocinationibus
1745 1508 1924 1566 meis
1978 1507 2294 1565 fortuna
2347 1506 2633 1582 valane,
2694 1528 2813 1583 qua

481 1595 719 1653 fortuna
763 1595 1141 1653 fortunam
1188 1593 1492 1667 intulerit,
1550 1593 1780 1652 nescire
1838 1611 1930 1650 me
1976 1592 2189 1651 fateor.
2263 1590 2389 1650 Nec
2443 1591 2815 1652 emendando

478 1680 611 1755 plus
656 1679 1060 1754 profecerunt,
1109 1698 1178 1737 ex
1222 1678 1440 1754 quibus
1484 1678 1753 1753 plerique
1795 1677 2068 1735 Elmsleii
2116 1676 2372 1753 vestigia
2416 1679 2604 1736 secuti
2651 1682 2811 1755 sunt,

479 1764 582 1839 qui
627 1763 821 1822 deleto
869 1759 1010 1840 ἐμοῦ
1067 1767 1135 1823 ut
1190 1763 1562 1856 glossemate
1602 1763 1823 1821 retenti
1879 1754 2177 1837 εὐτυχῶν,
2235 1780 2409 1836 quem
2466 1726 2816 1839 genetivuni

479 1848 724 1919 pluralis
769 1867 896 1907 esse
942 1849 1162 1923 voluit,
1209 1866 1315 1924 pro
1363 1857 1562 1924 ψυχα
1617 1847 1874 1922 primum
1932 1841 2149 1922 τύχαι
2203 1849 2332 1906 tum
2377 1849 2586 1922 postea
2630 1844 2817 1923 τύχα

477 1934 812 2008 proposuit.
889 1933 1036 1992 Eius
1082 1931 1560 1991 emendationem
1604 1931 1885 2008 perficere
1930 1932 2043 1990 sibi
2092 1932 2251 1991 visus
2297 1935 2388 1991 est
2432 1931 2815 1993 Hei-mannus

479 2017 788 2077 scribendo
848 2011 1165 2094 κρείσσον’
1223 2011 1266 2094 ἢ
1310 2009 1576 2092 λόγοισιν
1642 2009 1910 2091 εὐτυχῶν
1966 2010 2226 2092 τυχόν,
2287 2017 2446 2092 quod
2504 2017 2818 2077 cohaerere

479 2121 612 2161 cum
656 2102 1153 2178 praecedentibus
1198 2105 1324 2178 ipse
1368 2102 1589 2178 voluit,
1647 2103 1999 2178 Hartungus
2044 2119 2211 2175 vere,
2265 2102 2366 2176 qui
2410 2101 2561 2160 illud
2606 2123 2815 2178 quam-

479 2208 655 2263 quam
701 2191 1023 2264 perpetuus
1068 2188 1630 2246 Hermannomastix
1687 2186 1947 2262 recipere
2001 2204 2121 2245 non
2164 2185 2494 2261 dubitavit,
2554 2206 2665 2262 pro
2721 2208 2816 2247 ac-

479 2273 746 2333 cusativo
792 2273 1180 2333 exclamative
1237 2273 1462 2331 habuit.
1536 2272 1830 2348 Displicet
1871 2273 1935 2330 in
1991 2271 2083 2330 his
2140 2274 2379 2346 praeter
2434 2273 2815 2347 aptissimum

478 2353 682 2434 ψυχά
728 2362 967 2434 praeter
1011 2358 1427 2418 necessitatem
1482 2360 1780 2416 mutatum
1826 2356 2141 2432 genetivus
2186 2350 2449 2432 εὐτυχῶν
2491 2355 2670 2416 nimis
2714 2377 2815 2434 ge-

477 2445 762 2503 neraliter
806 2445 1067 2519 positus,
1116 2452 1320 2519 quant
1338 2445 1408 2500 ut
1454 2442 1527 2500 ad
1558 2442 1907 2519 Iphigeniae
1953 2441 2157 2499 fratris
2201 2442 2463 2500 adventu
2508 2460 2815 2518 recupera-

480 2533 602 2588 tam
648 2528 1083 2589 beatitudinem
1130 2527 1432 2588 commode
1476 2528 1685 2587 referri
1729 2528 1934 2603 possit.
2012 2525 2182 2586 Hanc
2224 2527 2382 2586 onim
2426 2526 2500 2586 ab
2546 2528 2676 2602 ipsa
2719 2528 2815 2587 di-

481 2618 637 2673 serte
681 2615 1008 2690 praedicari
1054 2634 1124 2673 ex
1168 2615 1371 2673 fratris
1402 2631 1692 2689 responso
1722 2614 1923 2688 patet,
1971 2629 2087 2686 quo
2135 2612 2213 2687 is,
2263 2616 2331 2671 ut
2373 2612 2478 2670 illa
2508 2612 2816 2674 beatitudo

488 2700 721 2774 utrique
768 2699 1098 2758 communis
1145 2702 1444 2772 servetur,
1492 2698 1811 2758 subtimide
1857 2699 2058 2773 optat:

884 2805 949 2866 τὸ
1000 2805 1213 2867 λοιπὸν
1258 2801 1699 2884 εὐτυχοῖμεν
1741 2799 2013 2883 ἀλλήλων
2040 2801 2200 2882 μέτα.

479 2919 568 2978 Ex
614 2938 730 2995 quo
776 2937 1059 2996 responso
1106 2919 1281 2979 simul
1326 2917 1701 2994 intellegitur
1757 2918 1820 2976 in
1877 2917 1982 2975 illo
2037 2911 2305 2994 εὐτυχῶν
2366 2919 2490 2977 sive
2547 2911 2814 2995 εὐτυχῶν

476 3023 597 3064 ιιοιι
642 3004 1000 3064 adiectivum
1047 3005 1150 3064 sed
1195 3004 1443 3063 verbum
1501 3003 1704 3061 latere.
1781 3002 1937 3061 Hinc
1982 3003 2175 3079 magis
2231 3003 2409 3062 etiam
2471 3005 2812 3080 improban-

478 3091 588 3149 dus
620 3092 711 3149 est
743 3088 1089 3165 SchoeniuS,
1122 3090 1224 3165 qui
1255 3109 1301 3146 ω
1333 3090 1611 3164 κρεῖσσον
1640 3108 1679 3163 η
1721 3079 1976 3165 λόγοισιν
2007 3083 2334 3163 ἐντυχών
2379 3083 2523 3165 ἐμοῦ
2555 3091 2810 3165 scripsit,

479 3175 637 3251 quod
685 3174 1016 3234 vernaculis
1060 3175 1259 3234 verbis
1305 3176 1735 3248 interpretatus
1766 3175 1858 3231 est
1899 3173 2022 3232 his:
2071 3191 2142 3241 „o
2187 3174 2289 3233 der
2329 3176 2411 3232 du
2449 3175 2813 3249 ylilckliclzcr,

476 3262 566 3320 als
607 3262 712 3319 mit
768 3258 1005 3320 Worten
1050 3260 1407 3320 bescha-ichen
1449 3259 1682 3318 werden
1719 3258 1914 3325 kann,
1971 3259 2120 3318 mich
2162 3259 2565 3334 aufyefemdcn
2610 3262 2805 3330 hast‘ss

479 3347 540 3405 in
588 3365 706 3421 qua
751 3346 1047 3420 scriptura
1091 3364 1200 3404 nec
1244 3347 1521 3418 κρεῖσσον
1564 3346 1725 3401 recte
1757 3342 1981 3400 dictum
2026 3361 2152 3402 esse
2198 3344 2393 3420 quivis
2438 3344 2619 3406 videt.
2689 3345 2814 3405 Nec

479 3431 794 3506 quisquam
839 3431 1173 3490 accuratius
1204 3449 1265 3488 re
1296 3429 1597 3504 pensitata
1626 3427 1776 3486 illud
1819 3449 1856 3503 η
1909 3422 2180 3524 λόγοισιν
2199 3428 2483 3504 probabit
2525 3448 2559 3486 a
2603 3431 2813 3490 ceteris

479 3516 719 3575 silentio
765 3516 1209 3590 transmissum,
1255 3534 1291 3573 a
1332 3513 1566 3572 Klotzio
1610 3513 1908 3571 locutione
1952 3506 1994 3588 ἢ
2036 3501 2187 3570 κατὰ
2215 3506 2426 3591 λόγους
2456 3515 2814 3590 explicatum

477 3620 600 3660 non
646 3601 1030 3659 vindicatum.
1105 3561 1219 3658 Sed
1263 3600 1358 3658 hic
1402 3597 1645 3673 quidem
1675 3615 1880 3657 verum
1912 3597 2166 3657 feliciter
2194 3600 2430 3658 invenit
2460 3599 2813 3676 Hartungus

480 3684 790 3745 scribendo
836 3707 874 3761 η
920 3679 1120 3762 λέγοι
1165 3705 1281 3755 τις
1328 3703 1398 3743 ex
1441 3683 1685 3758 Hippol.
1730 3702 1788 3741 v.
1844 3684 2005 3741 1186
2062 3679 2163 3740 καὶ
2220 3686 2464 3741 θᾶσσον
2519 3678 2559 3759 ἢ
2614 3680 2815 3762 λέγοι

476 3790 588 3840 τις
636 3765 1027 3848 ἐξηρτυμένας
1067 3770 1077 3844 Ι
1115 3765 1351 3839 πώλους
1395 3761 1539 3843 παρ’
1589 3761 1778 3825 αὐτὸν
1807 3763 2101 3842 δεσπότην
2131 3764 2477 3845 ἐστήσαμεν,
2509 3774 2570 3828 et
2600 3769 2814 3831 Bacch.
2820 3805 2835 3820 ·

474 3877 533 3916 v.
583 3856 703 3914 746
737 3875 823 3931 sq.
869 3856 1109 3913 θᾶσσον
1165 3849 1228 3912 δὲ
1288 3853 1677 3929 διεφοροῦντο
1738 3848 1956 3929 σαρκὸς
2014 3848 2266 3929 ἐνδυτά,
2308 3854 2316 3928 Ι
2354 3847 2397 3930 ἢ
2450 3843 2534 3910 σύ
2592 3847 2813 3924 ξυνά-

475 3950 660 4013 ψαις
703 3935 1007 4016 βλέφαρα,
1054 3960 1164 4016 pro
1208 3957 1325 4016 quo
1374 3939 1531 4016 quod
1576 3938 1639 3996 in
1686 3937 1737 3997 0
1774 3937 1996 4013 legitur
2039 3960 2076 4014 η
2125 3932 2189 3995 σὲ
2235 3935 2507 4012 ξυνάψαι
2562 3939 2700 3997 ferri
2752 3942 2816 3999 et

475 4025 672 4100 ipsum
715 4028 944 4101 potest,
1004 4025 1501 4122 quemadmodum
1558 4023 1622 4081 in
1679 4023 1795 4082 alio
1840 4022 1971 4082 loco
2016 4023 2206 4082 nostri
2257 4023 2561 4082 simillimo
2606 4023 2828 4122 Suppl..

478 4132 532 4170 v.
580 4111 702 4169 844
734 4131 820 4186 sq.
869 4101 1030 4169 εἶδον
1073 4131 1184 4188 γαρ
1230 4103 1434 4167 αὐτῶν
1476 4098 1775 4184 κρείσσον’
1824 4100 1865 4184 ἢ
1909 4103 2115 4179 λέξαι
2171 4098 2357 4188 λόγῳ
2396 4108 2407 4184 1
2446 4097 2813 4185 τολμήμαθ’,

476 4186 563 4264 οἷς
609 4184 856 4268 ἤλπιζον
898 4185 1170 4272 αιρήσειν
1213 4189 1386 4254 πόλιν
1439 4194 1697 4270 scripsit.
1772 4193 2191 4270 Hartungiano
2236 4194 2425 4270 igitur
2479 4196 2717 4270 recepto
2763 4194 2814 4254 si

476 4299 712 4339 versum
769 4282 844 4340 ad
890 4281 1119 4341 Orestis
1175 4297 1524 4357 responsum
1586 4279 2022 4339 accommodate
2085 4278 2371 4356 refingere
2427 4278 2811 4354 voluerimus,

482 4365 625 4440 quid
670 4365 833 4425 aliud
880 4367 1203 4470 excogitari
1248 4367 1440 4442 possit
1483 4384 1604 4423 non
1650 4363 1821 4424 video
1867 4364 1983 4422 nisi
2026 4363 2172 4422 hoc.

881 4441 930 4508 ὦ
974 4452 1280 4529 κρεῖσσον,
1327 4471 1365 4525 η
1417 4445 1619 4525 λέγοι
1660 4469 1803 4524 τις,
1849 4442 2153 4524 εὐτυχεῖν
2197 4441 2333 4525 ἐμέ.
