3132 5129
1267 415 1340 424 —
1431 378 1726 441 529—

330 538 539 610 postea
583 534 961 593 Hermannus
1005 534 1065 592 in
1111 534 1371 593 editione
1417 538 1480 593 et
1525 553 1586 592 se
1631 538 1692 593 et
1734 534 1879 592 alios
1924 536 2242 609 revocavit,
2289 536 2417 594 iure
2462 552 2657 594 recen-

329 621 512 697 tioms
543 620 903 678 abstiterunt
933 638 1153 693 omneS,
1200 638 1308 679 nec
1339 620 1651 695 quisquam
1682 618 1754 676 ad
1785 618 2101 694 pristinum
2133 639 2390 679 errorem
2420 620 2656 694 redibit,

324 706 426 779 qui
484 705 781 764 diversum
842 704 1211 779 singularum
1264 705 1524 779 partium
1585 707 2004 780 argumentum
2051 705 2451 781 perpenderit.
2542 704 2660 764 Sed

326 792 558 848 restant
603 790 750 849 bene
798 789 1003 863 multa,
1051 789 1122 847 de
1168 791 1382 865 quibus
1428 790 1778 864 explicatius
1826 789 2139 847 dicendum
2187 792 2283 849 sit.

492 876 580 933 Ae
637 875 896 950 primum
956 874 1191 950 quidem
1250 894 1383 933 cum
1429 874 1650 933 Aldina
1692 875 1889 948 ipsum
1935 874 2174 932 initium
2218 895 2273 934 v.
2326 876 2658 934 123—136
2700 881 2734 926 4

323 959 666 1035 Iphigeniae
722 959 1034 1019 tribuisset
1083 991 1155 1000 —
1216 979 1352 1018 nam
1412 960 1484 1017 de
1544 959 1814 1017 codicum
1869 957 1987 1017 BG
2038 961 2388 1018 auctoritate
2442 960 2536 1019 hic
2592 963 2661 1017 ut

324 1045 467 1101 alibi
523 1063 645 1102 non
702 1044 845 1103 satis
903 1048 1135 1103 constat
1183 1077 1287 1119 -,
1345 1044 1575 1120 primus
1620 1043 1990 1119 Tyrwhittus
2045 1044 2334 1102 contineri
2394 1046 2464 1103 iis
2509 1045 2663 1104 vidit

325 1128 505 1187 Chori
551 1129 941 1203 paredum,
990 1148 1241 1204 eumque
1287 1129 1493 1188 ducem
1541 1130 1728 1187 secuti
1774 1131 1918 1187 sunt
1963 1129 2141 1187 ceteri
2187 1147 2393 1188 omnes
2424 1134 2660 1205 praeter

323 1232 507 1271 unum
556 1212 909 1287 Seidlerum,
961 1215 1060 1289 qui
1109 1233 1241 1272 eum
1286 1215 1582 1289 imprimis
1628 1217 1875 1288 propter
1904 1233 2078 1272 voces
2122 1206 2283 1270 πόδα
2325 1210 2661 1289 παρθένιον

321 1298 472 1356 hanc
530 1299 857 1357 orationem
903 1298 1108 1357 Chore
1154 1299 1609 1358 abiudicandam
1668 1304 1907 1373 putaret
1965 1300 2263 1358 constanti
2321 1300 2547 1358 scilicet
2590 1319 2659 1358 ex

325 1382 692 1457 mulieribus,
739 1384 953 1458 quibus
999 1383 1172 1441 liberi
1219 1385 1563 1443 tribuantur
1606 1383 1766 1441 infra
1807 1403 1862 1442 v.
1902 1385 2057 1443 1071
2109 1386 2171 1442 et
2217 1404 2369 1460 quae
2401 1405 2458 1445 v.
2498 1385 2662 1441 1144

323 1469 588 1543 virgines
634 1487 697 1527 se
742 1468 931 1526 adhuc
977 1487 1102 1527 esse
1147 1470 1312 1543 ipsae
1357 1472 1595 1545 negent,
1642 1488 1764 1527 rem
1810 1469 1927 1525 iam
1971 1469 2046 1526 ab
2092 1467 2225 1527 aliis
2266 1470 2483 1528 rectius
2515 1468 2662 1526 iudi-

323 1557 518 1611 catam
563 1572 752 1628 nuper
797 1552 1042 1611 Kvicala
1086 1572 1143 1628 p.
1180 1555 1302 1610 224
1326 1573 1413 1629 sq.
1461 1557 1522 1612 et
1570 1555 1690 1612 266
1717 1572 1806 1627 sq.
1853 1554 2195 1630 profligavit
2240 1556 2348 1628 ita,
2396 1558 2465 1612 ut
2512 1553 2664 1611 nihil

325 1636 713 1697 dubitationis
770 1638 1139 1714 relinquatur
1181 1642 1241 1696 et
1287 1639 1359 1696 de
1403 1639 1493 1697 his
1554 1638 1754 1696 verbis
1800 1636 1996 1696 Chore
2053 1638 2435 1715 adsignandis
2483 1640 2544 1696 et
2589 1639 2661 1696 de

324 1720 515 1780 Chore
572 1743 603 1780 e
660 1723 799 1781 solis
855 1723 1189 1800 virginibus
1246 1724 1590 1799 composito,
1693 1723 1786 1780 Ex
1839 1742 1955 1797 qua
2011 1723 2411 1798 disputatione
2478 1743 2660 1782 unum

322 1806 414 1864 hie
459 1808 731 1867 attulisse
778 1808 923 1879 sat-is
971 1811 1077 1883 est,
1127 1808 1434 1883 quodiam
1465 1807 1811 1867 Dindorfius
1859 1810 2159 1883 perspexit
2203 1828 2439 1868 versum
2487 1809 2657 1866 illum

730 1922 950 2003 μητρὸς
995 1923 1218 2004 πατρός
1264 1948 1321 1984 τε
1369 1923 1469 1983 καὶ
1515 1923 1739 1984 τέκνων
1784 1921 1898 2005 ὅτῳ
1942 1930 2119 2003 κυρεῖ

329 2045 600 2119 ineptum
633 2065 758 2104 esse
791 2052 906 2102 τῶν
953 2041 1016 2101 ἐν
1064 2042 1296 2119 δόμοισι
1325 2036 1628 2119 φιλτάτων
1658 2048 2279 2120 interpretamentum.
2355 2048 2443 2107 De
2475 2048 2660 2107 altero

329 2147 467 2187 vero
513 2149 687 2189 versu
732 2133 938 2205 postea
984 2131 1230 2189 dicetur.

505 2214 618 2273 Sed
666 2215 727 2272 in
773 2236 841 2272 ea
886 2214 1066 2274 Chori
1112 2215 1331 2290 paredo
1377 2216 1507 2274 leve
1552 2217 1814 2290 primum
1859 2218 1980 2290 est,
2027 2217 2183 2291 quod
2235 2217 2658 2289 v.128,cum

333 2317 450 2356 non
519 2299 664 2357 satis
732 2300 1086 2374 simpliciter
1147 2300 1419 2375 apposita
1481 2300 1770 2395 quadrare
1838 2302 2151 2360 videantui
2208 2301 2388 2359 verba
2447 2292 2661 2397 avidi,

323 2374 627 2440 εὐστύλων
681 2392 847 2441 ναῶν
891 2376 1215 2462 θριγκούς,
1275 2385 1494 2459 scripto
1548 2374 1922 2443 κευστύλων
1978 2386 2189 2461 copula
2243 2385 2514 2442 addenda
2570 2386 2661 2443 vi-

328 2468 522 2526 detur.
613 2467 865 2528 Gravius
912 2472 1018 2544 est,
1069 2468 1226 2544 quod
1272 2489 1329 2530 v.
1369 2471 1491 2529 130

930 2585 1089 2646 πόδα
1135 2583 1472 2666 παρθένιον
1515 2582 1682 2647 ὅσιον
1730 2581 1936 2664 ὁσίας,

325 2709 372 2764 si
422 2726 528 2781 pro
575 2708 942 2781 paroemiaco
989 2709 1288 2783 habeatur,
1338 2709 1916 2785 „inelegantissimos
1945 2709 2264 2768 numeros“
2298 2709 2512 2767 habere
2542 2711 2658 2768 iam

329 2792 470 2849 olim
532 2792 832 2852 Seidlerus
899 2794 1157 2867 monuit,
1224 2812 1332 2852 nec
1398 2795 1541 2868 quin
1611 2797 1923 2870 corruptus
1979 2794 2059 2852 sit
2114 2809 2306 2868 nuper
2362 2795 2663 2853 dubitavit

325 2877 842 2954 Rossbachius
900 2878 960 2937 in
1019 2878 1186 2952 libri,
1245 2897 1422 2953 quem
1480 2898 1610 2937 cum
1659 2879 2120 2953 Westphalio
2179 2879 2249 2937 de
2306 2899 2369 2936 re
2414 2881 2663 2938 metrica

325 2961 582 3036 scripsit,
632 2963 748 3020 vol.
783 2962 874 3019 ΙΙΙ
909 2983 966 3038 p.
1004 2965 1121 3021 125
1148 2982 1237 3039 sq.
1303 2962 1419 3022 Sed
1450 2965 1678 3023 incerta
1708 2965 2017 3024 medicina.
2086 2963 2386 3022 Seidlerus
2420 2965 2658 3038 quidem

327 3045 400 3104 de
447 3047 886 3122 transponendo
933 3048 1234 3124 cogitabat

931 3159 1099 3236 ὁσίας
1143 3161 1313 3224 ὅσιον
1354 3160 1509 3224 πόδα
1553 3163 1921 3245 παρθένιον,

328 3283 386 3340 in
431 3302 548 3357 qua
593 3282 910 3342 verborum
958 3286 1340 3345 collocatione
1386 3288 1700 3361 genetivus
1764 3288 1934 3345 initio
1981 3287 2211 3361 positus
2256 3289 2434 3360 atque
2478 3307 2512 3343 a
2556 3306 2661 3345 suo

324 3368 562 3426 nomine
611 3369 761 3426 male
806 3368 1074 3429 divolsus
1119 3371 1348 3446 placere
1394 3390 1513 3429 non
1559 3374 1774 3446 potest.
1853 3370 1968 3428 Sed
2000 3372 2274 3446 displicet
2316 3372 2494 3428 etiam
2527 3390 2659 3429 eum

335 3453 394 3509 in
440 3452 546 3510 hac
592 3454 887 3527 scriptura
932 3459 1058 3512 tum
1108 3457 1168 3513 in
1212 3457 1459 3531 vulgata
1503 3456 1899 3530 epithetorum
1957 3456 2029 3513 ad
2084 3449 2238 3513 πόδα
2295 3455 2657 3514 adieclorum

324 3536 664 3610 duplicatiO,
711 3558 860 3611 quae
911 3540 1067 3598 idem
1117 3541 1235 3598 fere
1268 3540 1604 3616 significare
1637 3542 1817 3600 verba
1846 3536 2012 3610 ὁσίας
2059 3537 2393 3621 κλῃδούχου
2426 3542 2657 3599 docent.

327 3621 609 3678 Evitatur
665 3622 725 3680 id
770 3623 1069 3700 Hartungi
1117 3629 1481 3732 commento,
1542 3627 1644 3701 qui
1704 3645 1902 3685 errore
1949 3627 2172 3685 scilicet
2216 3627 2496 3685 inductus
2544 3627 2656 3683 iam

325 3726 359 3762 a
402 3706 577 3765 nobis
624 3710 851 3766 remoto

932 3790 1112 3869 πόδα,
1157 3790 1404 3872 παρθέ
1426 3789 1480 3852 ν’
1497 3837 1515 3870 ‚
1563 3789 1737 3854 οσιον
1778 3790 1979 3870 ὁσίας,

330 3895 583 3969 scripsit,
618 3894 738 3968 ubi,
788 3896 1020 3953 etiamsi
1050 3897 1371 3971 tripodiam
1402 3899 1835 3973 anapaestieam
1869 3899 2038 3971 feras,
2072 3897 2352 3955 allocutio
2385 3897 2662 3972 displicet

323 3984 462 4053 post
504 3979 848 4037 sollemnem
895 3981 1059 4039 illam

1135 4055 1184 4135 ὦ
1228 4069 1344 4123 παῖ
1380 4075 1482 4138 τᾶς
1531 4071 1772 4137 Λατοῦς

1142 4148 1431 4209 Δίκτυνν’
1480 4147 1682 4231 οὐρεία

327 4250 483 4307 inter
528 4249 672 4307 alias
718 4271 892 4311 voces
937 4253 1129 4312 denuo
1175 4255 1358 4313 illata.
1433 4254 1623 4324 Quare
1669 4255 1823 4328 vide,
1870 4274 1945 4312 an
1992 4248 2325 4330 παρθένιον
2368 4256 2662 4331 glossema

331 4333 410 4390 sit
452 4336 513 4391 et
555 4339 728 4409 poeta
774 4337 1122 4413 simpliciter
1167 4340 1474 4414 scripserit

1134 4433 1277 4497 πόδ’
1325 4435 1534 4498 ὅσιον
1578 4434 1762 4513 ὁσίας.

427 4541 675 4591 licetur,
704 4543 945 4586 Schriften.
1000 4545 1037 4585 1.
2193 4545 2255 4590 34
