3132 5129
1411 379 1871 443 —578—

472 538 691 635 diserte
723 536 1021 635 affirmat.
1110 535 1206 595 Ita
1262 537 1450 613 igitur
1513 498 1673 595 hunc
1734 536 1930 596 locum
1998 537 2061 595 in
2128 536 2483 596 scholastica
2546 537 2806 595 editione

373 717 434 766 18
470 623 915 766 ordwig-3056
942 726 1033 782 sq.
1080 707 1142 765 in
1186 706 1357 766 libris
1405 707 1490 791 sic
1531 707 1847 782 leguntur:

877 815 925 884 ὦ
970 824 1244 900 φίλταται
1288 827 1597 902 γυναῖκες,
1648 817 1740 893 ὦς
1785 814 1937 900 ὑμᾶς
1982 819 2209 898 βλέπω,

872 907 993 967 καὶ
1039 904 1182 984 τᾶμ’
1234 905 1298 967 ἐν
1340 902 1504 982 ὗμιν
1531 904 1693 967 ἐστιν
1735 903 1775 985 ἢ
1821 911 2012 979 καλῶς
2059 905 2233 986 ἔχειν,

874 986 916 1069 ἢ
958 990 1145 1071 μηδὲν
1190 986 1344 1053 εἶναι
1390 1014 1492 1052 και
1540 997 1907 1070 στερηθῆναι
1952 987 2200 1070 πάτρας.

468 1113 925 1172 Restituendum
972 1132 1095 1173 esse
1140 1111 1245 1181 εἰς
1289 1106 1450 1187 ὑμᾶς
1493 1108 1691 1191 βλέπω
1734 1112 1965 1189 primus
1996 1112 2149 1171 vidit
2178 1112 2576 1208 HermannuS,
2625 1131 2805 1188 quem

470 1199 650 1258 ceteri
693 1199 951 1258 editores
997 1203 1156 1257 recte
1201 1200 1387 1257 secuti
1434 1202 1576 1256 sunt
1619 1216 1841 1257 omnes,
1918 1196 2033 1255 Sed
2064 1195 2214 1255 illud
2259 1217 2349 1266 ως
2396 1216 2516 1256 non
2548 1196 2807 1273 simplici

471 1302 671 1342 errore
715 1284 946 1341 illatum
993 1284 1093 1343 sed
1142 1303 1210 1341 ex
1256 1284 1370 1341 alia
1429 1284 1565 1341 sede
1612 1283 1970 1341 translatum
2014 1282 2277 1341 videtur:
2336 1301 2472 1340 nam
2519 1282 2805 1377 profectO,

469 1387 619 1443 quae
674 1369 794 1426 iam
852 1369 1234 1443 sequentibus
1291 1369 1535 1443 exponit
1596 1367 1937 1443 Iphigenia,
1999 1385 2163 1424 suam
2220 1367 2473 1425 salutem
2528 1367 2592 1424 in
2644 1367 2807 1425 chori

469 1455 764 1527 potestate
809 1453 1063 1527 positam
1107 1472 1253 1527 esse,
1299 1454 1501 1527 aperte
1546 1471 1673 1511 cau
1690 1471 1830 1509 sam
1876 1452 2201 1525 continent,
2247 1454 2492 1526 propter
2519 1470 2699 1526 quam
2731 1450 2807 1507 ad

469 1557 607 1595 eum
651 1538 945 1611 respiciat.
1032 1536 1244 1611 Itaque
1289 1556 1400 1612 pro
1446 1537 1656 1612 copula
1699 1536 1794 1595 hic
1836 1536 2077 1612 quidem
2122 1536 2321 1594 minus
2366 1540 2506 1611 apta
2550 1535 2809 1594 scribere

468 1641 590 1680 non
636 1621 904 1680 dubitavi
951 1609 1042 1690 ὦς
1087 1613 1223 1696 ταμ’
1272 1617 1338 1679 ἐν
1382 1615 1531 1696 ὑμῖν
1575 1615 1751 1679 ἐστιν.

639 1705 875 1781 Reliqui
918 1707 1226 1781 intactum,
1274 1709 1344 1765 ut
1388 1706 1449 1763 in
1492 1706 1752 1765 editione
1797 1705 2164 1780 scholastica,
2210 1724 2267 1765 v.
2308 1707 2467 1763 1155

772 1816 1015 1893 άὸύτοις
1061 1817 1115 1880 τ’
1165 1820 1231 1882 ἐν
1275 1814 1479 1901 ἁγνοῖς
1525 1830 1731 1900 σῶμα
1776 1820 2193 1900 λάμπονται
2236 1821 2401 1901 πυρί,

468 1963 825 2019 quamquam
871 1946 933 2002 et
977 1947 1149 2018 σῶμα
1195 1943 1484 2019 singulari
1528 1944 1793 2017 positum
1837 1962 2202 2019 magnopere
2246 1944 2496 2002 offendit
2538 1975 2621 1985 —
2663 1961 2801 2018 pro·

469 2028 623 2087 fecto
668 2028 825 2089 enim
872 2027 1021 2086 mira
1064 2031 1172 2102 est,
1219 2047 1396 2103 quam
1440 2027 1827 2086 admittamus
1857 2046 2094 2088 necesse
2124 2032 2231 2102 est,
2278 2028 2500 2088 locutio
2545 2026 2608 2086 οἱ
2646 2025 2799 2099 ξένοι

467 2106 793 2189 λάμπονται
836 2111 1004 2187 σῶμα
1051 2145 1164 2187 -‚
1210 2117 1270 2171 et
1312 2111 1480 2171 verbi
1526 2108 1856 2186 λάμπονται
1899 2112 2093 2171 media
2136 2113 2328 2170 forma
2372 2113 2804 2171 dubitationem

469 2201 687 2273 movet,
735 2199 898 2256 cuius
940 2198 1196 2256 alterum
1241 2200 1474 2257 tantum
1521 2196 1786 2255 inMed.
1838 2199 1999 2256 1194
2047 2199 2242 2256 exstat
2285 2198 2615 2272 exemplum
2661 2204 2802 2269 πῦρ

353 2292 359 2299 “
468 2276 553 2355 δ’,
613 2277 738 2341 ἐπεὶ
780 2279 972 2358 κόμην
1022 2280 1032 2360 Ι
1085 2279 1304 2352 ἔσεισε,
1362 2280 1584 2358 μᾶλλον
1628 2278 1720 2349 δὶς
1766 2277 1948 2352 τόσως
1992 2276 2049 2338 τ’
2099 2275 2485 2358 ἐλάμπετο,
2537 2301 2612 2340 ne
2656 2282 2805 2340 illud

469 2367 703 2441 quidem
761 2368 907 2426 satis
966 2370 1211 2427 certum.
1299 2367 1470 2425 Hanc
1526 2370 1794 2442 tantum,
1841 2386 1962 2426 non
2007 2367 2171 2425 illam
2217 2368 2598 2425 offensionem
2642 2367 2807 2425 tollit

467 2450 721 2511 Iacobsii
767 2453 1134 2511 coniectura:
1185 2449 1347 2528 σῶμα
1393 2444 1834 2525 δάπτονται,
1882 2472 2060 2553 quam
2105 2471 2225 2511 non
2256 2451 2512 2511 debebat
2540 2452 2804 2526 recipere

467 2536 788 2597 Nauckius.
879 2535 1069 2607 Quare
1139 2536 1484 2613 videndum,
1548 2556 1627 2596 an
1692 2531 1917 2611 σώματ’
1989 2533 2350 2595 αἴθονται
2416 2534 2567 2614 πυρί
2627 2539 2803 2612 poeta

468 2622 788 2714 scripserit.
878 2622 1073 2680 Aliam
1121 2623 1280 2682 viam
1327 2622 1860 2681 Rauchensteinius
1905 2623 2069 2697 iniit,
2127 2623 2247 2697 qui,
2305 2641 2437 2680 cum
2493 2622 2702 2698 copula
2745 2616 2798 2678 τ’

468 2710 603 2782 post
647 2696 883 2775 ἀδύτοις
929 2724 1048 2764 non
1095 2706 1382 2765 librorum
1427 2707 1791 2766 auctoritate
1843 2708 2087 2782 nitatur,
2137 2707 2240 2765 sed
2270 2727 2300 2765 e
2331 2707 2535 2765 Bothii
2568 2707 2799 2765 demum

469 2791 806 2849 coniectura
849 2790 1015 2849 illata
1060 2791 1167 2865 sit,
1224 2810 1343 2849 uno
1388 2794 1595 2850 tenore
1638 2791 1794 2850 hunc
1837 2810 2076 2852 versum
2118 2791 2488 2851 antecedenti
2534 2792 2804 2850 adiunxit

467 2873 577 2933 hoc
621 2876 827 2935 modo:

961 2993 1035 3000 —
1084 2992 1164 3001 —
1211 2991 1291 3001 ——
1337 2955 1454 3035 ἤδη
1500 2958 1620 3018 τῶν
1665 2956 1851 3033 ξένων
1893 2958 2222 3037 κατήρξατο

854 3035 1098 3114 ἀδύτοις
1144 3040 1209 3101 ἐν
1252 3037 1458 3121 ἆγνοῖς
1503 3039 1771 3120 σώματ’
1824 3040 2193 3123 ἐμπρῆσαι
2236 3042 2396 3124 πυρί.

470 3159 606 3235 Sed,
650 3164 720 3219 ut
764 3162 835 3220 de
880 3164 1124 3222 audacia
1166 3162 1339 3222 huius
1385 3166 1632 3223 conatus
1677 3166 1930 3239 taceam,
1990 3165 2121 3239 ipsa
2164 3165 2268 3222 illa
2298 3165 2633 3224 coniunctio
2663 3185 2801 3222 κατ-

466 3239 681 3322 ήρξατο
762 3242 1056 3324 ἐμπρῆσαι
1132 3247 1359 3322 aliquid
1425 3249 1685 3306 contorti
1747 3250 2053 3307 continere
2120 3250 2383 3322 videtur,
2453 3250 2620 3324 quasi
2685 3269 2804 3308 non

469 3330 837 3406 sacrificium,
885 3333 988 3391 sed
1037 3351 1349 3408 corporum
1395 3333 1727 3391 combustio
1773 3353 1867 3392 res
1912 3334 2195 3408 primaria
2237 3335 2467 3393 fuisset.

637 3416 860 3474 Locum
893 3417 1212 3492 difficilem,
1261 3419 1361 3492 qui
1392 3437 1447 3478 v.
1486 3419 1901 3476 1209-1214
1934 3419 2170 3494 legitur,
2217 3420 2356 3477 inde
2385 3438 2421 3476 a
2453 3418 2801 3478 Marklando

468 3501 647 3559 variis
702 3503 1267 3575 transpositionibus
1326 3502 1480 3560 male
1537 3506 1817 3561 vexatum
1882 3506 2120 3580 egregie
2177 3504 2503 3563 vindicavit
2555 3504 2804 3563 Kvicala

465 3604 522 3660 p.
567 3585 685 3643 271
732 3586 995 3660 reposito
1041 3589 1305 3645 v.1213
1362 3591 1422 3644 et
1477 3589 1771 3663 sagaciter
1827 3587 2141 3662 explanato
2186 3584 2286 3645 καὶ
2329 3588 2520 3660 φίλων
2563 3583 2622 3666 γ’
2672 3583 2802 3658 οὺς

466 3668 588 3727 δεῖ
633 3659 878 3744 μάλιστα
933 3689 1041 3747 pro
1098 3671 1385 3729 librorum
1444 3673 1738 3747 scriptura
1792 3669 1893 3729 καὶ
1938 3671 2147 3744 φίλων,
2173 3664 2233 3750 γ’
2280 3667 2476 3742 οὐδεὶς
2518 3667 2796 3749 μάλιστα.

466 3754 619 3812 Eum
665 3756 847 3831 igitur
889 3757 1015 3814 iure
1046 3759 1281 3814 secutus
1311 3759 1401 3814 est
1427 3756 1717 3815 KlotziuS.
1798 3755 1912 3815 Sed
1946 3761 2287 3833 sequentem
2319 3777 2571 3833 versum,
2618 3779 2794 3833 quem

465 3843 533 3897 ut
575 3839 911 3898 trimetrum

998 3934 1078 4012 ὧς
1121 3937 1357 4012 εἰκότως
1400 3957 1464 4000 σε
1508 3941 1672 4000 πᾶσα
1716 3936 2009 4019 θαυμάζει
2050 3934 2220 4013 πόλις

467 4058 719 4119 Thoanti
778 4061 1183 4119 continuatum
1240 4061 1409 4119 nobis
1464 4053 1757 4135 praebent
1807 4062 1977 4138 libri,
2036 4065 2245 4121 neuter
2290 4082 2495 4123 eorum
2538 4067 2791 4141 sanavit,

370 4152 429 4200 19
472 4146 909 4218 acquiescentes
975 4146 1036 4203 in
1093 4145 1418 4203 Hermanni
1484 4146 1750 4221 invent0,
1825 4149 1928 4222 qui
1990 4150 2247 4223 repetito
2314 4141 2551 4219 εἰκότως
2617 4155 2796 4226 atque

466 4228 812 4305 Iphigeniae
859 4230 999 4289 dato
1045 4247 1279 4289 versum
1321 4231 1406 4289 ita
1450 4230 1736 4307 explevit:

724 4347 1210 4407 ΙΦΙῙῈΝΕΙΑ.
1257 4344 1575 4418 εἰκότως.

723 4431 980 4489 ΘΟΛΣ.
1346 4426 1425 4502 ὥς
1470 4429 1709 4502 εἰκότως
1755 4448 1817 4492 σε
1860 4441 2018 4492 πᾶσα
2061 4428 2357 4511 θαυμάζει
2399 4430 2591 4509 πόλις.
