3132 5129
1373 381 1838 445 -582—

441 561 516 601 ne
560 540 909 600 catervatim
954 539 1225 615 quidem,
1273 539 1376 598 sed
1421 540 1674 616 singuli,
1721 538 1826 597 alii
1854 538 2167 615 aliorsum,
2216 540 2658 617 emittebantur,
2706 544 2776 599 ut

440 626 794 685 Plutarchus
836 626 1042 683 narrat
1099 625 1489 698 apertissime.
1564 625 1792 684 Deinde
1855 643 2025 700 vero,
2084 643 2217 683 cum
2276 644 2479 685 omnes
2542 625 2782 701 Sparta·

442 730 656 771 norum
701 709 831 785 agri
876 710 1212 769 colerentur
1267 709 1340 767 ab
1387 709 1624 768 Helotis
1670 706 1970 786 (Mueller.
2018 708 2268 785 ibid.·p.
2317 711 2396 768 34
2428 729 2516 786 sq.
2567 706 2653 788 [p.
2701 712 2780 770 29

446 796 533 854 ed.
581 792 784 874 alt.]),
831 794 932 870 qui
977 796 1197 852 certam
1251 795 1493 870 frugum
1538 793 1887 870 reditusque
1945 797 2177 869 partem
2235 794 2494 853 dominis
2549 795 2776 871 darent,

445 881 623 956 plane
666 878 1014 938 incredibile
1059 880 1179 953 est,
1227 898 1432 938 eorum
1476 880 1696 954 vitam,
1747 880 1849 954 qui
1892 898 2014 938 non
2045 879 2238 937 solum
2284 879 2461 939 utiles
2504 880 2645 955 illis,
2678 882 2780 940 sed

446 965 626 1025 etiam
653 964 988 1023 necessarii
1034 966 1260 1039 essent,
1305 963 1638 1022 iuventutis
1668 964 1918 1022 arbitrio
1951 968 2013 1021 et
2055 963 2274 1039 gladiis
2305 982 2431 1023 esse
2476 966 2778 1024 traditam.

353 1057 416 1106 10
444 1050 650 1125 Neque
707 1049 818 1109 hoc
874 1049 1070 1106 afferri
1125 1051 1351 1123 potest,
1409 1047 1657 1107 Helotas
1701 1066 1877 1124 saepe
1921 1048 2138 1107 leviter
2167 1052 2424 1107 armatos
2467 1052 2529 1108 in
2560 1050 2781 1109 bellum

450 1135 664 1194 missos
721 1134 919 1210 ibique
978 1133 1038 1190 in
1096 1134 1454 1192 stationibus
1509 1134 1761 1191 maxime
1820 1132 2165 1208 periculosis
2222 1134 2538 1194 collocatos
2592 1140 2784 1194 certae

451 1220 632 1279 morti
676 1237 805 1278 esse
851 1218 1146 1293 obiectOS,
1192 1221 1262 1277 ut
1305 1216 1512 1277 Mauso
1558 1218 1706 1276 dicit
1734 1217 1795 1293 I,
1834 1221 1864 1275 1
1915 1238 1972 1292 p.
2011 1219 2160 1292 1363
2207 1217 2255 1293 I,
2291 1220 2326 1276 2
2360 1239 2417 1294 p.
2456 1221 2593 1278 143.
2670 1221 2783 1290 Qui

451 1305 609 1363 enim
654 1323 725 1362 ex
770 1302 1000 1362 Helotis
1056 1303 1323 1361 dominos
1379 1304 1455 1362 ad
1510 1302 1735 1361 bellum
1792 1302 2262 1379 comitabantur,
2322 1323 2421 1362 eos
2475 1304 2782 1380 probabile

452 1392 543 1447 est
584 1384 671 1447 ita
715 1388 930 1447 electos
975 1406 1136 1462 esse,
1183 1391 1252 1447 ut
1295 1388 1550 1446 maxime
1602 1390 1937 1462 caveretur,
1985 1407 2059 1446 ne
2111 1389 2333 1463 singuli
2379 1389 2550 1447 fundi
2592 1388 2780 1448 nuda-

453 1476 664 1532 rentur
708 1472 1039 1532 cultoribus
1094 1472 1342 1531 idoneis·
1416 1472 1486 1531 Id
1538 1475 1740 1530 autem
1797 1474 1859 1530 in
1914 1472 2202 1531 eiusmodi
2257 1473 2519 1549 insidiis,
2580 1474 2783 1549 quales

455 1559 599 1617 dicit
642 1559 882 1631 Man80‚
941 1556 1072 1615 fieri
1114 1575 1234 1616 non
1289 1558 1505 1632 potuit.
1581 1556 1760 1616 Recte
1813 1560 2011 1615 autem
2073 1557 2344 1616 Mueller.
2402 1558 2443 1615 l.
2493 1577 2538 1618 c.
2598 1579 2655 1634 p.
2703 1561 2783 1619 38

458 1641 546 1718 [p.
594 1644 673 1701 33
720 1642 812 1699 ed.
861 1638 994 1719 alt]
1040 1646 1250 1718 negat,
1314 1642 1471 1717 quod
1516 1642 1725 1701 Mauso
1772 1659 1843 1699 ex
1889 1642 2035 1700 locis
2078 1643 2235 1716 apud
2282 1642 2499 1703 Herod.
2547 1643 2662 1718 IX,
2715 1647 2793 1702 10

454 1731 515 1786 et
545 1728 623 1785 28
671 1725 822 1785 effici
866 1744 1038 1801 posse
1071 1727 1420 1800 arbitratur,
1467 1726 1718 1785 Helotas
1745 1726 1810 1784 in
1839 1726 2080 1802 proeliis
2114 1726 2283 1802 quasi
2315 1728 2583 1787 victimas
2613 1729 2791 1787 morti

456 1829 580 1869 esse
623 1810 896 1869 traditos.
973 1811 1127 1868 Tum
1171 1831 1311 1870 vero
1358 1811 1821 1887 Barthelemyus
1865 1811 1994 1869 iure
2038 1813 2101 1869 in
2157 1830 2225 1869 eo
2271 1812 2451 1870 etiam
2497 1814 2795 1888 innititur,

456 1895 612 1971 quod
658 1912 849 1969 neque
893 1894 1095 1969 Plato,
1155 1897 1321 1955 cuius
1366 1896 1437 1954 de
1483 1897 1715 1971 cryptia
1772 1896 1935 1955 locos
1980 1896 2138 1954 infra
2179 1898 2461 1973 tractavi,
2509 1901 2617 1956 aut
2659 1899 2795 1956 Ari-

457 1980 734 2054 stoteles,
778 1997 973 2054 neque
1003 1979 1380 2056 Thucydides
1424 1982 1529 2038 aut
1559 1980 1893 2055 Xenophon
1923 1984 2026 2038 aut
2055 1980 2210 2039 ullus
2255 1981 2409 2041 alius
2454 1982 2793 2057 historicuS,

457 2083 650 2139 neque
694 2064 984 2124 Isocrates
1027 2067 1133 2123 aut
1175 2065 1545 2141 reliquorum
1594 2066 1912 2141 quisquam
1957 2068 2258 2125 oratorum
2305 2067 2479 2126 huius
2526 2086 2793 2142 persecu-

457 2149 641 2209 tionis
685 2149 1050 2208 mentionem
1111 2150 1362 2224 faciant,
1423 2169 1557 2209 cum
1606 2155 1805 2208 tamen
1851 2151 2192 2225 saepissime
2235 2152 2510 2210 nonnulli
2576 2172 2647 2211 ex
2702 2153 2795 2212 his

459 2235 522 2293 in
565 2233 1168 2293 Lacedaemoniorum
1216 2235 1496 2294 instituta
1525 2253 1592 2293 ac
1639 2236 1800 2310 leges
1843 2234 2221 2294 invehantur.
2298 2236 2455 2295 Huic
2498 2257 2618 2296 non
2648 2238 2795 2296 satis

460 2319 827 2379 considerate
873 2319 1181 2395 respondit
1238 2320 1444 2378 Manso
1488 2320 1529 2377 1.
1577 2340 1659 2395 c.,
1717 2319 1977 2378 dubitari
2022 2321 2122 2378 vix
2164 2339 2366 2396 posse,
2427 2323 2573 2397 quin
2619 2341 2688 2381 eo
2733 2323 2796 2380 in

458 2406 589 2463 loco
645 2403 944 2479 Platonis,
1003 2423 1179 2479 quem
1236 2404 1538 2463 Plutarch.
1598 2403 1640 2462 l.
1698 2424 1743 2463 c.
1814 2405 2059 2480 referat,
2129 2405 2524 2481 philosophus
2591 2406 2795 2465 eodem

460 2489 668 2564 modo,
715 2492 785 2548 ut
828 2488 931 2547 ille
962 2490 1122 2567 ipse,
1169 2490 1463 2567 cryptiam
1495 2489 1897 2563 descripserit.
1972 2490 2057 2548 At
2084 2508 2225 2549 vero
2269 2491 2419 2548 nihil
2464 2491 2625 2550 aliud
2652 2491 2796 2550 dicit

462 2574 843 2649 Plutarchus,
887 2576 1005 2635 nisi
1048 2574 1184 2650 hoc,
1231 2594 1295 2633 se
1340 2575 1713 2649 conicere,
1760 2575 1864 2633 illo
1908 2575 2038 2650 ipso
2069 2576 2349 2634 instituto
2378 2576 2615 2636 Platoni
2644 2578 2793 2636 hanc

463 2660 814 2734 impressam
860 2659 1043 2718 fuisse
1099 2661 1171 2718 de
1214 2660 1814 2719 Lacedaemoniorum
1869 2659 2102 2735 legibus
2148 2661 2518 2736 opinionem,
2575 2665 2645 2720 ut
2685 2682 2792 2737 pu-

463 2747 651 2818 taret,
700 2762 798 2802 eas
842 2743 917 2801 ad
964 2743 1380 2803 fortitudinem
1411 2748 1648 2803 tantum
1676 2743 2123 2803 incendendam⁴
2152 2747 2326 2820 aptas
2371 2764 2518 2806 esse.
2584 2746 2793 2822 Itaque

461 2846 582 2886 non
626 2828 1023 2886 necessarium
1078 2832 1196 2902 est,
1259 2828 1364 2887 illo
1423 2829 1486 2886 in
1542 2830 1669 2889 loco
1727 2828 2040 2887 Platonem
2096 2831 2364 2906 cryptiae
2433 2833 2794 2890 mentionem

463 2912 754 2971 iniecisse.
832 2911 1025 2971 Immo
1080 2912 1237 2972 hunc
1283 2914 1536 2988 spectari
1590 2917 1734 2988 puto
1794 2933 1828 2971 a
1883 2912 2203 2974 Plutarcho
2257 2916 2526 2974 Platonis
2580 2917 2792 2991 locum,

464 2997 566 3073 qui
609 3001 705 3056 est
747 2996 819 3055 de
866 2998 1023 3073 legg.
1072 2997 1103 3055 I
1145 3017 1203 3072 p.
1254 2999 1492 3058 630D:
1551 2996 1822 3071 οἰωμεθα
1876 2991 2071 3055 πάντα
2126 2993 2197 3056 τά
2252 2993 2311 3055 τ’
2374 2994 2435 3054 ἐν
2493 2999 2793 3059 Λακεδαί·

462 3099 601 3158 μονι
646 3077 748 3139 καὶ
793 3074 859 3139 τὰ
904 3079 1045 3162 τῇδε
1092 3078 1158 3161 (i.
1202 3100 1252 3139 e.
1303 3078 1367 3139 ἐν
1421 3079 1644 3163 Κρήτῃ)
1689 3079 1843 3155 πρὸς
1889 3080 1992 3141 τὸν
2047 3080 2304 3159 πόλεμον
2356 3081 2609 3161 μάλιστα
2662 3081 2794 3160 βλέ-

466 3183 690 3234 ποντας
722 3164 1091 3269 Λυκοῦργόν
1120 3187 1180 3225 τε
1209 3162 1310 3224 καὶ
1344 3162 1531 3224 Μίνω
1564 3166 1848 3225 τίθεσθαι
1894 3162 1962 3227 τὰ
1999 3161 2231 3245 νόμιμα.
2292 3170 2447 3229 Ibid.
2492 3191 2554 3246 p.
2588 3173 2708 3230 633
2749 3173 2796 3229 Ε

462 3240 522 3308 Ο
572 3245 718 3320 Διὸς
763 3241 878 3307 οὖν
922 3243 998 3326 δὴ
1053 3271 1152 3308 και
1206 3239 1239 3309 ὅ
1284 3242 1563 3322 Πυθικὸς
1621 3248 1949 3328 νομοθέτης
2006 3247 2076 3310 οὐ
2135 3248 2213 3329 δη
2269 3274 2387 3312 που
2443 3247 2638 3330 χωλὴν
2691 3251 2800 3329 τὴν

468 3330 724 3413 ἀνδρίαν
766 3330 1314 3410 νενομοθετήκατον
1372 3337 1519 3412 (non
1553 3341 1724 3396 recte
1781 3338 1937 3396 enim
1981 3338 2305 3398 Muellerus
2359 3360 2416 3415 p.
2465 3341 2545 3396 44
2590 3344 2712 3399 not.
2761 3343 2799 3398 3

475 3418 585 3496 [===
628 3439 690 3496 p.
739 3422 817 3478 39
876 3423 1004 3479 not.
1053 3422 1090 3478 2
1146 3422 1237 3480 ed.
1296 3419 1431 3500 alt.]
1490 3423 1706 3497 respici
1764 3425 1941 3498 putat
1991 3421 2147 3481 Plat.
2204 3424 2360 3500 legg.
2410 3422 2496 3481 VI
2553 3446 2607 3500 p.
2658 3428 2798 3499 776,

474 3525 651 3581 quem
695 3504 890 3563 locum
936 3506 1117 3564 etiam
1173 3507 1321 3565 citat
1364 3506 1581 3565 Athen.
1631 3505 1717 3565 VI
1777 3527 1836 3581 p.
1886 3508 2008 3566 264
2065 3507 2124 3566 d.
2173 3505 2261 3589 e);
2322 3508 2535 3567 deinde
2580 3512 2798 3586 autem,

471 3590 630 3665 quod
674 3589 832 3648 idem
878 3590 1084 3650 Mauso
1128 3594 1361 3666 monet,
1409 3590 1727 3650 Plutarcho
1788 3594 1945 3651 teste
1990 3592 2378 3651 Aristotelem
2439 3612 2675 3669 quoque
2730 3596 2800 3653 de

382 3683 442 3731 11
478 3676 715 3751 cryptia
759 3692 885 3734 esse
930 3675 1225 3751 locutum,
1282 3694 1491 3735 verum
1539 3681 1659 3752 est,
1718 3676 1821 3736 sed
1875 3676 2012 3736 inde
2056 3677 2324 3735 nondum
2369 3679 2668 3755 sequitur,
2728 3681 2801 3738 ab

477 3760 804 3818 Aristotele
850 3760 1096 3818 eandem
1127 3759 1390 3818 exhiberi
1419 3761 1595 3819 huius
1627 3762 1892 3821 instituti
1924 3762 2401 3838 descriptionem.
2478 3763 2630 3822 Tum
2662 3783 2801 3824 vero

474 3844 871 3921 perniciosum
919 3846 1186 3921 cryptiae
1230 3845 1408 3903 finem
1450 3846 1667 3940 respici
1711 3849 1885 3943 putat
1925 3866 1961 3904 a
2008 3845 2356 3923 Thucydide
2399 3847 2484 3905 IV
2531 3866 2577 3906 c.
2613 3851 2712 3924 80,
2746 3851 2802 3924 3,

475 3931 640 3989 cuius
684 3929 828 3987 haec
856 3928 1040 3988 verba
1082 3932 1250 3988 sunt:
1295 3923 1389 3988 ἀεὶ
1432 3926 1551 4026 γὰρ
1590 3919 1660 3987 τοὶ
1702 3922 1886 3989 πολλα
1917 3925 2422 4007 Λακεδαιμονίοις
2468 3923 2618 4007 πρὸς
2665 3930 2803 4004 τοὺς

476 4011 720 4084 εἵλωτας
776 4019 880 4090 τῆς
938 4015 1212 4089 φυλακῆς
1279 4010 1415 4091 πέρι
1469 4005 1718 4086 μάλιστα
1773 4011 2173 4089 καθειστήκει.
2261 4017 2372 4075 Hic
2437 4018 2599 4078 locus
2654 4018 2805 4078 nihil

475 4100 786 4174 probaret,
834 4099 1067 4159 etiamsi
1112 4100 1506 4160 certissimum
1566 4106 1750 4176 esset,
1808 4120 1877 4160 eo
1935 4101 2178 4160 consilio
2235 4103 2524 4177 cryptiam
2570 4105 2806 4163 institu-

477 4187 601 4242 tam
645 4183 861 4259 fuisse,
911 4203 1031 4261 quo
1077 4185 1283 4245 Mauso
1328 4186 1539 4244 voluit.
1617 4185 1894 4245 Omnium
1930 4190 2124 4244 autem
2173 4188 2415 4245 minime
2459 4188 2669 4247 afferre
2712 4189 2807 4247 de-

479 4266 659 4326 bebat
699 4268 983 4329 Isocratis
1027 4270 1224 4330 locum
1283 4289 1352 4328 ex
1396 4271 1724 4330 Panathen.
1773 4270 1813 4347 ξ
1866 4273 1976 4329 181
1997 4317 2011 4345 ,
2067 4270 2171 4330 ubi
2216 4275 2450 4345 orator,
2498 4276 2810 4349 postquam

481 4351 673 4410 multa
717 4352 790 4411 de
833 4355 1188 4429 gravissima
1230 4355 1987 4415 Lacedaemoniorum
2030 4357 2138 4415 sub
2173 4355 2485 4431 Spartanis
2523 4360 2808 4418 servitute

485 4437 788 4511 exposuit,
834 4438 976 4497 haec
1019 4440 1214 4499 addit:
1262 4439 1381 4498 τῶν
1425 4436 1744 4517 γὰρ-οὕτω
1786 4436 1898 4517 μὲν
1953 4435 2012 4514 ἐξ
2053 4434 2239 4516 ἀρχῆς
2301 4435 2468 4499 δεινὰ
2514 4440 2811 4501 πεπονθό-
