3132 5129
1302 373 1594 437 -437
1693 410 1763 420 —

538 529 726 587 Ibid.
766 530 841 587 16
889 522 958 600 ὃς
1002 519 1078 606 ἦν
1123 517 1383 606 γνωστὸς
1425 535 1512 611 τῷ
1554 523 1825 605 ἀρχιερεῖ
1846 531 2022 591 modo
2056 531 2329 608 pluribus
2373 534 2705 608 expositum

366 614 756 672 antecedente
803 633 976 673 versu
1021 616 1437 690 praecesserat.
1514 615 1824 675 Glossema·
1867 617 2045 675 etiam
2092 636 2162 675 eo
2207 616 2501 693 proditur,
2548 618 2705 693 quod

366 700 429 757 in
475 699 607 758 cod.
657 698 708 756 B
751 698 1003 776 aliisque
1059 718 1169 775 pro
1215 718 1284 758 eo
1330 700 1553 775 legitur
1610 692 1640 755 ὁ
1701 697 1962 776 γνωστὸς
2006 708 2113 759 τοῦ
2155 696 2463 778 ἅρχιερῆος
2497 721 2702 777 recep-

367 787 495 841 tum
540 803 577 841 a
623 783 745 841 ΤΒ.
822 784 1105 844 Eiusdem
1173 784 1397 843 farinae
1464 788 1557 843 est
1613 784 1771 859 quod
1824 788 1900 844 18
1947 787 2193 845 additur
2237 784 2337 844 καὶ
2380 780 2700 863 θερμαινό-

365 886 540 943 μενος
584 888 619 926 a
662 870 874 929 ceteris
918 869 1099 928 etiam
1130 869 1203 926 ad
1235 869 1481 928 Petrum
1527 870 1814 943 relatum,
1862 890 2036 945 quem
2084 872 2179 931 vix
2225 875 2373 947 puto
2417 872 2527 931 hoc
2557 876 2700 930 tem-

370 953 530 1029 poris
576 958 878 1013 momento
925 954 998 1011 de
1044 953 1437 1012 calefaciendo
1482 972 1729 1028 corpore
1774 956 2089 1031 cogitasse.

538 1038 673 1112 XX,
731 1040 767 1095 2
830 1039 903 1097 de
948 1038 1136 1096 Maria
1195 1038 1338 1097 haec
1393 1042 1628 1097 tantum
1685 1038 1870 1098 refert
1924 1040 2178 1099 Nonnus
2239 1039 2344 1120 μιῇ
2401 1038 2704 1112 ξυνώσατο

367 1120 542 1224 φωνῇ
581 1119 591 1199 Ι
629 1114 786 1195 ἀμφὶ
831 1116 1022 1197 τάφου
1064 1125 1311 1180 κενεοῐο.
1374 1123 1552 1182 Patet
1594 1124 1780 1199 igitur
1816 1144 1952 1182 eum
1998 1127 2232 1183 tantum
2280 1124 2558 1185 habuisse
2603 1124 2705 1184 καὶ

369 1202 520 1282 λέγει
562 1201 767 1278 αὐτοῖς
804 1198 998 1304 Ἦραν
1052 1203 1155 1265 τὸν
1197 1205 1409 1285 κύριον
1453 1202 1515 1265 ἐκ
1562 1214 1667 1265 τοῦ
1709 1207 2019 1283 μνημείου.
2095 1208 2257 1279 Quae
2300 1230 2458 1270 nunc
2501 1211 2704 1271 addita

370 1293 652 1367 leguntur
696 1289 798 1351 καὶ
840 1287 950 1351 οὐκ
996 1288 1250 1367 οἴδαμεν
1292 1293 1413 1351 ποῦ
1456 1289 1691 1367 ἔθηκαν
1732 1287 1925 1352 αὐτόν
1967 1314 2034 1351 ex
2089 1296 2161 1353 13
2193 1294 2494 1369 descripta
2539 1298 2699 1355 sunt.

538 1376 725 1435 Ibid.
776 1380 852 1436 15
899 1378 1317 1454 depromptum
1361 1378 1495 1437 aliis
1539 1397 1614 1436 ex
1662 1377 1807 1437 locis
1855 1371 2069 1455 Κύριε,
2117 1379 2277 1453 quod
2322 1381 2512 1438 nescit
2540 1379 2702 1438 Non·

366 1478 510 1537 nne,
556 1463 736 1521 etiam
791 1466 1105 1539 propterea
1148 1463 1416 1522 exsulare
1457 1462 1680 1538 debet,
1741 1464 1900 1539 quod
1948 1464 2330 1523 hortulanum
2390 1484 2425 1522 a
2480 1484 2542 1523 se
2599 1484 2700 1539 ap-

366 1546 579 1623 pellari
625 1550 801 1622 putat
842 1546 1046 1609 Maria.

539 1631 928 1693 Pervenimus
972 1634 1090 1691 iam
1134 1631 1211 1691 ad
1254 1632 1483 1707 aliquot
1536 1631 1731 1707 locos,
1791 1633 1852 1690 in
1899 1633 2118 1707 quibus
2164 1652 2198 1690 a
2242 1631 2446 1692 Nonni
2503 1633 2702 1692 codice

365 1717 666 1776 sententia
706 1717 906 1793 aliqua
962 1716 1184 1792 abfuit,
1241 1736 1423 1792 quae,
1484 1735 1842 1791 quamquam
1886 1718 2026 1775 novi
2075 1717 2218 1793 quid
2263 1720 2453 1792 tenet,
2501 1723 2702 1777 tamen

366 1805 471 1860 aut
501 1802 550 1861 si
584 1801 750 1862 deest
792 1823 826 1860 a
870 1802 1166 1860 nemine
1213 1801 1692 1860 desideratur
1735 1805 1841 1860 aut
1871 1802 2114 1861 omnino
2156 1802 2428 1861 melius
2474 1803 2697 1862 deest.

365 1888 459 1944 Ita
504 1883 638 1979 VH,
689 1888 768 1946 39
814 1905 1001 1961 nuper
1046 1886 1236 1945 edidit
1263 1886 1315 1944 B
1360 1881 1533 1945 ου’πω
1576 1881 1689 1963 γὰρ
1732 1875 1812 1961 ἦν
1855 1885 2089 1962 πνεῦμα
2133 1905 2311 1963 αγιον
2352 1882 2699 1963 δεδομένον,

366 1966 455 2028 ὅτι
501 1958 534 2028 ὁ
570 1965 799 2066 Ἰησοῦς
844 1989 1015 2028 ουπω
1061 1966 1392 2046 ἐδοξάσθη,
1438 1971 1542 2030 sed
1591 1971 1651 2029 in
1697 1991 1914 2048 magna
1959 1973 2204 2031 testium
2248 1972 2539 2032 varietate
2596 1972 2699 2031 alii

366 2059 436 2113 ut
480 2056 526 2114 L
571 2046 774 2133 ἅγιον,
819 2056 922 2114 alii
969 2050 1287 2132 δεδομένον
1328 2057 1688 2132 omiserunt,
1745 2055 1793 2113 Τ
1838 2059 2177 2133 utrumque.
2252 2057 2503 2116 Nonnus
2559 2076 2699 2116 vero

366 2159 500 2200 cum
544 2141 755 2201 scribit
798 2161 855 2201 v.
908 2141 1024 2201 153
1056 2160 1143 2216 sq.

618 2255 789 2317 οὔπω
833 2254 967 2355 γὰρ
991 2253 1302 2339 βροτέῃσιν
1344 2253 1694 2360 ἕνερρίζωτο
1722 2260 2026 2335 μενοιναῖς
2732 2274 2790 2322 17

626 2342 882 2420 Χριστὸς
926 2333 1076 2417 αναξ
1117 2318 1356 2421 γενέταο
1400 2339 1615 2417 φανεὶς
1658 2335 2016 2421 ἆγχίθρονος
2060 2338 2264 2420 ἕδρης,

366 2481 489 2525 ιιοιι
535 2464 760 2539 „libere
804 2463 1121 2539 mutavit‘,
1087 2462 1102 2493 ‘
1170 2465 1237 2521 ut
1280 2461 1534 2537 putabat
1574 2461 1654 2536 T,
1700 2461 1894 2522 locum
1938 2461 2040 2520 sed
2086 2461 2418 2521 breviorem
2464 2481 2697 2538 expres-

367 2547 447 2607 sit
493 2550 700 2608 talem:
749 2569 920 2608 ovam
964 2541 1077 2625 γὰρ
1123 2542 1156 2605 ὁ
1194 2541 1427 2624 Ἰησοῦς
1470 2541 1788 2621 ἐδοξάσθη.

532 2633 698 2708 VIII,
726 2636 801 2693 31
821 2653 912 2710 sq.
944 2635 1197 2694 Nonnus
1234 2635 1467 2692 tantum
1495 2631 1703 2691 habuit
1740 2619 1906 2690 ἐὰν
1869 2634 2038 2707 υμεῖς
2061 2630 2298 2708 μείνητε
2331 2626 2396 2689 ἔν
2429 2629 2512 2711 τῷ
2542 2621 2698 2710 λογῳ

365 2725 444 2774 τώ
477 2713 624 2799 ἐμῷ,
655 2716 962 2794 γνώσεσθε
992 2708 1099 2795 τὴν
1128 2706 1436 2793 ἀλήθειαν.
1515 2717 1677 2788 Quae
1700 2717 1881 2793 vulgo
1905 2721 2045 2775 ante
2075 2714 2376 2793 γνώσεσθε
2401 2716 2699 2777 adduntur

266 2825 285 2846 .
361 2776 605 2877 ἀληθῶς
647 2802 922 2880 μαθηταί
967 2823 1085 2881 μου
1130 2798 1252 2861 ἐστὲ
1306 2798 1407 2860 καὶ
1454 2802 1820 2862 commodius
1883 2803 2091 2861 abesse
2146 2803 2452 2899 videntur,
2510 2821 2697 2878 quon-

365 2889 478 2946 iam
525 2886 777 2948 Iudaeos
820 2889 1151 2964 alloquitur
1194 2882 1333 2956 τούς
1388 2882 1850 2955 πεπιστευκότας
1893 2886 2160 2963 quidem,
2207 2889 2309 2963 qui
2355 2890 2584 2963 tamen,
2633 2891 2700 2947 ut

268 2994 279 3004 ·
365 2974 676 3048 sequentia
720 2974 961 3048 docent,
1020 2973 1288 3032 nondum
1333 2974 1480 3033 satis
1524 2971 1699 3030 fidem
1747 2971 2234 3031 obfirmaverunt.

534 3055 635 3131 IX,
686 3060 755 3134 9,
802 3059 906 3116 ubi
951 3058 1181 3134 aliquid
1226 3058 1535 3117 turbatum
1582 3075 1711 3116 esse
1758 3057 2001 3115 testium
2048 3056 2451 3160 discrepantia
2495 3061 2695 3117 osten·

364 3142 482 3215 dit,
530 3141 778 3202 Nonnus
833 3145 1030 3218 priora
1088 3143 1326 3218 quidem
1384 3138 1551 3199 αλλοι
1608 3136 1809 3219 ἔλεγον
1859 3136 1952 3198 ὅτι
2008 3130 2180 3209 οὗτός
2236 3137 2395 3200 ἐστιν
2449 3143 2696 3239 omittit,

363 3225 466 3284 sed
512 3229 845 3300 posteriora
889 3227 1122 3303 plenius
1176 3229 1357 3305 legit.
1413 3223 1583 3284 αλλοι
1628 3221 1704 3283 δὲ
1756 3222 1954 3303 ἔλεγεν
2013 3219 2230 3303 Ουχί,
2294 3216 2443 3285 αλλ’
2499 3218 2697 3303 ’ὅμοιος

362 3303 803 3473 αυπῡΧὲΙσΙτῖνΒὸ
855 3398 1059 3455 Ταῦτα
1103 3391 1387 3471 ἐλάλησεν
1422 3390 1656 3471 Ἰησοῦς
1700 3390 1801 3452 καὶ
1843 3387 2129 3454 ἀπελθών
2174 3389 2398 3472 ἐκρύβη
2441 3386 2542 3452 ἄπ’
2592 3389 2698 3452 αὕ-

364 3502 517 3557 των,
572 3501 723 3557 quae
771 3480 952 3541 verba
996 3482 1094 3541 vix
1153 3481 1593 3556 desiderantur,
1655 3480 1757 3538 ubi
1804 3483 1945 3556 post
2001 3480 2332 3557 longiorem
2387 3499 2696 3539 excursum
2793 3501 2809 3518 ·

361 3568 435 3626 ad
482 3568 563 3624 44
606 3567 984 3641 pervenimus
1021 3556 1249 3642 Ἰησοῦς
1294 3560 1359 3623 δὲ
1404 3561 1650 3663 ἔκραξεν
1691 3559 1793 3621 καὶ
1838 3557 2020 3627 εἶπεν

530 3650 692 3728 XIII,
745 3652 821 3710 19
866 3644 978 3708 απ’
1035 3647 1172 3727 ἄρτι
1216 3645 1363 3726 λέγω
1406 3641 1550 3724 ὑμῖν
1594 3638 1710 3726 πρό
1755 3649 1860 3708 τοῦ
1902 3645 2217 3728 γενέσθαι,
2264 3646 2366 3708 ἴνα
2409 3669 2558 3707 οταν
2602 3645 2696 3726 γέ-

361 3756 532 3813 νηται
560 3730 908 3811 πιστεύσητε
939 3725 1054 3793 ότι
1085 3731 1221 3812 ἐγώ
1253 3733 1402 3811 εἰμι
1433 3735 1543 3795 hoc
1574 3735 1750 3794 modo
1783 3736 2059 3811 exposuit
2088 3735 2340 3795 Nonnus
2372 3755 2427 3795 v.
2463 3735 2543 3794 85
2567 3754 2693 3810 sqq.

610 3869 860 3952 Γλώσσῃ
906 3865 1345 3966 προφθαμὲνῃ,
1407 3863 1583 3941 τόπερ
1629 3865 1892 3944 ἔσσεται,
1938 3889 2074 3946 αρτι
2117 3863 2350 3945 βοήσω,

611 3952 775 4032 ὄφρα
816 3976 922 4030 μιν
963 3946 1044 4030 ἢν
1086 3950 1367 4013 τελέσειεν
1412 3949 1529 4025 ελιξ
1574 3948 1786 4031 χρόνος
1794 3949 2166 4053 ηὲγγύθεν”
2133 3973 2362 4029 ερπων,

609 4043 818 4116 μῦθον
854 4034 1326 4179 ἆναμνήσησθεὲ
1332 4037 1744 4115 παλαίφατον,
1788 4059 1917 4096 otta
1962 4058 2070 4112 περ
2115 4032 2262 4112 ὗμιν

613 4122 932 4202 ἐσσόμενον
972 4117 1326 4195 θέσπιζενὲ
1325 4120 1406 4201 μὴ
1451 4121 1838 4202 πρωτόθροος
1883 4115 2063 4200 ὀμφή.

360 4260 587 4319 Ultima
632 4280 765 4321 cum
810 4261 1211 4338 evangelistae
1246 4259 1441 4319 verbis
1473 4259 1716 4318 minime
1747 4279 2068 4336 congruere
2102 4260 2299 4336 quivis
2345 4258 2537 4318 videt:
2583 4279 2693 4335 pro

359 4345 431 4403 iis
476 4345 540 4403 in
586 4365 692 4405 suo
738 4346 891 4405 libro
933 4346 1213 4405 Nonnum
1260 4345 1474 4421 legisse
1520 4339 1552 4401 ὅ
1599 4363 1668 4400 τι
1712 4341 1825 4420 ἐγώ
1872 4365 2055 4422 φημι
2099 4345 2314 4420 aliquis
2356 4345 2691 4420 coniecerit,

358 4429 473 4489 nisi
524 4429 878 4490 haberemus
925 4430 1045 4490 fere
1092 4430 1328 4490 eosdem
1375 4448 1583 4488 versus
1629 4429 1703 4487 ad
1748 4429 1919 4505 XIV,
1970 4432 2075 4506 29,
2123 4430 2225 4488 ubi
2274 4430 2335 4489 in
2381 4430 2692 4506 evangelio
