3132 5129
1289 434 1364 442 —
1453 396 1747 461 235-

351 553 591 629 tulerit,
647 549 761 613 sed'
810 554 928 613 vid.
985 552 1198 630 fragm.
1261 554 1337 612 14
1390 553 1575 611 πᾶσιν
1631 548 1689 612 δ’
1748 546 2257 631 ἡγεμόνεσσιν
2318 549 2682 632 ἐποιχόμενοι

352 636 607 716 κήρυκες
658 672 730 680 —-
778 636 1036 698 κύπελλα
1080 671 1159 680 —-
1208 635 1611 716 νωμήσαντο.)
1682 638 1764 699 Et
1808 640 1883 698 ef.
1929 639 2142 716 fragm.
2193 642 2299 699 13:

601 749 799 918 Ξοὶξιὲτα
840 751 1019 834 μάλ’,
1067 751 1198 816 3σσ’
1235 754 1563 836 ’Ἀδρηστος
1609 752 2029 836 ἐποιχομένους
2072 751 2338 817 ἐκέλευσε
2387 767 2392 772 ’

641 862 668 900 ε
729 862 861 918 μεν.

517 954 632 1021 25.
689 961 763 1020 Ιιι
806 961 1021 1039 fragm.
1071 963 1147 1021 16
1194 961 1495 1022 Duebner.

604 1066 687 1150 ὥς
733 1074 1160 1157 ἕπαπειλήτην,
1206 1075 1408 1154 ὥσπερ
1453 1078 1814 1139 Καυκωνίδα
1864 1073 2078 1156 Δύμην

604 1158 944 1242 ἕπραθὲτην
984 1163 1297 1225 παίδεσσιν
1334 1159 1597 1224 Ἐπειῶν
1638 1160 2023 1243 ἆρχεύοντες,

347 1286 408 1341 et
452 1284 809 1342 sententiam
854 1283 1005 1344 hane
1050 1303 1206 1344 esse:
1250 1284 1815 1344 minitabantur
1858 1302 1960 1359 se,
2007 1286 2092 1344 ut
2135 1284 2407 1361 Dymen
2453 1288 2683 1362 cepis-

348 1369 515 1427 sent
565 1368 699 1438 (ita
743 1368 974 1426 etiam
1018 1388 1174 1428 eum
1219 1370 1370 1428 alia
1415 1370 1592 1428 urbe
1637 1367 1995 1444 acturos),
2040 1371 2334 1446 sagaciter
2362 1372 2680 1447 perspexit,

347 1455 410 1511 et
452 1453 513 1510 in
559 1452 666 1510 illo
711 1443 791 1523 ὥς
832 1454 993 1512 reete
1049 1453 1317 1512 offendit
1342 1453 1722 1530 Duebnerus,
1768 1454 1982 1513 melius
2028 1454 2274 1529 Stollio,
2336 1456 2439 1531 qui
2494 1476 2553 1532 p.
2607 1460 2674 1513 11

349 1533 450 1617 [cf.
497 1535 734 1596 Antim.
781 1538 991 1613 reliqq.
1022 1558 1084 1613 p.
1120 1533 1223 1616 51]
1274 1533 1355 1608 ὡς
1402 1532 1580 1597 ἐπαπ.
1627 1537 1901 1597 sufficere
1946 1540 2203 1614 putavit.
2277 1540 2403 1598 Nee
2460 1543 2679 1614 tamen,

344 1621 504 1697 quod
550 1621 801 1680 alterum
843 1622 945 1681 ille
1007 1623 1287 1698 coniecit,
1346 1613 1469 1680 οἶδ’
1518 1619 1696 1681 ε’παπ.
1752 1623 2004 1683 multum
2070 1627 2368 1699 praestat3
2427 1624 2681 1684 alterum

342 1724 482 1766 vero
527 1700 580 1763 ὦ
622 1696 681 1763 δ’
729 1702 906 1765 ἐπαπ.
953 1727 988 1765 a
1030 1708 1224 1766 forma
1252 1707 1636 1767 offensionem
1667 1707 1862 1767 habet.
1936 1707 2126 1767 Immo
2156 1703 2245 1766 τῶ
2276 1702 2336 1767 δ’
2372 1704 2549 1768 ἕπαπ.
2580 1711 2683 1768 ille

345 1792 696 1865 scripserat.
744 1791 819 1850 ef.
867 1793 943 1849 fr.
990 1793 1069 1851 38
1127 1788 1219 1851 τώ
1276 1785 1339 1849 δ’
1395 1782 1533 1851 αυτ’
1579 1784 1736 1868 ἀμφὶ
1786 1790 2133 1851 κονισᾶλεον
2187 1812 2532 1869 πεπονηατο
2592 1792 2679 1851 δί-

345 1893 520 1951 φρον.
601 1876 735 1934 Nisi
778 1876 888 1935 hoc
931 1877 1129 1951 ipsum
1173 1877 1370 1938 voluit
1413 1878 1782 1937 DuebneruS.

515 1954 628 2019 26.
690 1959 1025 2020 Obscurum
1067 1961 1216 2020 illud
1261 1963 1692 2057 fragmentum,
1740 1963 2043 2022 servatum
2089 1982 2124 2021 a
2156 1962 2352 2024 Schol.
2399 1965 2474 2022 ad
2505 1964 2682 2023 Hom.

346 2047 375 2101 λ
423 2046 548 2104 579
598 2042 702 2120 (71
752 2042 1115 2123 Βιιοὶιιιοτη)
1162 2037 1302 2105 οὐδέ
1345 2067 1401 2104 τι
1445 2035 1675 2124 θερμὰν
1726 2040 2049 2105 ἀναπνέων
2094 2043 2348 2124 χολάδας
2393 2043 2684 2125 ὃέρτροισι

345 2126 627 2201 καλύψας
672 2130 932 2189 tentavit
976 2130 1216 2206 quidem
1263 2130 1592 2191 Stelliusl.
1640 2152 1688 2194 c.
1735 2152 1795 2208 p.
1843 2133 1922 2190 22
1974 2130 2080 2208 [ef.
2129 2133 2357 2192 Antim.
2402 2135 2576 2209 reliq.
2621 2153 2681 2209 p

349 2215 428 2273 66
463 2210 582 2293 sq.]
629 2214 970 2274 scribendo,

1463 2324 1606 2393 οὐδέ
1649 2357 1703 2394 τι
1744 2330 1977 2412 θερμὸν

599 2413 807 2494 θυμὸν
848 2412 1194 2478 ἀναπνείων
1235 2410 1489 2495 χολαδας
1533 2416 1822 2498 δέρτροισι
1865 2412 2179 2495 καλυψας,

351 2536 455 2596 sed
500 2536 800 2613 quomodo
845 2557 916 2599 ea
958 2539 1304 2615 intellegat,
1350 2539 1568 2599 addere
1615 2539 1834 2602 omisit.
1908 2539 2107 2599 Possit
2143 2540 2276 2616 quis
2307 2541 2567 2617 cogitare
2612 2541 2684 2600 de

353 2623 622 2698 graviter
678 2623 1019 2698 vulnerate,
1081 2624 1275 2699 qualis
1325 2625 1380 2680 Δ
1423 2626 1544 2683 526
1590 2627 1652 2684 et
1700 2625 1758 2682 Φ
1809 2626 1924 2684 181
1985 2630 2375 2700 memoratur,
2437 2626 2542 2701 qui
2594 2627 2681 2684 in·

352 2707 572 2849 &⁸2⁰⁸
614 2708 973 2851 pregiuentia
1027 2710 1349 2784 reprimere
1393 2712 1454 2768 et
1513 2727 1867 2785 componere
1924 2711 2155 2785 studet,
2209 2713 2279 2769 ut
2333 2711 2485 2770 adeo
2544 2710 2681 2769 seri-

391 2810 467 2851 en
511 2811 613 2850 um
659 2811 709 2851 ει
754 2814 766 2850 :

1464 2907 1543 2983 ὃς
1588 2905 1650 2969 δ’
1699 2908 1807 2969 ἔτι
1849 2907 2098 2989 θυμὸν

604 2988 895 3053 τυτθὸν
935 2989 1281 3055 ἀναπνείων
1324 2994 1581 3073 χολάδας
1626 2992 1917 3075 δέρτροισι
1960 2993 2242 3072 καλύψας
2292 3033 2389 3058 -.

346 3115 479 3175 Nisi
526 3114 663 3191 quis
707 3115 887 3174 etiam
944 3111 1228 3191 θερμόν
1270 3118 1526 3176 retinere
1585 3116 1734 3176 velit
1777 3117 1971 3177 deleto
2027 3111 2307 3194 θυμόν,
2362 3118 2683 3177 seeundum

347 3198 603 3276 Oppian.
650 3199 786 3258 Hal.
816 3200 865 3274 I,
900 3201 1021 3259 292
1080 3194 1385 3275 ἐλπόμενοι
1430 3196 1780 3276 φθιμένοισι
1808 3197 2191 3279 μετέμμεναι,
2249 3195 2384 3261 οὐδ’
2431 3199 2524 3260 ἔτι·
2544 3206 2681 3278 θερ-

346 3281 463 3357 μὸν
499 3284 511 3359 Ι
549 3279 884 3359 ἐμπνείειν,
929 3284 1032 3345 ubi
1061 3284 1219 3344 haud
1264 3286 1383 3345 soie
1425 3306 1503 3345 an
1540 3279 1852 3361 ἆμπνείειν
1894 3287 2349 3363 praeferendum
2393 3289 2488 3347 sit.
2565 3287 2681 3347 Sed

345 3374 547 3429 tamen
578 3369 949 3445 probabilius
977 3374 1069 3429 est
1112 3370 1184 3429 de
1227 3371 1428 3447 aliquo
1470 3371 1840 3431 sacrificante
1870 3372 2015 3432 haec
2045 3372 2204 3432 diota
2247 3391 2390 3448 esse,
2438 3373 2538 3449 qui
2581 3392 2680 3431 an·

346 3454 553 3514 helans
597 3453 884 3513 intestina
927 3454 1058 3513 Diis
1103 3456 1501 3515 comburenda
1543 3460 1894 3532 praeparat:

603 3653 834 3734 θερμὸν
875 3649 1221 3716 αναπνείων
1263 3595 1529 3735 χολᾶδοῖςς
1562 3571 2333 3738 ἕέρτίἵισι*καλυψας-.

347 3775 441 3836 cf.
488 3777 695 3853 hymn.
742 3776 918 3838 Mero.
956 3777 1073 3834 122
1106 3796 1193 3852 sq.
1239 3768 1388 3852 αἷμα
1427 3773 1438 3857 Ι
1476 3773 1760 3880 ἐργμένον
1790 3775 1858 3838 ἕν
1887 3775 2216 3857 χολάδεσσι.
2290 3779 2371 3839 Et
2398 3780 2533 3855 quis
2560 3798 2679 3839 non

347 3861 689 3921 meminerit
743 3860 1197 3921 Homerieorum
1256 3856 1544 3939 σπλαγχν’
1605 3856 1931 3940 ἐπάσαντο,
1986 3860 2165 3944 κνίσῃ
2221 3857 2565 3939 ἐκαλυψαν,
2622 3868 2683 3923 et

344 3965 497 4022 quae
541 3949 685 4005 sunt
726 3946 942 4005 similia
957 3945 989 4004 ’ἒ

519 4024 633 4092 27.
694 4029 1051 4107 Corruptius
1080 4032 1259 4091 etiam
1290 4035 1414 4107 est,
1461 4034 1621 4109 quod
1653 4034 2090 4095 Choerobose.
2074 4054 2138 4094 ιιι
2168 4033 2422 4092 Bekker.
2456 4034 2679 4093 Aneed.

348 4114 440 4174 111
485 4135 546 4191 p.
597 4116 758 4174 1386
818 4115 1113 4175 servavit:
1169 4112 1403 4193 οἰκέτην
1455 4113 1641 4177 θέσκε
1696 4117 1947 4197 κάρηαρ.
2035 4118 2402 4194 Quamquam
2455 4114 2683 4196 κάρηαρ

345 4200 442 4259 hie
484 4198 923 4260 nominativum
971 4219 1097 4260 esse
1148 4201 1368 4262 diserte
1417 4202 1606 4262 tradit
1635 4202 2098 4278 Grammaticus,
2145 4205 2345 4262 tamen
2389 4203 2682 4264 Duentze·

345 4303 449 4343 rus
494 4281 892 4343 οἴκτιστον
931 4281 1159 4344 θέσκε
1215 4280 1442 4364 κάρηαρ
1489 4288 1770 4365 coniecit,
1832 4294 1923 4364 et,
1970 4289 2083 4349 hoo
2127 4288 2231 4364 qui
2276 4306 2381 4347 suo
2424 4289 2553 4348 iure
2598 4290 2682 4348 vi-

342 4374 617 4448 tuperat,
666 4369 840 4428 Stoll.
885 4390 942 4446 p.
991 4371 1070 4430 26
1120 4367 1225 4450 [ef.
1262 4372 1486 4430 Antim.
1516 4371 1732 4448 reliqq.
1781 4394 1839 4450 p.
1891 4371 2037 4451 101]
2095 4369 2402 4451 οἰκτρόν
2458 4393 2530 4431 τε
2583 4371 2682 4430 τί-

341 4457 574 4513 &saus
622 4449 874 4532 κάρηαρ.
956 4453 1076 4514 Sed
1117 4454 1228 4515 hoe
1273 4455 1416 4531 quid
1449 4457 1564 4518 sibi
1594 4458 1771 4536 velit,
1818 4460 2031 4520 neuter
2061 4458 2227 4519 dixit.
2302 4457 2421 4518 Vix
2452 4458 2682 4535 dubito,

2723 766 2785 817 16
