3132 5129
370 708 430 754 13

382 4343 442 4391 14

1405 360 1479 410 -’
1570 363 1862 427 524—

819 516 1226 601 ἐλευθέρους
1401 553 1474 563 —-
1653 552 1735 562 --
1912 553 1985 563 —
2162 552 2244 563 -

882 640 955 650 —-
1129 638 1208 649 —
1381 598 1741 702 πρυμνηθεν
1784 600 2055 674 ἑστῶτες
2101 595 2249 675 νεώς

699 704 828 751 1352
874 688 1228 762 σπεύδοντες
1272 682 1424 769 ἦγον
1469 680 1565 748 δια
1610 696 1802 768 χερῶν
1844 680 2217 793 πρυμνήσια,

705 788 836 835 1350
879 782 1111 848 κοντοῖς
1156 772 1224 835 δὲ
1266 777 1508 858 πρῷραν
1553 767 1738 852 εἶχον,
1782 773 1848 834 οἱ
1886 768 1942 832 δ’
1992 770 2295 833 ἐπωτίδων

870 858 1148 941 ἄγκυραν
1191 836 1551 937 ἐξανῆπτον,
1600 858 1666 917 οῖ
1693 855 1760 918 δὲ
1803 858 2087 937 κλίμακα

693 956 824 1005 1363
871 944 1070 1028 πόντῳ
1113 943 1443 1018 διδόντες
1491 949 1656 1005 τοῖν
1700 941 1933 1019 ξένοιν
1974 941 2319 1004 καθίεσαν.

639 1170 823 1229 Recte
868 1188 937 1228 ex
982 1169 1260 1229 editionis
1305 1186 1445 1227 suae
1491 1168 1741 1227 consilio
1785 1166 2188 1227 Kirchhoffius
2243 1167 2482 1242 scripsit
2523 1186 2579 1226 v.
2616 1166 2813 1224 1380:

871 1313 990 1379 κᾶν
1032 1319 1180 1403 τῷδε
1222 1353 1305 1363 ——
1353 1314 1549 1391 δεινὸς
1592 1342 1707 1399 γαρ
1752 1314 1989 1377 κλύδων
2031 1309 2232 1376 ὤκειλε
2277 1322 2439 1376 ναῦν

877 1395 1026 1482 πρὸς
1070 1404 1218 1483 γῆν,
1262 1396 1451 1483 φόβος
1496 1398 1560 1463 δ’
1608 1396 1783 1482 ἦν..
1819 1399 2064 1482 ,τέγξαι
2107 1394 2287 1463 πόδα.

467 1577 623 1635 Nam
670 1578 733 1635 in
779 1577 1100 1652 archetypo
1145 1576 1416 1634 lacunam
1462 1577 1646 1635 fuisse
1691 1595 1722 1633 e
1767 1573 2060 1636 libiorum
2105 1574 2416 1649 scripturis
2463 1573 2689 1648 prodit,
2737 1593 2811 1631 ex

469 1662 685 1737 quibus
731 1661 781 1716 Β
824 1658 1011 1738 φόβος
1055 1654 1114 1719 δ’
1163 1650 1334 1736 ἦνμὴ
1397 1655 1595 1736 τέγξαι
1651 1652 1808 1716 πόδα
1854 1658 2075 1735 „habet
2118 1658 2308 1734 spatio
2340 1677 2524 1717 vacuo
2571 1657 2805 1731 relicto,

467 1746 627 1839 quod
672 1765 882 1804 manus
927 1764 1038 1805 sec.
1086 1745 1354 1820 explevit
1411 1746 1638 1804 inserta
1682 1763 1827 1803 voce
1870 1736 2191 1818 ναυάταις,
2254 1742 2409 1801 unde
2466 1744 2550 1802 sic
2595 1742 2809 1817 Aldus,

468 1820 658 1905 φόβος
702 1823 762 1886 δ’
811 1820 891 1906 ἦν
934 1825 1082 1887 ωστε
1126 1826 1207 1905 μὴ
1253 1824 1446 1907 τέγξαι
1488 1825 1648 1886 πόδα
1680 1826 1733 1888 0
1770 1830 1979 1888 misere
2008 1828 2422 1904 interpolatus.
2429 1826 2466 1857 “
2534 1827 2812 1885 Miseram

472 1919 685 1973 tamen
675 1913 1246 2010 interpolationem
1293 1914 1668 1973 retinuerunt
1710 1932 1913 1973 omnes
1960 1917 2020 1971 et
2063 1912 2398 1971 inauditum
2444 1912 2811 1972 coniunctio-

470 2019 614 2057 num
659 2013 808 2056 ωστε
851 1991 936 2074 μή
977 2017 1149 2059 usum
1207 1992 1458 2075 argutiis
1515 2001 1862 2057 excusantes
1907 2001 1969 2057 et
2012 1990 2378 2056 locutionem
2422 1992 2612 2073 τέγξαι
2654 1988 2811 2053 πόδα

466 2084 621 2143 veli
676 2083 826 2160 pede
882 2083 1295 2143 intellecto
1354 2082 1427 2141 ad
1494 2102 1707 2142 navem
1773 2087 1952 2158 atque
2014 2083 2392 2158 naufragium
2453 2082 2808 2140 referentes!

468 2168 579 2228 Cui
667 2168 998 2228 sententiae
1084 2167 1488 2227 defendendae
1571 2187 1748 2244 quem
1829 2168 2022 2226 locum
2108 2166 2508 2226 adhibuerunt
2552 2164 2812 2226 =Orestis

468 2274 523 2313 v.
563 2256 683 2314 706
709 2274 801 2330 sq.

871 2386 975 2446 καὶ
1018 2394 1169 2459 ναῦς
1212 2410 1325 2467 γαρ
1370 2384 1692 2447 ἐνταθεῖσα
1736 2376 1883 2464 πρὸς
1927 2384 2072 2465 βίαν
2113 2382 2252 2443 ποδὶ

871 2470 1128 2551 ἔβαψεν,
1176 2469 1309 2549 ἔστη
1353 2467 1414 2531 δ’
1462 2463 1683 2549 αὖθις,
1726 2466 1805 2549 ἢν
1849 2474 2005 2555 χαλα
2046 2463 2231 2548 πόδα,

466 2628 595 2687 eius
640 2647 886 2703 prorsus
933 2628 1109 2687 aliam
1153 2627 1446 2687 rationem
1492 2646 1622 2686 esse
1666 2644 1786 2685 non
1830 2645 1980 2702 opus
2024 2628 2117 2685 est
2159 2629 2230 2684 ut
2257 2625 2533 2700 pluribus
2563 2626 2806 2684 demon·

470 2716 715 2772 stretur.
805 2711 1075 2771 Duorum
1120 2712 1308 2788 igitur
1350 2711 1638 2770 vitiorum
1692 2710 1929 2788 singula
1982 2713 2407 2787 perspexerunt
2451 2709 2704 2768 Kvibala
2748 2713 2812 2768 et

471 2796 773 2872 Klotzius,
842 2815 1096 2872 quorum
1161 2796 1263 2855 ille
1326 2799 1620 2871 expuncto
1680 2791 1833 2854 ὥστε
1890 2796 2142 2854 inseruit
2196 2793 2327 2870 νηί
2374 2794 2810 2870 aliquantulum

472 2883 630 2939 certe
677 2881 946 2956 ignotam
992 2880 1217 2956 alioqui
1262 2880 1579 2940 formulam
1636 2880 2074 2954 illustraturus,
2136 2880 2231 2940 hic
2272 2898 2412 2940 vero
2457 2881 2653 2954 ipsum
2698 2880 2811 2939 hoc

473 2959 666 3041 τέγξαι
708 2962 872 3025 πόδα
916 2983 1036 3025 non
1078 2984 1254 3041 posse
1298 2965 1421 3023 ullo
1467 2964 1645 3025 modo
1690 2965 1763 3024 de
1793 2965 2108 3042 naufragio
2138 2963 2412 3042 intellegi
2443 2964 2811 3024 demonstra·

472 3050 578 3108 vit.
667 3051 952 3110 Restabat
1006 3050 1217 3126 igitur,
1277 3053 1347 3109 ut
1398 3050 1609 3108 lacuna
1662 3049 2058 3125 probabiliter
2113 3050 2463 3125 expleretur.
2548 3048 2619 3106 Id
2662 3044 2812 3109 fecit

470 3133 832 3195 Badhamius
877 3135 1306 3210 interponendo
1349 3130 1705 3215 παρθένῳ
1747 3139 1884 3195 ante
1930 3130 2139 3212 τέγξαι.
2206 3134 2430 3193 Verum
2473 3152 2582 3192 nec
2612 3135 2808 3209 ipsum

471 3219 565 3278 bic
612 3219 848 3294 quidem
894 3220 1089 3296 placet
1120 3219 1474 3280 vocabulum
1521 3238 1631 3279 nec
1672 3221 1863 3279 multo
1907 3221 2103 3279 minus
2149 3219 2414 3279 dativus:
2463 3237 2598 3277 nam
2644 3218 2806 3294 Iphi-

468 3304 705 3380 geniam
749 3305 1182 3379 exspectaveris
1229 3305 1428 3379 potius
1484 3303 1570 3363 ita
1624 3304 1956 3381 designari,
2016 3307 2084 3362 ut
2139 3304 2315 3363 simul
2372 3322 2539 3362 mens
2585 3307 2646 3362 et
2686 3323 2811 3362 me-

469 3391 657 3448 moria
702 3392 1011 3449 revocetur
1055 3389 1131 3448 ad
1177 3389 1590 3465 simulacrum,
1637 3389 1799 3465 quod
1844 3389 2033 3487 ipsam
2080 3391 2202 3449 suis
2247 3388 2406 3446 ulnis
2435 3392 2701 3465 gestasse
2733 3408 2805 3446 ex

471 3495 524 3534 v.
560 3475 721 3533 1123
748 3494 837 3549 sq.
885 3475 1132 3550 scimus,
1192 3494 1370 3550 quam
1409 3474 1484 3533 ob
1529 3492 1684 3548 rem,
1744 3492 1819 3533 ne
1864 3475 2135 3550 ingressa
2177 3474 2241 3532 in
2284 3473 2498 3532 fluctus
2543 3474 2807 3533 marinos

465 3558 607 3618 litus
654 3559 1009 3618 inundantes
1052 3559 1264 3634 pedem
1325 3560 1609 3635 tingeret,
1669 3577 1790 3618 non
1845 3559 2032 3634 ipsius
2089 3561 2323 3618 tantum
2377 3557 2481 3617 scd
2539 3559 2805 3616 omnium

468 3648 664 3703 metus
689 3647 835 3703 erat.
909 3643 1066 3703 Hinc
1094 3663 1217 3703 non
1245 3643 1474 3720 dubito,
1521 3644 1668 3719 quin
1702 3642 2028 3762 Euripides
2075 3643 2331 3702 dederit.
2378 3634 2568 3719 φόβος
2608 3635 2669 3699 δ’
2715 3633 2800 3718 ἦν

468 3724 718 3807 ἱερέαν
760 3723 956 3806 τέγξαι
1000 3725 1176 3787 πόδα.

635 3932 1038 3992 Difficillimus
1093 3936 1186 3992 est
1227 3933 1432 4006 locus,
1494 3933 1580 3991 ita
1637 3933 1705 3990 ut
1759 3933 2150 4007 interpretes,
2209 3931 2425 4007 quibus
2480 3931 2804 4007 plurimum

465 4018 692 4093 negotii
747 4017 1077 4089 facessivit,
1135 4036 1210 4085 ne
1269 4036 1473 4077 omnes
1529 4016 1770 4092 quidem
1827 4017 1953 4076 eius
2011 4017 2391 4076 difficultates
2435 4015 2625 4076 adhuc
2672 4034 2798 4091 per-

468 4102 801 4179 spexerint,
851 4103 952 4178 qui
999 4103 1221 4178 legitur
1264 4102 1439 4178 paulo
1487 4105 1628 4176 post
1670 4122 1727 4162 v.
1764 4102 2214 4162 1403—1405:

875 4260 1089 4313 ναῦται
1133 4247 1195 4312 δ’
1244 4250 1680 4332 ἐπευφήμησαν
1721 4247 1992 4330 εὐχαῖσιν
2033 4244 2213 4332 κόρης

870 4344 1126 4414 παιᾶνα,
1171 4337 1400 4416 γυμνὰς
1444 4336 1519 4398 ἐκ
1563 4346 1799 4417 χερῶν
1841 4335 2136 4415 ἐπωμίδας

872 4417 1044 4504 κώπῃ
1085 4420 1601 4502 προσαρμόσαντες
1648 4419 1711 4482 ἐκ
1757 4416 2165 4499 κελεύσματος.
