3132 5129
1333 368 1797 432 -261—

395 527 682 605 prolibus.
775 526 893 586 Sed
937 527 1250 603 utriusque
1292 527 1462 602 quasi
1519 526 1709 601 partis
1764 528 1935 602 sunt,
1996 544 2147 601 quae
2188 544 2248 588 v.
2282 526 2615 585 233-286
2660 526 2733 584 de

394 614 574 673 Ponti
627 612 962 689 propagine
1015 611 1330 689 leguntur:
1386 610 1462 670 ad
1505 608 1837 669 Uranidum
1880 614 2151 686 tempora
2190 610 2309 685 ipsi
2352 610 2517 670 illius
2560 610 2733 669 liberi

393 699 700 777 pertinent
725 697 960 757 Nereus
989 696 1288 755 Thaumas
1317 695 1585 773 Phorcys
1614 714 1748 755 cum
1777 693 1922 755 Ceto
1952 699 2014 755 et
2044 695 2313 771 Eurybia
2341 692 2735 773 (233—239)

394 786 576 859 atque
622 782 802 841 etiam
830 781 1116 858 Phorcyis
1161 784 1224 841 et
1267 778 1448 841 Cetus
1492 780 1791 840 horrenda
1830 782 2149 857 progenies
2196 774 2609 861 (270-286),
2658 780 2733 839 ad

389 866 736 927 Titanidum
766 867 1036 927 subolem
1064 864 1348 925 Nereides
1374 885 1448 925 ex
1480 864 1700 925 Oceani
1726 865 1853 925 filia
1880 864 2101 925 Doride
2128 867 2305 924 natae
2338 860 2734 945 (240—264)

390 956 452 1013 et
510 952 814 1029 Harpyiae
868 951 942 1011 ab
997 952 1124 1011 eius
1191 968 1394 1011 sorore
1447 951 1688 1011 Electra
1752 968 1883 1009 cum
1952 949 2323 1009 Thaumante
2388 954 2733 1025 procreatae

390 1031 808 1117 (265—269).
892 1035 1169 1113 Ipsorum
1213 1036 1498 1095 Titanum
1541 1038 1793 1095 stemma
1834 1038 2179 1111 persecutus
2223 1039 2319 1094 est
2361 1035 2729 1095 337-413:

393 1123 614 1183 Oceani
644 1124 707 1181 et
732 1121 996 1199 Tethyos
1041 1110 1195 1180 filios‘
1239 1124 1298 1180 et
1341 1120 1492 1181 filias
1523 1121 1900 1195 337—370,
1944 1119 2145 1180 Solem
2175 1120 2407 1179 Lunam
2438 1120 2732 1180 Auroram

394 1209 468 1267 ab
510 1207 858 1284 Hyperione
903 1208 964 1266 et
1007 1205 1192 1265 Theia
1232 1208 1558 1282 prognatos
1605 1207 1972 1281 371—374,
2026 1205 2349 1265 Astraeum
2395 1204 2733 1265 Pallantem

389 1293 615 1353 Persen
663 1290 788 1351 Crii
833 1294 897 1350 et
937 1290 1239 1369 Eurybiae
1281 1290 1435 1351 filios
1481 1290 1854 1365 375-377‚
1900 1293 2114 1351 ventos
2158 1293 2220 1349 et
2265 1289 2607 1349 Luciferum
2654 1290 2729 1349 ab

392 1378 625 1437 Aurora
666 1397 738 1436 ex
766 1376 1020 1437 Astraeo
1064 1378 1392 1453 prognatos
1438 1376 1793 1449 svs-382,
1842 1376 2092 1453 Stygem
2124 1373 2479 1435 Oceanidem
2523 1378 2729 1449 poten·

389 1464 544 1522 tium
587 1461 916 1521 liberorum
959 1480 1030 1519 ex
1072 1461 1348 1519 Pallante
1389 1462 1641 1520 matrem
1703 1461 2068 1535 383—403,
2127 1458 2421 1519 Latonam
2472 1459 2731 1535 denique

387 1550 566 1624 atque
605 1546 875 1606 Hecaten
919 1544 1062 1605 Coei
1117 1549 1180 1606 et
1223 1545 1489 1606 Phoebes
1543 1545 1697 1605 filias
1742 1546 2099 1605 403—413.
2188 1544 2300 1604 His
2344 1546 2549 1605 statim
2593 1563 2729 1604 con-

388 1634 656 1692 iunctum
687 1632 875 1691 fuisse
905 1630 1146 1691 videtur
1175 1630 1469 1706 quidquid
1500 1630 1562 1689 in
1609 1630 1855 1706 antiqua
1886 1630 2231 1708 Theogonis
2262 1648 2330 1688 ex
2359 1649 2420 1690 v.
2453 1630 2573 1689 507
2593 1648 2727 1705 sqq.

387 1716 460 1777 de
504 1715 798 1791 Iapetidis
842 1714 1300 1779 memorabatur.
1387 1715 1727 1774 Postrem
1747 1734 1781 1773 o
1836 1716 2035 1791 posita
2090 1716 2219 1773 erat
2263 1713 2335 1773 de
2380 1713 2623 1774 Saturni
2668 1720 2731 1775 et

387 1802 582 1861 Rheae
645 1801 855 1860 liberis
895 1820 933 1859 a
974 1803 1144 1876 patre
1199 1799 1510 1876 deglutitis
1564 1803 1746 1875 atque
1803 1800 1877 1860 de
1928 1799 2069 1860 Iove
2124 1800 2315 1875 patris
2368 1818 2401 1859 e
2458 1799 2729 1871 faucibus

384 1888 644 1962 primum
676 1888 882 1962 erepto
912 1886 1040 1961 ipso
1072 1887 1198 1943 tum
1230 1886 1412 1944 etiam
1450 1885 1666 1945 fratres
1710 1902 2061 1961 sororesque
2104 1884 2421 1944 reducente
2463 1885 2727 1945 narratio

387 1972 755 2045 453—500,
803 1990 982 2046 quam
1026 1972 1430 2029 narrationem
1475 1971 1738 2047 excepit,
1794 1971 2036 2046 opinor,
2084 1969 2562 2044 Titanomachia,
2608 1990 2729 2045 qua.

389 2056 662 2133 Iuppiter
701 2056 896 2115 victor
942 2056 1264 2115 Saturnum
1309 2075 1446 2116 cum
1472 2054 1789 2115 Titanibus
1832 2055 1896 2113 in
1927 2055 2176 2114 Tartara
2221 2055 2724 2131 praecipitaverit,

392 2141 516 2201 eius
563 2160 741 2217 quam
784 2160 942 2200 nunc
984 2140 1270 2201 habemus
1316 2142 1436 2199 617
1462 2160 1595 2216 sqq.
1641 2158 1887 2216 prorsus
1934 2140 2259 2200 dissimilis.
2327 2137 2455 2207 Qua
2486 2139 2725 2199 Titano-

389 2225 622 2285 machia
663 2226 846 2285 simul
887 2226 1085 2286 aditus
1129 2226 1203 2284 ad
1247 2226 1556 2284 tertiam
1603 2228 1881 2300 partem
1934 2224 2344 2299 muniebatur,
2404 2225 2575 2284 cuius
2616 2226 2725 2283 ini-

385 2311 534 2371 tium
579 2314 738 2370 certe
781 2310 1118 2370 881—929
1163 2310 1468 2371 habemus

549 2395 728 2455 Hunc
770 2396 958 2472 igitur
1000 2395 1233 2471 antiqui
1278 2395 1554 2455 carminis
1599 2394 1781 2455 fuisse
1825 2394 2117 2455 ambitum
2178 2395 2501 2455 conicimus
2558 2394 2723 2454 ducti

385 2498 505 2540 non
555 2481 748 2540 solum
801 2482 1138 2557 argumenti
1193 2499 1326 2539 cum
1382 2480 1558 2539 titulo
1616 2482 1793 2555 atque
1837 2480 2143 2554 prooemio
2187 2480 2571 2539 consensione
2616 2480 2720 2539 sed

383 2568 559 2625 etiam
611 2567 904 2627 sermonis
964 2567 1147 2626 simili
1205 2566 1398 2626 colore
1463 2569 1648 2641 atque
1712 2564 2073 2626 narrationis
2137 2569 2428 2642 perpetuo
2495 2568 2719 2625 tenore.

382 2651 618 2710 Etenim
669 2669 800 2709 cum
847 2670 1086 2710 carmen
1129 2651 1256 2710 fere
1298 2651 1361 2710 in
1391 2650 1741 2710 brevissima
1770 2651 2083 2710 nominum
2114 2651 2554 2711 enumeratione
2584 2669 2721 2710 con-

384 2736 586 2811 sistat,
643 2739 841 2794 tamen
899 2738 960 2794 et
1013 2736 1311 2812 quomodo
1357 2733 1595 2795 Uranus
1638 2755 1675 2794 a
1719 2735 1917 2796 Crono
1960 2738 2023 2795 et
2064 2737 2363 2812 quomodo
2408 2734 2640 2796 Cronus
2686 2757 2722 2795 a

380 2819 522 2880 Iove
577 2821 772 2880 victus
834 2823 1011 2896 atque
1071 2822 1321 2897 imperio
1378 2820 1661 2896 depulsus
1718 2821 1801 2882 sit
1856 2823 2191 2880 accuratius
2247 2825 2553 2881 narratum
2608 2826 2719 2898 est,

382 2905 548 2966 cuius
589 2905 678 2965 rei
721 2924 960 2966 causam
1000 2925 1176 2966 nemo
1221 2905 1598 2966 desiderabit.

545 2991 630 3050 Et
673 2991 808 3067 quis
849 2992 1160 3069 negaverit
1202 2983 1331 3050 esse
1375 2991 1675 3066 quandam
1718 3010 1918 3050 rerum
1962 2990 2378 3068 gradationem
2408 2991 2484 3052 ab
2516 2989 2719 3052 Urano

385 3094 588 3135 omnes
645 3075 887 3136 omnino
933 3077 1152 3136 liberos
1194 3076 1259 3135 in
1301 3075 1519 3136 Terrae
1563 3077 1700 3135 sinu
1744 3076 2144 3136 abscondente
2189 3078 2446 3152 primum
2490 3077 2565 3135 ad
2612 3076 2717 3137 Sa-

381 3164 626 3220 turnum
669 3165 915 3238 excepto
946 3161 1088 3220 Iove
1131 3160 1345 3220 callide
1388 3160 1625 3220 sublato
1656 3165 1885 3220 ceteros
1914 3163 2089 3220 natos
2120 3161 2555 3238 deglutientem
2583 3164 2711 3221 tum

381 3244 454 3304 ad
496 3245 701 3306 Iovem
746 3247 934 3322 ipsam
980 3264 1222 3304 uxorem
1267 3264 1402 3304 cum
1443 3251 1727 3322 concepto
1759 3247 1885 3305 fetu
1917 3246 2115 3307 ventri
2147 3247 2525 3322 inserentem,
2571 3265 2714 3322 quo-

381 3348 510 3389 rum
567 3330 794 3406 primus
845 3351 882 3390 a
926 3329 1187 3390 Saturno
1240 3329 1591 3390 abscondito
1634 3335 1699 3390 et
1741 3331 1871 3407 ipso
1916 3333 2241 3407 castratur,
2296 3331 2450 3390 alter
2496 3352 2531 3389 a
2575 3331 2715 3392 Iove

379 3433 498 3474 non
542 3415 826 3475 devorato
873 3414 947 3475 de
991 3417 1240 3491 imperio
1286 3415 1557 3488 deicitur,
1606 3417 1821 3476 tertius
1867 3415 2033 3476 edita
2064 3436 2133 3476 ex
2166 3435 2271 3476 suo
2302 3417 2489 3493 ipsius
2521 3417 2715 3493 capite

381 3498 502 3559 filia
546 3501 966 3576 potentissima
1008 3520 1259 3578 regnare
1303 3501 1523 3578 pergit.

547 3584 676 3668 Sed,
719 3585 860 3645 nolo
917 3586 992 3645 ad
1049 3584 1645 3660 interpretanda
1699 3585 1841 3645 haec
1883 3583 2379 3664 μυθολογούμενα
2422 3586 2713 3662 accedere,

378 3669 575 3745 potius
619 3689 689 3729 ea
732 3671 1028 3747 quomodo
1072 3671 1350 3746 primitus
1395 3670 1619 3746 scripta
1649 3689 1775 3730 esse
1804 3670 2136 3746 videantur,
2181 3673 2307 3730 iam
2336 3673 2591 3730 indicare
2624 3673 2709 3730 in-

379 3754 610 3829 cipiam.
696 3755 768 3813 In
824 3775 946 3831 quo
1003 3756 1246 3832 negotio
1303 3757 1354 3814 si
1410 3774 1522 3830 ego
1582 3773 1725 3816 sane
1770 3775 1876 3816 nec
1920 3775 1957 3815 a
2000 3757 2381 3831 stropharum
2426 3756 2715 3816 divisione

377 3857 482 3899 nec
523 3857 562 3897 a
604 3839 1074 3900 correctionibus
1103 3859 1212 3900 nec
1242 3841 1317 3899 ab
1350 3840 1538 3900 obelis
1569 3840 2055 3917 diversarumque
2085 3842 2495 3900 recensionum
2528 3841 2715 3917 signis

378 3921 630 4000 figendis
695 3925 1114 3984 abstinendum
1182 3925 1328 3983 mihi
1393 3925 1637 4001 putavi,
1703 3944 1822 3985 non
1890 3929 2060 3985 tanto
2120 3927 2319 3984 tamen
2375 3926 2713 4004 inter-valle,

378 4010 598 4082 quanto
643 4008 776 4084 quis
821 4009 1014 4070 obiter
1057 4010 1296 4070 intuens
1340 4008 1562 4068 distare
1607 4029 1703 4068 me
1735 4011 2181 4084 existimaverit,
2226 4010 2303 4068 ab
2334 4010 2541 4069 eodem
2574 4009 2714 4070 Ger·

380 4090 581 4168 hai-do,
626 4113 804 4169 quem
849 4095 912 4154 in
957 4095 1302 4171 separandis
1347 4094 1603 4171 singulis
1645 4094 1919 4170 partibus
1964 4095 2085 4154 fere
2115 4094 2589 4156 consentientem
2620 4116 2713 4155 me

377 4175 590 4238 babere
643 4197 826 4254 supra
882 4179 1000 4240 iam
1055 4180 1290 4252 monui,
1350 4180 1689 4239 discessisse
1743 4197 1876 4238 meo
1936 4179 2062 4238 iure
2106 4180 2251 4237 mihi
2294 4180 2516 4242 videor.
2604 4181 2718 4242 Hic

381 4262 538 4320 enim
583 4283 717 4322 cum
761 4264 824 4322 id
867 4265 1104 4324 tantum
1147 4265 1521 4341 propositum
1563 4263 1844 4339 haberet,
1902 4266 1971 4322 ut
2016 4265 2249 4323 retento
2294 4265 2424 4340 ipso
2468 4269 2713 4343 syntag-

381 4349 558 4423 mate,
603 4348 784 4424 quale
827 4350 1226 4425 compositum
1267 4369 1304 4408 a
1331 4349 1701 4408 Pisistrateis
1744 4349 1937 4408 omnis
1968 4349 2245 4425 deinceps
2276 4349 2533 4410 habebat
2561 4355 2711 4411 anti-

379 4431 606 4510 quitas,
662 4433 726 4492 id
781 4434 846 4494 in
899 4434 1188 4494 sectiones
1248 4434 1484 4512 singula
1537 4434 1663 4495 sive
1708 4435 1971 4494 carmina
2014 4435 2141 4494 sive
2184 4435 2517 4513 fragmenta
2560 4455 2715 4496 com-
