3132 5129
1249 387 1709 450 ...357-

311 543 637 603 insolenter
691 562 760 601 ex
815 544 1044 602 Pauwii
1100 546 1440 605 coniectura
1495 545 1789 619 scriptum
1846 548 1936 605 est
1994 539 2111 603 ἐπὶ
2173 542 2494 624 κροτάφοιο
2539 567 2647 623 pro

310 647 409 704 eo,
454 627 611 704 quod
658 629 721 687 in
764 628 933 688 libris
975 630 1240 705 positum
1284 620 1426 685 ἀνά
1474 648 1568 705 κρ.
1618 629 1858 688 defendi
1906 649 2048 689 sane
2091 648 2213 689 non
2257 634 2477 707 potest.
2553 633 2646 691 Ne

310 713 527 773 multa:
577 713 803 789 duplici
844 713 1056 772 lacuna
1099 715 1370 774 laborare
1415 715 1582 774 locus
1626 713 1866 773 videtur
1906 715 2017 774 hoc
2061 714 2273 775 modo:

564 834 646 858 —·-
737 846 804 857 —
901 847 983 857 —
1071 812 1200 873 ελεν
1242 810 1304 873 δ’
1347 808 1693 894 Ὀρυθάονα
1740 810 1871 872 διον
2670 823 2702 871 9

543 891 838 975 Έκτορος
881 893 1109 959 ἐσθλὸν
1153 896 1389 977 ἑταῖρον
1474 919 1511 960 *
1595 921 1630 960 *
1714 919 1749 961 *

559 1005 594 1045 ιιι
677 1006 712 1044 *
797 1006 831 1045 ηε
919 980 1200 1061 ἑτέροιο
1248 980 1372 1043 διὰ
1416 976 1829 1081 κροτάφοιο
1873 978 2162 1062 τυχήσας·

560 1057 633 1128 οὗ
673 1062 784 1148 γάρ
829 1067 897 1127 οἶ
932 1066 1112 1144 κόρυς
1155 1066 1281 1148 ἔσχε
1323 1065 1558 1148 μακρὸν
1605 1061 1749 1147 δόρυ
1793 1065 1893 1127 καὶ
1939 1080 2241 1146 μεμαῶτος

563 1149 939 1235 [ἀλγεινοῦ
983 1152 1352 1216 θανάτοιο
1396 1151 1606 1227 τέλος
1651 1150 1775 1212 καὶ
1821 1154 2075 1229 Κῆρας
2116 1147 2427 1235 ἀλύξαι]

308 1277 455 1335 Post
499 1275 744 1335 verbum
790 1270 1021 1353 ἑταῖρον
1079 1275 1361 1335 credibile
1416 1279 1510 1335 est
1553 1276 1889 1374 expositum
1933 1275 2117 1334 fuisse
2162 1275 2234 1333 de
2281 1274 2641 1352 Orythaonis

307 1380 554 1439 genere;
611 1362 919 1437 praeterea
972 1360 1047 1420 ad
1092 1360 1443 1420 firmandam
1487 1361 1825 1463 opinionem
1869 1359 2066 1418 locum
2116 1359 2494 1455 Homericum
2542 1362 2640 1420 ad-

307 1446 504 1507 scribo
553 1448 608 1501 Δ
639 1445 754 1505 501
782 1466 870 1522 sq.

559 1539 661 1604 τόν
705 1534 761 1622 ῤ
806 1540 1090 1616 Ὀδυσεὺς
1135 1540 1363 1626 ἑτάροιο
1409 1542 1815 1623 χολωσάμενος
1857 1536 2001 1625 βάλε
2047 1542 2219 1622 δουρὶ

557 1629 817 1734 κόρσην·
863 1621 904 1705 η’
951 1626 1008 1689 δ’
1059 1626 1275 1711 ἑτέροιο
1321 1627 1418 1688 διὰ
1465 1626 1785 1708 κροτάφοιο
1829 1627 2087 1707 πέρησεν

556 1711 735 1794 αἰχμὴ
783 1714 1042 1793 χαλκείη.

305 1836 401 1897 Ad
448 1840 712 1896 extrema
740 1838 921 1897 verba
965 1838 1294 1913 comparari
1337 1838 1559 1913 poterit
1603 1858 1634 1895 τ
1664 1838 1781 1896 231
1834 1836 1905 1895 de
1958 1837 2275 1897 hinnuleo:
2323 1831 2636 1913 ἐκφυγέειν

299 1914 537 1999 μεμαώς
592 1926 653 1982 et
709 1922 963 1994 Quintus
1016 1922 1175 2014 ipse
1189 1922 1306 1993 VI,
1367 1924 1488 1982 384
1512 1941 1602 1998 sq.
1661 1913 1814 1979 ἀλλά
1866 1915 1926 1978 σ’
1992 1918 2173 1999 ἔγωγε
2212 1918 2222 2001 Ι
2263 1918 2638 1999 νοσφισάμην

297 2001 528 2087 βιότοιο
572 2003 949 2083 λιλαιόμενόν
992 2027 1101 2084 περ
1144 1967 1375 2079 ἀλύξαι.

471 2093 705 2152 Ibidem
750 2112 806 2153 v.
854 2093 1057 2151 399—
1066 2093 1186 2152 401
1234 2093 1388 2152 male
1431 2093 1669 2152 iunctos
1713 2111 1843 2153 esse
1888 2093 2087 2168 patet·

552 2212 709 2281 τοῖος
751 2198 850 2289 αρ’
900 2206 1188 2287 Αἰακίδης
1235 2207 1419 2288 δηίων
1464 2206 1834 2268 ἕπικάππεσε
1875 2210 2019 2314 γαίῃ

553 2289 747 2373 χάρμα
791 2290 991 2370 φέρων
1040 2290 1298 2371 Τρωεσσι
1340 2289 1485 2372 γόον
1531 2290 1588 2351 δ’
1636 2282 1913 2353 ἀλίαστον
1951 2290 2209 2374 Ἀχαιοῖς

552 2379 712 2439 λαῶν
755 2376 1135 2458 μυρομένων·
1182 2376 1316 2458 περὶ
1363 2375 1418 2437 δ’
1469 2377 1677 2459 ἔβρεμε
1720 2377 1949 2459 βένθεα
1985 2376 2226 2440 πόντου.

298 2502 617 2560 Extremus
647 2519 853 2560 versus
886 2498 1184 2577 quomodo
1217 2498 1706 2560 antecedentibus
1735 2500 1969 2559 adnecti
1998 2501 2262 2577 potuerit
2289 2519 2409 2560 non
2439 2499 2632 2560 video,

299 2587 567 2646 Primum
622 2587 779 2645 enim
835 2606 906 2645 ex
950 2603 1115 2644 more
1161 2585 1331 2644 finita
1374 2587 1809 2661 comparatione
1856 2586 2191 2646 390—398
2236 2587 2409 2662 plene
2454 2587 2630 2645 inter·

296 2672 687 2750 pungendum
729 2671 848 2730 fuit
889 2675 1031 2746 post
1069 2664 1357 2747 Ἀχαιοῖς;
1414 2675 1541 2730 tum
1598 2671 1692 2730 hic
1733 2672 1862 2746 ipse
1907 2670 2148 2740 dativus
2192 2690 2315 2731 non
2357 2672 2634 2748 congruit

299 2756 688 2833 sequentibus
719 2756 1014 2832 genetivis
1045 2757 1208 2813 λαῶν
1238 2751 1617 2831 μυρομένων;
1660 2775 1837 2832 porro
1868 2760 2105 2832 praeter
2139 2757 2655 2817 consuetudinem-

295 2843 387 2902 his
431 2842 600 2919 quasi
645 2842 708 2900 in
752 2845 1100 2901 transcursu
1143 2841 1541 2900 adnectuntur
1584 2837 1716 2918 περὶ
1766 2874 1837 2883 -
1885 2837 2137 2907 πόντου;
2183 2841 2437 2918 denique
2467 2861 2503 2900 a
2532 2841 2631 2899 dc·

296 2927 621 3002 scriptione
675 2927 894 2986 mortui
952 2924 1205 2985 Achillis
1259 2944 1379 2985 non
1434 2930 1526 2987 est
1580 2929 1754 3002 aptus
1811 2927 2098 2986 transitus
2153 2926 2227 2986 ad
2273 2925 2631 2986 Graecorum

299 3013 529 3073 luctum
571 3010 901 3071 accuratius
958 3009 1401 3087 exponendum,
1464 3012 1566 3087 qui
1621 3011 1971 3071 brevissime
2016 3015 2250 3071 tantum
2296 3031 2352 3073 v.
2387 3013 2509 3071 388
2534 3031 2627 3087 sq.

295 3099 659 3157 memoratus
713 3096 845 3155 fuit.
935 3093 1106 3164 Quod
1163 3114 1521 3172 quamquam
1574 3096 1851 3172 pluribus
1893 3098 2149 3156 fortasse
2195 3096 2466 3156 versibus
2511 3097 2628 3156 fac·

299 3185 429 3241 tum
473 3185 632 3258 erat,
680 3179 1015 3240 sufficiebat
1058 3184 1259 3239 tamen
1302 3200 1487 3240 unum
1530 3181 1846 3240 interioere
1889 3181 2065 3241 huius
2110 3181 2472 3241 sententiae:

551 3288 778 3378 (ἀμφὶ
811 3285 865 3355 δ
900 3292 1013 3373 αρ’
1046 3292 1261 3379 ᾐόνες
1289 3286 1468 3357 αἰνα
1499 3297 1858 3376 περίαχον
1881 3286 2470 3396 Ελλησπόντου)

551 3384 712 3443 λαων
752 3381 1130 3460 μυρομένων,
1177 3377 1312 3457 περὶ
1359 3377 1416 3438 δ’
1465 3379 1672 3462 ἔβρεμε
1714 3380 1938 3461 βένθεα
1981 3376 2219 3443 πόντου.

297 3504 532 3565 Similia
574 3503 792 3580 ubique
838 3503 1093 3562 inveniri
1136 3503 1433 3561 neminem
1477 3503 1631 3562 latet
1674 3503 1737 3562 in
1770 3502 1964 3598 epicis
1996 3504 2320 3566 versatum.
2390 3503 2508 3563 Sed
2551 3524 2627 3564 ne

296 3591 430 3667 quis
471 3610 529 3649 v.
562 3590 685 3649 402
729 3577 927 3665 θυμὸς
974 3574 1026 3643 δ’
1076 3575 1291 3645 αυτίκα
1335 3586 1484 3644 πᾶσι
1529 3579 1909 3662 κατεκλάσθη
1953 3584 2125 3662 φίλος
2169 3585 2343 3647 ἔνδον
2373 3592 2485 3649 eto.
2518 3590 2627 3649 ini-

293 3677 446 3735 tium
490 3675 618 3733 fieri
661 3675 834 3749 putet
876 3673 1073 3733 luctus
1117 3673 1503 3750 depingendi‚
1549 3676 1620 3732 ut
1662 3672 1893 3732 lubrica
1937 3673 2091 3749 apud
2125 3671 2414 3743 Quintum
2443 3674 2627 3734 medi-

295 3762 426 3820 cina
467 3780 523 3819 v.
556 3760 677 3819 401
725 3761 832 3817 aut
873 3758 1325 3835 expungendum
1373 3761 1478 3816 aut
1518 3761 1662 3835 post
1691 3778 1743 3817 v.
1766 3759 1887 3817 417
1934 3759 2444 3856 transponendum
2473 3759 2627 3818 arbi

294 3848 513 3921 iretur,
561 3846 810 3920 apparet
854 3842 1111 3903 Graecos
1155 3844 1414 3918 primum
1460 3843 1698 3919 quidem
1742 3847 2008 3920 ereptum
2064 3844 2289 3902 socium
2344 3845 2626 3921 plangere

293 3935 421 3989 tum
465 3948 605 3990 vero
648 3927 820 4003 σφῶν
862 3916 1064 3985 αυτῶν
1108 3919 1278 4002 κήδε’
1325 3922 1600 4000 ἕκαστον,
1659 3929 1801 3986 dum
1858 3928 2050 3988 occiso
2106 3928 2335 3987 Achille
2390 3929 2509 3988 iam
2553 3928 2626 3987 de

297 4014 627 4075 revisendis
673 4012 1022 4114 parentibus
1065 4012 1271 4072 liberis
1316 4015 1493 4088 atque
1538 4012 1822 4072 uxoribus
1868 4012 2200 4088 desperant.
2276 4013 2433 4073 Hinc
2476 4014 2624 4072 illud

292 4121 349 4160 v.
384 4100 507 4160 408
552 4099 835 4173 μαλλον
876 4089 1357 4174 ἀνεστενάχοντο.

462 4183 690 4244 Eodem
732 4183 889 4244 libro
932 4203 988 4247 v.
1020 4184 1147 4243 450
1166 4202 1299 4259 sqq.
1343 4182 1608 4242 Phoenix
1650 4182 1794 4241 haec
1839 4182 2249 4256 conqueritur.
2662 4194 2725 4242 10

547 4307 594 4344 ω
637 4274 853 4362 πόποι,
897 4278 978 4356 ὥς
1018 4305 1139 4361 αρα
1183 4278 1380 4385 πάγχυ
1423 4279 1615 4365 γέρων
1660 4278 1726 4342 ἕν
1769 4273 1995 4358 δώμασι
2041 4273 2276 4359 Πηλευς

545 4364 811 4472 ὀχθήσει
833 4367 981 4448 μέγα
1025 4366 1255 4442 πένθος
1279 4364 1535 4473 ατερπέι
1581 4362 1770 4446 γήραϊ
1809 4363 2062 4443 κόρσας·

546 4448 698 4541 αὐτῇ
743 4471 856 4514 συν
899 4450 1069 4538 φήμῃ
1111 4476 1218 4532 μιν
1259 4447 1609 4532 ἀπορραίσει
1652 4451 2022 4533 μεγάθυμοι.
