3132 5129
365 1595 396 1640 3

1458 1236 1754 1324 XXIV.

484 1408 1040 1483 Emendationum
1077 1412 1150 1481 in
1187 1410 1534 1501 Euripidis
1572 1409 1994 1501 Iphigeniam
2028 1410 2378 1482 Tauricam
2415 1431 2572 1502 pars
2611 1403 2736 1509 1¹).

606 1582 1168 1642 Homerioarum
1224 1583 1856 1643 dissertationum
1912 1584 2123 1644 seriem
2178 1585 2397 1643 iterum
2455 1586 2525 1643 ut
2586 1584 2775 1643 inter-

439 1685 803 1743 rumperem,
860 1668 1011 1726 duae
1065 1686 1290 1743 causae·
1331 1668 1577 1727 fuerunt
1634 1688 1995 1745 quamquam
2050 1672 2268 1728 natura
2311 1670 2578 1745 dispares
2623 1670 2770 1727 mihi

439 1754 595 1810 certe
639 1752 1043 1827 gravissimae.
1110 1753 1351 1811 Etenim
1397 1756 1535 1812 ante
1578 1753 1687 1812 hos
1731 1756 1853 1813 tres
1897 1772 2130 1813 menses
2176 1754 2449 1813 absoluta
2494 1754 2775 1813 Iliadis

438 1855 710 1910 parvae
756 1834 1018 1895 editione
1063 1856 1195 1896 cum
1241 1839 1357 1896 iam
1402 1856 1552 1913 opus
1598 1838 1672 1897 de
1702 1839 1954 1915 singulis
1984 1840 2110 1899 eius
2143 1839 2505 1898 carminibus
2535 1856 2770 1913 suscep-

438 1928 567 1979 tum
611 1921 687 1979 ad
733 1920 910 1979 finem
955 1921 1244 1982 deducere
1290 1941 1595 1998 pararem,
1654 1942 1833 1999 quam
1876 1942 2014 1984 vere
2058 1924 2208 1983 illud
2253 1924 2326 1982 ab
2371 1924 2609 1983 homine
2653 1923 2773 1981 La·

437 2004 567 2063 tino
621 2006 819 2066 nescio
875 2025 994 2081 quo
1039 2007 1266 2067 dictum
1311 2009 1415 2082 sit,
1473 2008 1634 2083 quod
1678 2010 1796 2067 iam
1840 2028 2025 2083 puero
2071 2008 2214 2066 mihi
2259 2009 2476 2083 arrisit,
2526 2009 2773 2068 varia-

438 2091 723 2150 tionem
767 2091 1179 2168 delectare,
1210 2111 1332 2152 non
1364 2094 1489 2152 sine
1520 2094 1891 2169 aegritudine
1924 2096 2201 2169 expertus
2232 2112 2383 2152 sum.
2443 2093 2581 2168 Ipsa
2611 2094 2773 2151 enim

438 2176 701 2234 carmina
743 2179 1062 2253 postquam
1108 2178 1503 2254 qualicunque
1549 2197 1824 2238 successu
1854 2178 2137 2237 diuturna
2166 2182 2326 2238 certe
2356 2178 2774 2254 indefessaque

438 2259 750 2336 diligentia
792 2261 1058 2338 restitui,
1120 2266 1355 2322 tantum
1401 2283 1495 2321 me
1539 2263 1739 2322 subito
1783 2263 2068 2322 exantlati
2112 2263 2334 2323 laboris
2378 2281 2511 2322 cum
2554 2264 2773 2339 gaudio

439 2345 699 2404 taedium
756 2346 1004 2424 invasit,
1065 2350 1134 2406 ut
1189 2350 1334 2423 iam,
1391 2367 1537 2423 quas
1583 2349 1646 2407 in
1689 2348 2076 2407 restituendis
2120 2348 2242 2408 illis
2286 2351 2525 2408 secutus
2584 2367 2771 2407 essem

438 2431 717 2508 rationes,
765 2432 973 2491 eodem
1017 2432 1331 2492 confestim
1377 2435 1647 2508 tempore
1697 2451 1934 2507 unoque
1964 2436 2169 2492 tenore
2207 2433 2483 2509 persequi
2512 2451 2622 2492 nec
2651 2432 2771 2492 vel-

436 2515 555 2574 lem
596 2534 705 2576 neo
748 2535 1003 2594 possem.
1075 2518 1501 2579 Libentissime
1545 2518 1732 2596 igitur
1774 2518 1986 2596 aliam,
2033 2537 2183 2594 quae
2228 2518 2601 2594 imminebat,
2649 2537 2771 2576 am-

435 2601 644 2676 plexus
689 2621 822 2661 sum
866 2603 1302 2663 necessitatem.
1361 2603 1519 2662 Nam
1564 2622 1700 2662 cum
1744 2622 1961 2662 nomen
2006 2603 2358 2663 solvendum
2389 2606 2562 2678 esset,
2610 2603 2770 2678 quod

436 2686 557 2743 iam
600 2685 703 2744 diu
746 2686 1165 2747 honestissimo
1210 2688 1572 2763 bibliopolae
1619 2688 1932 2763 dedissem,
1978 2690 2281 2765 pertinens
2311 2688 2461 2746 illud
2490 2689 2566 2746 ad
2597 2689 2770 2746 Euri-

436 2770 744 2845 pidearum
801 2772 1189 2846 quarumdam
1246 2773 1684 2849 tragoediarum
1740 2774 2064 2832 editionem
2110 2773 2442 2833 scholarum
2486 2774 2550 2832 in
2594 2792 2770 2833 usum

439 2854 872 2931 adornandam,
930 2876 1001 2916 ex
1045 2857 1119 2916 iis
1163 2857 1454 2933 imprimis
1500 2858 1895 2917 Tauricam
1941 2857 2407 2935 Iphigeniam
2451 2861 2574 2917 tam
2618 2858 2772 2916 male

436 2939 701 2998 habitam
755 2941 1140 3017 graviterque
1202 2945 1540 3018 corruptam
1597 2942 1970 3019 inveneram,
2027 2946 2099 3001 ut
2150 2943 2307 3001 haud
2363 2944 2563 3020 paucis
2623 2943 2769 3002 locis

436 3024 612 3082 aliter
656 3027 832 3099 atque
880 3026 1070 3085 adhuc
1113 3026 1341 3086 factum
1371 3031 1529 3086 esset
1558 3029 1942 3087 statuendum
1973 3028 2119 3086 mihi
2150 3028 2473 3087 videretur.
2545 3027 2769 3085 Harum

437 3100 624 3184 igitur
666 3112 1096 3171 sententiarum
1140 3116 1491 3188 argumenta
1535 3114 1867 3172 accuratius
1911 3131 2205 3188 exponere
2235 3114 2305 3170 ut
2333 3112 2408 3171 ab
2440 3112 2768 3171 editionum

437 3193 674 3252 illarum
717 3196 966 3256 consilio
1011 3197 1273 3255 alienum
1318 3197 1405 3255 ita
1447 3198 1540 3257 his
1572 3198 1944 3257 Academicis
1972 3197 2195 3257 libellis
2224 3197 2477 3256 maxime
2508 3215 2768 3256 accomo-

439 3277 646 3338 datum
690 3299 818 3340 esse
862 3299 995 3340 cum
1039 3300 1212 3341 nemo
1258 3281 1498 3342 futurus
1542 3283 1623 3341 sit
1664 3283 1809 3359 quin
1840 3282 2141 3359 concedat,
2186 3282 2423 3342 veniam
2456 3300 2550 3340 me
2581 3282 2765 3356 impe-

437 3365 736 3424 traturum
792 3365 1053 3443 confido,
1122 3367 1172 3426 si
1238 3368 1512 3443 sepositis
1569 3367 1873 3444 paulisper
1927 3366 2129 3426 Iliad
2154 3368 2217 3425 is
2275 3367 2767 3441 carminibus,

437 3469 586 3524 quae
631 3451 750 3509 iam
793 3449 921 3526 ipsa
964 3471 1072 3527 per
1115 3470 1177 3511 se
1224 3470 1363 3511 suos
1409 3451 1524 3510 sibi
1571 3453 1956 3512 conciliatura
1999 3471 2127 3512 esse
2157 3471 2331 3528 spero
2362 3452 2644 3527 fautoreS,
2691 3450 2765 3509 ad

437 3534 703 3594 fabulam
745 3535 912 3594 illam
949 3536 1336 3613 Euripideum
1382 3535 1691 3595 Goethii
1733 3537 2130 3598 aemulatione
2173 3537 2346 3597 nobis
2392 3535 2763 3596 commenda-

437 3620 732 3679 tissimam
776 3621 1134 3681 secesserim.

607 3704 721 3764 Sed
768 3724 896 3765 eam
941 3705 1202 3765 fabulam
1247 3706 1355 3766 hac
1383 3725 1504 3766 non
1534 3706 1733 3765 minus
1763 3707 2005 3767 fortuna
2035 3727 2214 3785 quam
2245 3726 2353 3766 sua
2382 3708 2571 3782 ipsius
2601 3726 2766 3783 prae-

438 3791 662 3849 stantia
703 3790 1000 3868 insignem
1045 3809 1161 3868 quo
1206 3792 1396 3868 magis
1440 3792 1822 3869 admiramur,
1868 3812 1936 3852 eo
1982 3794 2308 3869 impensius
2338 3792 2610 3851 dolemus
2639 3810 2768 3868 per-

439 3875 630 3933 tinere
673 3875 918 3935 eandem
962 3876 1037 3934 ad
1068 3875 1316 3935 alteram
1347 3876 1681 3938 dramatum
1711 3876 2175 3954 Euripideorum
2205 3877 2472 3952 classem,
2519 3895 2769 3951 quorum

437 3959 619 4019 verba
662 3979 733 4019 ex
775 3960 1147 4036 paucissimis
1192 3963 1436 4030 tantum,
1472 3962 1668 4037 iisque
1716 3963 1992 4038 pessimis
2037 3963 2336 4023 codicibus
2382 3962 2456 4021 ad
2500 3965 2768 4020 nostram

438 4047 694 4104 aetatem
740 4050 1064 4123 propagata
1111 4049 1268 4109 sunt.
1335 4046 1425 4105 De
1468 4066 1537 4107 ea
1582 4047 1929 4107 condicione
1972 4052 2042 4107 ut
2085 4048 2260 4106 hodie
2303 4049 2463 4106 recte
2509 4045 2770 4104 iudicare

438 4130 766 4206 possimuS,
812 4135 1086 4190 accurata
1129 4132 1355 4191 factum
1387 4150 1517 4191 esse
1546 4132 1873 4208 Adolphi
1905 4132 2368 4192 Kirchhoffii
2400 4151 2582 4207 opera
2609 4132 2769 4190 inter

440 4233 642 4274 omnes
700 4219 958 4292 constat,
1016 4217 1184 4277 cuius
1236 4217 1557 4277 utilissima
1613 4217 1826 4294 editio,
1873 4236 2009 4277 oum
2053 4218 2275 4277 multas
2320 4215 2768 4294 imaginationis

614 4379 906 4502 lkandex
943 4380 1097 4434 lectt.
1133 4381 1190 4433 in
1227 4380 1335 4433 litt.
1375 4383 1522 4435 univ.
1562 4381 1747 4436 Turio.
1787 4380 1919 4435 inde
1962 4398 1998 4436 a
2030 4383 2082 4436 d.
2119 4382 2266 4437 XVI.
2303 4399 2376 4442 m,
2414 4384 2549 4451 Apr.
2590 4400 2767 4451 usque

438 4447 511 4502 ad
547 4447 600 4501 d.
742 4447 836 4507 111,
875 4466 944 4501 m.
982 4451 1124 4515 Aug.
1164 4447 1504 4502 MDCCCLX
1542 4448 1972 4518 habendarum]
