3132 5129
1189 372 1776 470 ‘-279-

373 550 585 592 versus
627 532 750 589 427
797 532 1001 605 aperte
1045 530 1293 604 clamat,
1352 547 1528 605 quem
1573 531 1914 606 ponendum
1958 549 2087 591 esse
2130 533 2269 606 post
2313 532 2437 589 422
2483 533 2711 607 primus

375 617 529 677 vidit
586 616 1140 676 Schoemannus
1206 615 1269 673 in
1325 615 1741 676 dissertatione
1807 616 1881 675 de
1936 616 2158 676 Hecate
2211 616 2511 675 Hesiodea
2564 637 2627 692 p.
2673 619 2709 678 6

377 702 644 778 (opuscc.
690 701 751 759 II
795 721 853 776 p.
891 694 1067 780 219).
1145 700 1741 776 Transpositionibus
1783 701 1973 777 igitur
2016 701 2193 760 simul
2238 704 2298 760 et
2341 702 2710 763 athetesibue

371 806 516 847 usus
561 787 610 844 si
655 787 771 844 iam
818 805 1004 845 unum
1046 788 1326 861 perpetui
1370 786 1596 845 tenoris
1628 804 1865 844 carmen
1892 788 2210 846 restituero
2255 787 2371 861 ita,
2419 790 2489 844 ut
2533 787 2711 847 simul

372 892 525 947 quae
569 871 838 948 singulae
884 874 1195 946 praeterea
1249 871 1457 932 insunt
1510 871 1899 932 difficultates
1942 873 2389 947 removeantur,
2446 872 2710 931 omnium

373 957 490 1015 iam
537 959 762 1031 puncta
806 974 901 1014 me
943 955 1208 1014 laturum
1253 975 1448 1031 spero,
1523 955 1649 1015 Has
1694 956 1881 1032 igitur
1925 955 2309 1017 difficultates
2356 976 2536 1032 quam
2579 958 2706 1016 bre·

373 1042 617 1102 vissime
661 1059 966 1100 recensere
1010 1040 1242 1115 placet:

544 1126 615 1182 V.
660 1127 821 1200 414,
867 1126 970 1185 ubi
1014 1128 1293 1185 constans
1335 1126 1626 1185 librorum
1657 1127 1832 1187 lectio
1862 1118 1978 1184 ἀπ’
2031 1118 2313 1203 Οὐρανοῦ
2341 1129 2451 1203 est,
2498 1147 2705 1203 quam·

374 1230 554 1308 quam
598 1210 1101 1286 praepositionem
1144 1213 1250 1270 aut
1292 1212 1356 1271 in
1413 1204 1520 1269 ἐπ’
1570 1213 1674 1270 aut
1731 1212 1793 1269 in
1847 1205 1963 1270 ὑπ’
2022 1213 2242 1270 mutari
2299 1212 2612 1286 volebant,
2674 1232 2710 1270 a

372 1297 608 1355 nemine
652 1299 850 1355 tamen
895 1296 1233 1356 intellectus
1276 1299 1368 1356 est
1409 1315 1519 1356 nec
1558 1296 1799 1356 omnino
1832 1297 1933 1356 ubi
1964 1315 2121 1355 nunc
2165 1296 2389 1373 legitur
2432 1296 2706 1373 intellegi

373 1385 590 1455 potest.
665 1380 739 1439 V.
784 1382 910 1440 416
954 1377 1055 1438 καὶ
1096 1372 1213 1457 γαρ
1256 1381 1376 1440 νῦν
1402 1384 1517 1445 etc.
1562 1400 1698 1441 cum
1744 1382 2153 1480 superioribus·
2199 1401 2306 1457 per
2348 1382 2705 1457 particulam
2740 1390 2803 1438 31

373 1467 669 1525 causalem
713 1466 993 1541 coniungi
1044 1485 1165 1526 non
1221 1485 1395 1541 posse
1448 1469 1635 1542 patet.
1710 1468 1801 1526 De
1852 1487 1908 1528 v.
1954 1468 2077 1526 427
2113 1468 2253 1525 iam
2309 1468 2537 1526 dictum
2594 1469 2705 1526 est.

372 1550 696 1626 Sequentis
740 1570 946 1611 versus
990 1551 1401 1626 turpissimum
1431 1552 1641 1610 vitium
1675 1546 1800 1610 ἐπεὶ
1833 1548 1986 1621 Ζεὺς
2031 1548 2265 1610 τίεται
2308 1545 2506 1627 αὐτήν
2534 1571 2706 1611 nemo

371 1637 711 1695 criticorum
758 1635 1210 1696 animadvertit!
1281 1636 1369 1695 De
1413 1635 1731 1712 iungendis
1776 1638 1904 1697 430
1957 1640 2021 1697 et
2076 1638 2201 1696 434
2259 1638 2524 1713 adeoque
2581 1637 2707 1696 434

369 1721 444 1779 ad
492 1720 822 1779 cavendum
866 1720 939 1779 de
981 1720 1249 1780 subiecto
1294 1740 1555 1781 errorem
1590 1722 2026 1797 praemittendo
2057 1723 2236 1781 etiam
2266 1720 2707 1782 Schoemannus

365 1805 410 1863 l.
467 1823 519 1864 c.
579 1803 665 1881 [p.
728 1807 763 1864 7
818 1799 1029 1884 (221)]
1087 1807 1399 1882 cogitavit.
1482 1806 1637 1865 Tum
1702 1807 1767 1865 in
1820 1807 2277 1882 repetitionibus
2332 1807 2710 1867 offenderunt

369 1885 525 1948 ἔνθα
569 1885 687 1948 θεά
733 1888 1161 1968 παραγίγνεται
1205 1892 1329 1949 432
1379 1893 1444 1950 et
1485 1891 1610 1949 436
1667 1892 2060 1968 similiterque
2115 1890 2544 1970 παραγίγνεται
2599 1885 2698 1967 ἠδ’

368 1967 606 2051 ὀνίνησι
651 1976 775 2034 429
822 1978 884 2034 et
927 1977 1085 2051 436,
1137 1995 1390 2050 quorum
1435 1976 1715 2035 ultimum
1759 1978 1883 2035 436
1930 1981 2094 2052 patet
2136 1997 2205 2037 ex
2250 1978 2543 2037 ambobus
2571 1976 2706 2036 aliis

367 2060 706 2119 confectum
749 2079 905 2135 esse,
952 2081 1031 2119 ον
1075 2052 1186 2143 (ῳ)
1232 2054 1291 2118 κ’
1338 2056 1625 2140 ἐθέλῃσιν
1652 2062 1780 2122 430
1809 2063 1873 2120 et
1899 2063 2043 2138 432,
2091 2053 2385 2120 ἐθέλουσα
2428 2083 2492 2139 γε
2522 2060 2707 2142 θυμῷ

366 2170 451 2193 =
495 2148 678 2245 θυμῷ
720 2138 783 2221 γ’
845 2124 1133 2204 ἐθέλουσα
1179 2147 1304 2204 443
1349 2151 1412 2206 et
1454 2147 1610 2221 446,
1668 2144 2033 2224 μουνογενής
2082 2148 2205 2206 426
2252 2152 2315 2207 et
2358 2148 2514 2223 448,
2568 2166 2702 2205 κου·

368 2226 658 2308 ροτρόφος
703 2231 964 2307 denique
1009 2231 1154 2307 452,
1199 2231 1358 2306 quod
1403 2230 1583 2290 modo
1628 2231 1821 2311 adfuit
1863 2232 1991 2292 450
2019 2253 2108 2308 sq.

623 2346 782 2423 θῆκε
827 2344 895 2406 δέ
945 2369 1050 2423 μιν
1091 2346 1393 2429 Κρονίδης
1436 2343 1980 2427 κουροτρόφον,οἳ
2020 2344 2146 2425 μετ’
2195 2345 2432 2426 ἐκείνην

621 2427 1037 2511 οφθαλμοῖσιν
1082 2432 1285 2494 ἴδοντο
1327 2454 1481 2509 φαος
1524 2430 1919 2514 πολυδερκέος
1959 2430 2171 2510 Ἠοῦς,

369 2552 588 2629 quibus
636 2554 697 2613 in
740 2554 1014 2615 versibus
1059 2557 1219 2615 recte
1249 2558 1613 2615 notaverunt
1657 2557 1719 2615 et
1760 2555 2080 2615 relativum
2121 2554 2459 2616 membrum
2504 2559 2708 2616 contra

369 2640 673 2714 epicorum
718 2641 1206 2700 consuetudinem
1261 2642 1486 2716 primae
1541 2641 1705 2701 vocis
1749 2638 2147 2719 κουροτρόφος
2191 2642 2350 2718 parti
2395 2644 2703 2701 conecten-

370 2724 514 2782 dum
558 2727 621 2783 et
661 2725 813 2783 illud
856 2717 986 2801 μετ’
1035 2721 1302 2802 ἐκείνην,
1347 2727 1504 2801 quod
1552 2728 1716 2785 omni
1762 2745 1942 2786 sensu
1985 2746 2185 2786 casum
2231 2726 2656 2786 normannus
2641 2747 2702 2787 m

365 2803 508 2866 σὺν
553 2804 751 2890 ἐκείνῃ
798 2811 1105 2886 mutabat,
1168 2811 1611 2870 Schoemannus
1658 2806 1747 2888 [p.
1799 2813 1875 2869 12
1923 2806 2134 2891 (227)]
2184 2813 2246 2870 in
2290 2806 2700 2888 μετέπειτα,

364 2896 620 2969 utroque
664 2895 876 2954 melius
919 2897 1112 2971 possit
1155 2914 1262 2971 per
1305 2915 1368 2955 se
1411 2897 1475 2955 in
1520 2889 1616 2953 δι’
1665 2891 1901 2971 ἐκείνην
1945 2898 2185 2959 mutari.
2258 2896 2406 2957 Cum
2449 2898 2541 2957 his
2573 2917 2699 2956 om-

366 2979 547 3039 nibus
591 2980 710 3037 iam
755 2998 1029 3056 compara
1082 2980 1403 3058 hymnum,
1468 2981 1633 3040 cuius
1678 3000 1819 3041 sane
1874 2982 2112 3041 initium
2170 2983 2378 3057 periit,
2435 3003 2472 3041 a
2528 2983 2702 3042 nobis

366 3065 753 3124 restitutum:

534 3167 582 3225 Ι.
703 3159 840 3225 ουδ’
889 3156 983 3225 ότι
1025 3160 1426 3247 μουνογενής,
1472 3157 1664 3247 ἧσσον
1706 3157 1824 3226 θεα
1867 3163 2078 3244 ἔμμορε
2123 3174 2329 3244 τιμῆς,
2600 3176 2702 3225 426

493 3282 508 3295 ·
616 3244 747 3308 ἀλλ’
795 3247 880 3308 ἔτι
920 3250 1022 3312 και
1064 3254 1217 3311 πολὺ
1260 3256 1518 3329 μᾶλλον,
1566 3249 1692 3312 ἐπεὶ
1734 3248 1858 3310 και
1901 3248 2056 3322 Ζεὺς
2102 3251 2256 3310 τίεν
2299 3248 2512 3330 αὐτήν,
2599 3261 2701 3310 428

615 3326 655 3411 ἢ
699 3330 765 3394 δὲ
809 3356 911 3394 και
959 3330 1334 3416 ἀστερόεντος
1376 3331 1483 3396 ἀπ’
1535 3329 1819 3441 Ουρανοῦ
1864 3333 2073 3414 ἔμμορε
2118 3336 2316 3414 τιμῆς·
2599 3345 2702 3394 414

507 3420 588 3478 11.
704 3417 873 3480 ὅσσοι
913 3420 1028 3499 γὰρ
1074 3421 1260 3500 Γαίης
1305 3443 1364 3481 τε
1408 3420 1509 3482 καὶ
1555 3415 1837 3500 Οὐρανοῦ
1882 3417 2219 3500 ἐξεγένοντο
2600 3431 2697 3480 421

617 3500 719 3563 καὶ
766 3505 942 3609 τιμὴν
984 3505 1224 3585 ἔλαχον,
1270 3503 1497 3568 τούτων
1541 3504 1704 3584 ἔχεν
1746 3498 1929 3565 αἶσαν
1969 3501 2262 3566 ἆπαντων

615 3587 717 3649 καὶ
759 3585 931 3694 γέρας
975 3589 1042 3651 ἕν
1084 3591 1226 3674 γαίῃ
1272 3614 1330 3652 τε
1373 3588 1474 3652 καὶ
1520 3586 1756 3674 οὐρανῷ
1799 3586 1907 3668 ἠδὲ
1935 3588 2264 3694 θαλάσσῃ·
2600 3601 2697 3649 427

474 3675 586 3734 ΙΙΙ.
708 3672 848 3734 ουδέ
892 3676 952 3736 τί
987 3699 1093 3754 μιν
1136 3676 1438 3755 Κρονίδης
1484 3675 1765 3758 ἐβιήσατο
1807 3669 1949 3735 οὐδέ
1991 3671 2045 3735 τ’
2092 3669 2356 3755 ἀπηύρα,
2598 3686 2698 3734 423

615 3751 745 3818 οσσ’
793 3757 999 3839 ἔλαχεν
1049 3765 1254 3841 Τιτῆσι
1296 3762 1441 3837 μετὰ
1483 3758 1815 3864 προτέροισι
1858 3765 2126 3838 θεοῖσιν,

614 3837 747 3904 ἀλλ’
794 3841 942 3922 ἔχει,
988 3843 1071 3919 ὥς
1116 3844 1181 3906 τὸ
1178 3855 1463 3944 πρῶτον
1504 3842 1614 3906 ἀπ’
1662 3840 1851 3924 ἀρχῆς
1896 3843 2099 3907 ἔπλετο
2142 3845 2390 3924 δασμός.

474 3930 581 3991 IV.
697 3952 798 3989 και
839 3931 952 4009 γὰρ
998 3940 1136 4009 νῦν,
1180 3953 1274 3992 οτε
1315 3953 1435 3992 που
1481 3954 1568 4004 τις
1613 3927 1978 4008 ἐπιχθονίων
2019 3926 2373 4010 ἀνθρώπων
2596 3939 2698 3989 416

617 4011 808 4093 ἔρδων
850 4014 978 4096 ἵερᾶ
1022 4014 1173 4077 καλὰ
1217 4014 1367 4076 κατὰ
1413 4012 1599 4096 νόμον
1641 4015 1986 4093 ιλᾶσκηται,

615 4094 926 4176 κικλήσκει
960 4097 1250 4181 Εκοὶτην,
1304 4100 1490 4180 πολλὴ
1535 4099 1615 4161 δ’
1587 4123 1613 4161 ε
1658 4100 1722 4160 οἱ
1760 4097 1966 4161 εσπετο
2011 4096 2176 4179 τιμή

514 4187 586 4243 V.
703 4190 862 4263 θῆκε
907 4184 973 4247 δέ
1013 4209 1119 4265 μιν
1164 4187 1460 4266 Κρονίδης
1502 4183 1936 4266 κουροτρόφον·
1985 4182 2059 4245 ὃν
2099 4180 2212 4263 μὲν
2257 4182 2454 4263 ἐκείνη
2596 4196 2696 4246 450

617 4263 1025 4351 ὀφθαλμοῖσιν
1067 4270 1257 4332 ιδοιτο
1301 4270 1459 4349 φάος
1502 4267 1867 4369 πολυδερκὲς
1904 4266 2228 4350 ὁρῶντα,

613 4353 716 4416 καὶ
761 4294 899 4418 δέμο
878 4359 942 4418 οἱ
977 4354 1160 4433 ὄλβον
1203 4355 1572 4433 οπασσεν,
1618 4354 1745 4418 ἐπεὶ
1791 4349 2048 4432 δύναμίς
2093 4378 2158 4461 γε
2201 4352 2508 4435 πάρεστιν.
2597 4367 2699 4415 420

476 4440 577 4503 vl.
695 4432 746 4524 ᾦ
789 4436 850 4502 δ’
898 4441 1110 4519 ἐθέλει,
1155 4446 1492 4522 λιπαρῶς
1540 4441 1965 4576 παραγίγνεται
2007 4437 2108 4522 ἠδ’
2157 4436 2457 4520 ὀνίνησιν·
2594 4451 2694 4501 429
