3132 5129
1440 396 1896 461 -378—

497 550 724 610 invenit
770 550 1064 611 Gunaeus.
1139 551 1230 611 Ne
1273 554 1476 612 autem
1533 572 1605 612 ex
1649 552 1947 628 frequenti
1991 553 2067 616 N.
2117 554 2543 614 consuetudine
2606 506 2831 630 epithe-

499 638 604 694 ton
661 634 961 697 desideres
1016 636 1094 697 ad
1149 630 1372 715 φόρτον
1422 629 1724 716 Ἐρώτων,
1776 638 1852 697 cf.
1896 639 1979 715 X,
2027 639 2150 699 364
2206 633 2555 699 ἀπεσείσατο
2610 633 2835 719 φόρτον

491 706 781 881 Ἐρωτξῖ,
802 807 882 866 35
915 825 1003 883 sq.
1052 807 1124 867 de
1168 808 1454 885 Astraeo,
1501 827 1681 885 quem
1713 806 1887 869 Ceres
1915 808 2098 885 adiit,
2144 808 2221 868 ob
2253 809 2515 870 Deorum
2562 812 2825 871 omnium

497 908 725 951 summo
770 891 1166 968 Proserpinae
1208 911 1409 953 amore
1452 893 1838 971 flagrantium
1884 895 2329 955 contentionem
2374 894 2662 957 sollicita.

749 1006 902 1070 ἔνθα
944 1006 1132 1090 γέρων
1174 1007 1322 1111 μέγα
1367 1010 1621 1070 δεῖπνον
1664 1008 1986 1113 ἔπήρτυεν,
2043 1009 2204 1091 ὄφρα
2245 1011 2529 1091 μερίμνας

745 1093 1120 1172 θυμοδακεΐς
1169 1099 1483 1176 Δημητρος
1526 1088 1950 1157 ἆποσκεδοῖσειε
1998 1093 2382 1175 τραπέζης.

493 1214 703 1290 Inepte
747 1214 1018 1276 Lubinus
1061 1217 1272 1276 vertit.
1322 1221 1430 1293 „ut
1451 1216 1887 1277 sollicitudines
1918 1248 1996 1259 —-
2033 1216 2266 1277 Cereris
2311 1217 2633 1293 dissiparet
2664 1238 2824 1276 men-

495 1299 653 1358 sae.“
730 1298 995 1359 Offendit
1046 1302 1382 1378 genetivus,
1455 1301 1595 1360 Non
1640 1303 1796 1361 enim
1855 1301 2084 1378 aliquos
2131 1297 2362 1361 Cereris
2418 1321 2715 1361 maerores
2759 1324 2827 1361 ex

495 1384 749 1459 dapibus
793 1387 990 1444 nescio
1039 1387 1254 1462 quibus
1301 1390 1466 1446 ortos
1499 1386 1895 1462 dissipaturus
1926 1390 2018 1446 est
2050 1387 2363 1462 Astraeus,
2413 1387 2516 1446 sed
2560 1388 2695 1446 vult
2722 1387 2824 1447 ille

493 1469 653 1528 Deae
697 1487 869 1529 curas
916 1470 990 1529 ob
1037 1470 1193 1531 filiae
1239 1477 1459 1532 sortem
1492 1475 1806 1548 conceptas
1852 1471 2157 1547 epularum
2205 1470 2508 1531 hilaritate
2554 1471 2820 1531 disicere.

495 1553 831 1629 Scripserat
873 1556 1077 1631 itaque
1122 1556 1197 1618 N.
1242 1549 1666 1615 ἆποσκεδασειε
1709 1553 2054 1638 τραπέζῃ.
2129 1554 2222 1617 Cf.
2267 1556 2400 1633 VH,
2450 1557 2529 1615 63
2577 1555 2679 1615 ubi
2722 1576 2822 1616 eo·
2838 1608 2841 1611 .

494 1639 626 1698 dem
673 1639 847 1698 modo
896 1639 1149 1699 dictum:
1195 1637 1354 1719 ὄφρα
1400 1648 1516 1721 τεῷ
1559 1639 1867 1700 σκεδασειε
1911 1640 2075 1722 ποτῷ
2116 1637 2483 1739 μελεδήματα
2528 1636 2777 1717 κόσμου.

660 1722 751 1783 Ne
787 1725 988 1784 autem
1034 1726 1167 1801 quis
1212 1729 1412 1801 putet,
1472 1726 1726 1785 faciliori
1782 1727 2112 1786 mutatione
2170 1717 2513 1800 τραπέζαις
2570 1727 2824 1786 scriben-

357 1818 457 1866 643
491 1809 631 1867 dum
677 1827 835 1885 esse3
882 1810 1243 1886 singularem
1287 1811 1543 1887 requirit
1587 1814 1866 1871 constans
1897 1811 1970 1872 N
2001 1829 2170 1888 usus,
2217 1830 2333 1887 quo
2379 1812 2510 1887 ille,
2556 1812 2821 1871 ubicum-

489 1912 603 1969 que
647 1912 824 1952 cenae
885 1895 1061 1953 simul
1117 1897 1282 1955 notio
1337 1896 1695 1971 includitur,
1756 1914 1990 1974 semper
2034 1897 2395 1973 singularem
2439 1896 2618 1955 huius
2661 1897 2822 1955 vocis

491 1978 707 2052 posuit.
782 1976 909 2055 Cf.,
968 1981 1037 2038 ut
1105 1977 1317 2039 δεῖπνα
1387 1977 1674 2059 τραπέζης
1737 1982 2080 2056 similesque
2144 1982 2476 2041 locutiones
2530 1983 2823 2055 omittam,

491 2062 635 2136 vn,
686 2064 782 2122 95.
827 2064 1028 2140 xvn,
1079 2069 1176 2129 60.
1239 2066 1470 2141 xvm,
1522 2067 1661 2125 103.
1710 2068 1852 2126 336.
1911 2067 2079 2141 xlx,
2128 2068 2225 2125 so.
2278 2067 2416 2125 177.
2464 2066 2631 2141 xxl,
2684 2068 2824 2124 170.

489 2148 674 2220 XXV,
723 2150 866 2208 370.
912 2149 1035 2225 XL,
1084 2151 1230 2210 418.
1305 2151 1386 2211 Et
1429 2153 1514 2211 ita
1571 2153 1751 2210 etiam
1797 2151 2246 2228 Tryphiodorus
2292 2171 2350 2209 v.
2399 2152 2539 2210 658.

657 2232 809 2293 Ibid.
858 2236 938 2294 90
967 2253 1102 2311 sqq.
1150 2235 1352 2296 Cereri
1397 2237 1480 2295 sic
1523 2236 1842 2312 respondet
1886 2237 2203 2296 Astraeus.

750 2355 1024 2430 Δημῆτερ
1069 2351 1447 2429 φιλότεκνος,
1492 2348 1615 2413 ὑπὸ
1660 2348 1934 2414 σκιοειὸἑι
1978 2350 2152 2435 κώνῳ

744 2431 1139 2537 κλεπτομὲνης
1181 2433 1423 2510 ακτῖνος
1464 2432 1820 2515 αφωτίστοιο
1865 2436 2168 2517 Σελήνης,

744 2522 1013 2619 νυμφίον
1054 2511 1404 2603 ἆρπακτῆρα
1447 2518 1751 2600 φυλασσεο
1799 2522 2273 2602 Περσεφονείης,

741 2598 1005 2685 κρυπτὸν
1048 2604 1457 2687 ἆσυλήτοιο
1501 2618 1637 2684 τεῆς
1692 2608 1969 2686 ληίστορα
2017 2608 2292 2686 τέχνης.

493 2728 653 2797 Quae
697 2728 776 2785 sit
819 2727 924 2786 illa
968 2723 1142 2804 τέχνη
1174 2728 1407 2789 Cereris
1435 2723 1763 2804 ασύλητος,
1808 2729 2083 2806 equidem
2115 2746 2237 2787 non
2258 2707 2571 2804 perspicio.
2607 2728 2818 2787 Emen-

489 2812 779 2870 dandum:
827 2844 908 2852 —-
954 2810 1229 2890 ληίστορα
1288 2809 1584 2892 κούρης.
1663 2814 1870 2873 Sermo
1928 2814 2087 2873 enim
2143 2816 2235 2872 est
2278 2815 2349 2872 de
2392 2832 2480 2888 eo,
2526 2814 2628 2889 qui
2674 2815 2822 2872 inte-

489 2899 776 2955 meratam
823 2895 1051 2956 Cereris
1093 2897 1280 2958 filiam
1325 2900 1651 2961 vitiaturus
1684 2899 1781 2958 sit.
1857 2897 2187 2959 Confirmat
2228 2899 2338 2957 hoc
2382 2899 2540 2957 infra
2583 2919 2639 2958 v.
2678 2899 2818 2972 106,

488 2980 589 3039 ubi
635 2981 845 3041 iisdem
894 2982 1017 3041 fere
1065 2983 1261 3044 verbis
1304 2985 1557 3062 legitur:

743 3097 1057 3179 τηλυγέτης
1100 3094 1424 3179 ἆδμῆτος
1466 3095 1763 3182 ἀνέγγυον
1806 3098 2101 3180 ἅρπαγα
2150 3097 2441 3177 κούρης.

489 3217 573 3277 Ut
614 3216 786 3363 thl.d
810 3217 1092 3366 λτέίὸιᾶωρ,
1137 3221 1221 3280 ita
1266 3221 1425 3298 XVI,
1473 3223 1595 3281 359
1641 3217 1951 3298 ληίζεσθαι
1998 3225 2355 3297 usurpatum
2401 3220 2721 3279 invenitur.

727 3323 746 3362 1
793 3348 808 3364 .
1010 3324 1141 3382 sqq.

1096 3456 1180 3467 —
1223 3443 1333 3496 εως
1378 3421 1661 3526 ζηλήμονι
1704 3428 1901 3507 λαιμῷ

740 3501 1061 3585 τοηκαλέον
1101 3504 1350 3602 μύκημα
1393 3502 1477 3568 δι’
1525 3502 1697 3589 ἠέρος
1741 3504 1986 3586 ἔβρεμεν
2011 3503 2206 3585 Ἥρη,

737 3589 996 3692 μητρυιὴ
1041 3584 1401 3671 βαρύμηνις·
1462 3592 1911 3694 ίσοφθόγγῳ
1956 3588 2021 3652 δὲ
2061 3593 2284 3695 θεαίνῃ

740 3672 1015 3756 αἰθέριον
1056 3672 1356 3755 κελαδημα
1399 3672 1584 3738 πύλαι
1626 3672 1943 3756 κανάχιζον
1981 3673 2299 3753 Ὀλύμπου.

486 3797 702 3857 Iunoni
757 3798 1048 3874 mugienti
1106 3801 1451 3860 resonantes
1506 3799 1867 3876 respondent
1923 3797 2164 3874 Olympi
2230 3799 2452 3894 portae.
2545 3796 2660 3855 Sed
2715 3815 2822 3855 cur

486 3883 614 3941 Dea
656 3878 1028 3960 ἰσόφθογγος
1073 3881 1334 3941 dicitur?
1397 3882 1495 3941 An
1541 3883 1792 3944 fortasse
1837 3884 2076 3959 mugitu
2130 3882 2543 3957 aequiparasse
2604 3881 2823 3939 dicitur

486 3968 785 4027 Bacchum
831 3968 1149 4043 Zagreum,
1199 3968 1301 4043 qui
1332 3987 1387 4027 v.
1431 3968 1549 4027 198
1580 3969 1738 4028 tauri
1783 3970 2036 4027 formam
2079 3965 2322 4026 indutus
2366 3966 2666 4041 mugitum
2697 3965 2817 4024 edi-

486 4052 697 4110 derat?
740 4052 826 4110 At
869 4052 978 4111 hoc
1022 4052 1240 4112 clarius
1286 4051 1543 4112 debebat
1588 4052 1723 4112 dici.
1798 4053 1888 4111 Ne
1956 4051 2171 4110 multa:
2243 4050 2485 4110 dederat
2527 4050 2601 4108 N.
2670 4047 2818 4107 ἰσό-

486 4139 815 4214 φθογγοι
858 4131 927 4194 δὲ
970 4135 1191 4218 θεαίνῃ
1248 4140 1359 4197 etc.
1433 4138 1569 4196 Pari
1617 4138 1890 4212 fremitu,
1939 4155 2115 4212 quam
2145 4154 2322 4210 quem
2378 4134 2528 4194 Iuno
2586 4134 2813 4209 effudit,

488 4225 694 4296 portae
740 4220 981 4298 Olympi
1025 4222 1369 4285 reboarunt.
1446 4221 1580 4281 Vid.
1626 4222 1675 4299 1,
1721 4222 1872 4298 243,
1917 4221 2023 4279 ubi
2068 4220 2141 4279 de
2186 4219 2529 4280 Pleiadibus
2558 4220 2810 4280 dicitur:

740 4334 842 4397 καὶ
885 4336 1156 4417 καναχὴν
1196 4337 1585 4420 ι’σόμετρον
1630 4335 2083 4419 ἔπεγδούπησαν
2126 4332 2356 4418 ἀλῆται.

488 4461 553 4520 et
596 4458 877 4536 XXXVI,
923 4462 1042 4519 471
1079 4480 1209 4537 sqq.
