3132 5129
1260 424 1344 436 .....
1429 348 1718 451 445,-

324 564 444 604 non
490 553 688 602 meum
734 549 852 619 est,
907 545 1008 602 sed
1052 546 1466 621 theologorum
1531 548 1795 605 criticam
1844 565 1976 604 cum
2022 547 2208 605 totius
2253 545 2410 605 Novi
2458 546 2657 605 Testa·

324 630 510 687 menti
559 633 684 687 tum
730 628 906 688 huius
949 630 1245 705 evangelii
1291 630 1603 689 historiam
1659 630 2103 707 indagantium,
2166 632 2265 706 qui
2313 634 2383 689 ut
2425 633 2660 706 praeter

324 716 488 789 ipsos
535 714 765 773 codices
812 717 872 772 et
903 714 1156 773 Graecos
1202 717 1263 773 et
1307 735 1376 772 ex
1409 714 1633 774 Graeco
1665 734 1866 775 versos
1897 717 2075 775 etiam
2106 720 2341 790 patrum
2388 720 2449 775 et
2478 715 2657 774 Grae-

324 817 528 858 corum
571 803 636 858 et
677 800 1032 858 Latinorum
1077 798 1533 859 auctoritatibus
1562 801 1640 858 ad
1674 801 2087 860 constituenda
2130 819 2430 859 sacrorum
2477 796 2658 871 scripi

325 887 521 942 torum
566 885 745 943 verba
789 887 1070 959 utuntur,
1118 886 1204 942 ita
1246 887 1363 942 iam
1410 886 1588 943 etiam
1635 885 1835 944 Nonni
1881 885 2309 960 discrepantias
2354 885 2658 944 commode

323 969 386 1026 in
437 971 818 1044 conspectum
877 969 1263 1043 ordinemque
1320 970 1490 1028 datas
1552 988 1660 1028 suo
1718 972 1972 1029 examini
2030 970 2294 1028 subicere
2352 973 2655 1045 poterunt.

322 1052 402 1111 Hi
448 1055 638 1129 igitur
685 1054 959 1128 videant,
1008 1054 1127 1112 illis
1158 1053 1412 1112 Nonnici
1445 1055 1662 1114 codicis
1694 1056 2113 1114 omissionibus
2156 1056 2450 1131 genuinus
2479 1074 2656 1113 evan-

320 1138 575 1213 gelistae
621 1157 816 1197 sermo
861 1139 954 1196 vel
1003 1138 1227 1213 ubique
1271 1139 1364 1198 vel
1414 1140 1633 1213 passim
1665 1160 1809 1197 num
1855 1140 2165 1199 mutilatus
2210 1141 2291 1199 sit
2336 1158 2412 1197 an
2458 1140 2654 1214 pristi-

323 1242 434 1281 nae
479 1224 729 1298 puritati
775 1224 1010 1282 restitui
1059 1223 1290 1285 debeat.

494 1308 1031 1367 Additamenta
1076 1327 1244 1382 vero,
1306 1310 1522 1384 quibus
1579 1328 1688 1368 nos
1749 1311 1925 1368 hodie
1980 1328 2275 1382 caremuS,
2334 1308 2499 1367 nulla
2554 1310 2658 1367 ha-

323 1393 526 1452 buisse
571 1393 810 1451 videtur
853 1394 970 1452 nisi
1015 1412 1154 1451 uno
1200 1393 1364 1451 loco
1410 1393 1578 1467 XXI,
1629 1395 1698 1468 2,
1746 1395 1845 1452 ubi
1893 1395 2144 1454 Nonnus
2197 1400 2353 1452 certe
2408 1411 2527 1452 non
2585 1395 2657 1451 de

326 1496 436 1536 suo
483 1477 666 1535 Petro
714 1477 959 1536 fratrem
1004 1478 1280 1535 adiunxit
1324 1497 1376 1536 v.
1424 1479 1496 1535 5:

565 1592 676 1658 ,καὶ
719 1591 903 1670 σοφὸς
945 1591 1280 1672 Ἀνδρείας,
1341 1589 1720 1674 ὁμογάστριος
1761 1564 2010 1679 ὂςῆπέλε
2057 1593 2334 1674 Πέτρου..
2692 1611 2760 1657 24

320 1716 475 1774 Aliis
520 1716 677 1775 enim
724 1715 902 1790 locis,
960 1716 1021 1773 in
1068 1715 1285 1789 quibus
1331 1715 1524 1774 obiter
1570 1719 1828 1776 intuenti
1874 1718 2009 1792 plus
2054 1718 2354 1777 invenisse
2398 1717 2654 1790 videtur,

320 1820 447 1859 rem
505 1800 766 1861 breviter
832 1800 1155 1859 indicatam
1212 1800 1519 1875 paululum
1583 1806 1687 1859 aut
1741 1802 2042 1877 dilatavit,
2106 1807 2175 1861 ut
2240 1803 2441 1862 statim
2496 1802 2655 1860 infra

323 1905 379 1945 v.
432 1888 540 1960 71,
600 1904 778 1960 quem
834 1886 1028 1944 locum
1087 1885 1264 1944 modo
1321 1885 1639 1961 adscripsi,
1698 1887 1802 1945 ubi
1858 1891 1992 1962 post
2046 1899 2374 1946 ceterorum
2424 1887 2656 1945 univer-

325 1989 450 2028 sam
509 1971 867 2029 mentionem
929 1971 1152 2028 diserte
1213 1970 1582 2029 Simonem
1640 1976 1850 2047 utpote
1905 1966 2149 2049 θρασύν
2200 1971 2533 2031 nominavit
2575 2003 2657 2011 —

323 2056 482 2129 quod
515 2055 671 2113 idem
705 2055 847 2113 fecit
876 2055 980 2130 IV,
1016 2056 1116 2128 27,
1150 2055 1223 2112 de
1252 2074 1370 2130 quo
1405 2055 1532 2115 loco
1564 2056 1845 2115 lacunoso
1879 2076 2056 2133 supra
2085 2078 2142 2132 p.
2176 2058 2295 2114 427
2330 2056 2530 2113 monui
2552 2087 2653 2129 ———,

328 2144 434 2198 aut
475 2140 822 2215 explicavit,
870 2142 939 2198 ut
980 2139 1102 2213 VI,
1137 2141 1219 2198 30
1249 2159 1340 2215 sq.
1387 2142 1787 2216 evangelistae
1830 2143 2027 2201 verbis
2084 2142 2192 2200 hoc
2245 2140 2420 2199 modo
2476 2141 2655 2198 inter-

326 2224 564 2298 punctis
614 2257 686 2264 —
737 2219 1141 2299 πιστεύσωμὲν
1185 2239 1308 2288 σοις
1352 2222 1412 2281 τί
1451 2220 1690 2303 ἐργάζῃ;
1747 2225 1811 2283 οἷ
1846 2222 2089 2303 πατέρες
2132 2217 2303 2301 ἡμῶν
2346 2221 2411 2281 τὸ
2458 2222 2657 2296 μάννα

325 2305 553 2384 ἔφαγον
601 2305 666 2365 ἐν
710 2311 781 2389 τῇ
826 2305 1021 2389 ἐρήμῳ
1065 2310 1498 2368 sententiarum
1544 2330 1760 2369 nexum
1806 2311 2026 2369 diserte
2069 2310 2278 2367 intulit
2322 2309 2505 2367 hunc:

587 2424 662 2483 Τι’
699 2422 936 2503 πρήξεις
981 2446 1161 2504 προτ
1179 2423 1380 2503 έροισ
1399 2450 1470 2485 ιν
1511 2420 1712 2502 ὁμοίι
1730 2447 1840 2493 ον;
1887 2420 2150 2503 ἡμέτεροι
2192 2422 2329 2505 γὰρ

574 2508 818 2585 αἰθέρος
860 2508 1149 2586 ἄφθιτον,
1176 2503 1346 2587 εἶδαρ
1392 2508 1690 2588 ἐρημάδος
1736 2508 1947 2571 ἔνδοθι
1991 2509 2206 2589 πέτρης

577 2592 660 2672 μα’
669 2617 776 2655 ννα
820 2590 1249 2673 πολυκλήιστον
1295 2593 1322 2652 ἕ
1331 2600 1378 2653 θ
1393 2617 1425 2653 o
1438 2619 1459 2653 ι
1474 2592 1740 2672 νήσαντο
1760 2594 1802 2670 ¹)
1849 2596 2016 2674 (sici)
2067 2597 2273 2672 τοκῆες
2287 2638 2306 2673 ,

324 2722 386 2777 et
426 2717 528 2792 lx,
579 2718 678 2790 24,
724 2716 826 2774 ubi
874 2717 1124 2792 simplex
1170 2712 1277 2786 δὸς
1321 2712 1501 2787 δόξαν
1557 2716 1710 2775 θεοῦ
1754 2717 2189 2777 commendavit
2232 2718 2435 2776 addito
2478 2710 2549 2789 ὅς
2594 2732 2655 2775 σε

323 2797 562 2873 σαώσας
601 2802 609 2877 Ι
649 2793 989 2876 ὀφθαλμῶν
1032 2797 1174 2877 πόρε
1205 2796 1441 2878 φέγγος.

493 2886 662 2946 Unus
709 2890 978 2961 superest
1023 2888 1215 2961 locuS,
1254 2887 1315 2944 in
1362 2905 1479 2962 quo
1524 2887 1672 2945 mire
1701 2887 1969 2962 profecto
2001 2890 2268 2947 versatus
2314 2891 2408 2947 est
2455 2892 2649 2963 poeta,

323 2975 393 3030 ut
435 2991 651 3046 anceps
695 2991 890 3031 meum
938 2972 1178 3030 haereat
1221 2972 1538 3047 iudicium,
1586 2972 2006 3031 celeberrimus
2064 2972 2164 3031 ille
2207 2974 2308 3048 qui
2354 2978 2449 3031 est
2492 2974 2651 3049 XXI,

328 3059 404 3115 15
436 3076 568 3132 sqq.
616 3056 688 3114 de
731 3057 891 3115 Petri
939 3058 1249 3153 missione,
1310 3057 1403 3114 cui
1448 3074 1582 3115 cum
1625 3076 1884 3116 amorem
1929 3076 2102 3115 suum
2160 3061 2252 3116 ter
2307 3020 2654 3117 testificanti

324 3141 594 3200 Christus
640 3142 832 3216 primo
880 3137 1071 3199 Βόσκε
1117 3131 1185 3199 τὰ
1241 3133 1420 3236 ἀρνία
1461 3160 1581 3216 μου
1625 3143 1882 3201 secundo
1932 3140 2222 3217 Ποίμαινε
2266 3132 2335 3199 τά
2380 3137 2658 3220 πρόβατά

321 3245 438 3301 μου
482 3227 663 3285 tertio
714 3218 901 3284 Βόσκε
947 3222 1016 3283 τὰ
1064 3219 1334 3304 πρόβατά
1377 3245 1493 3301 μου
1534 3228 1786 3303 regerit,
1836 3228 1954 3285 iam
1999 3227 2139 3285 mihi
2188 3245 2373 3301 puero
2406 3227 2653 3285 Lutheri

323 3312 511 3369 biblia
554 3311 815 3369 multum
863 3313 1122 3372 versanti
1167 3311 1510 3386 scrupulum
1557 3312 1759 3370 iniecit
1813 3312 1918 3369 illa
1960 3330 2111 3386 quae
2157 3312 2300 3370 mihi
2346 3331 2466 3371 non
2512 3312 2655 3370 satis

322 3396 604 3455 distincta
648 3396 962 3456 videbatur
1004 3397 1279 3471 repetitio
1325 3415 1433 3454 nec
1462 3414 1621 3454 nunc
1652 3396 1780 3455 viro
1811 3398 2212 3456 recentiorum
2258 3397 2651 3472 interpretum

322 3485 657 3540 commenta
712 3482 1105 3541 satisfaciunt.
1190 3481 1450 3557 Egregie
1519 3498 1660 3540 vero
1715 3481 1966 3540 Nonnus
2022 3480 2255 3540 Christo
2310 3482 2460 3542 hanc
2514 3481 2653 3542 sub-

320 3567 460 3624 iecit
502 3567 949 3644 gradationem.

451 3689 508 3729 v.
583 3677 647 3724 89
692 3663 872 3767 βόσκε
914 3688 1013 3744 μοι
1058 3664 1361 3747 ἔμφρονας
1416 3687 1651 3744 αρνας
1696 3658 1972 3764 ἆσιγήτῳ
2006 3662 2103 3724 σέο
2147 3663 2371 3748 ρᾶβδῳ.

451 3774 505 3812 v.
581 3761 648 3809 98
693 3744 995 3828 ἡμετέρων
1037 3751 1316 3829 ποίμαινε
1367 3748 1631 3848 νοήμονα
1675 3744 1838 3809 πώεα
1880 3746 2150 3829 μήλων.

449 3847 641 3898 v.108
687 3833 938 3918 οὐρανίῃ
980 3835 1257 3915 ποίμαινε
1300 3830 1630 3912 καλαύροπι
1671 3836 1864 3913 μῆλα
1907 3857 2038 3895 και
2084 3833 2335 3915 ἄρνας.

320 3955 637 4033 Ingeniose
681 3958 980 4033 profecto,
1039 3958 1152 4017 nisi
1200 3957 1297 4015 hic
1339 3957 1517 4014 tertio
1561 3956 1690 4014 loco
1747 3957 1864 4014 iam
1911 3956 1974 4013 in
2031 3974 2136 4014 suo
2181 3956 2380 4014 codice
2426 3958 2657 4016 invenit

320 4040 678 4118 ποίμαινε
723 4063 793 4098 τα
840 4037 1112 4118 πρόβατα
1165 4037 1292 4098 καὶ
1337 4061 1416 4098 τα
1462 4032 1685 4116 αρνία
1740 4060 1871 4115 μου.
1960 4040 2075 4098 Sod
2139 4059 2273 4099 eum
2329 4043 2399 4099 ut
2455 4044 2656 4117 potius

323 4128 565 4201 ingenio
612 4146 719 4186 suo
763 4127 1081 4187 indulsisse
1125 4128 1489 4199 existimem,
1537 4130 1783 4183 movent
1826 4144 1918 4183 me
1963 4125 2090 4183 eius
2139 4145 2342 4184 versus
2393 4129 2510 4185 116
2543 4146 2653 4202 sq„

322 4211 540 4285 quibus
586 4213 733 4272 hanc
777 4213 1177 4271 narrationem
1228 4211 1547 4284 conclusit,
1596 4229 1846 4285 quorum
1891 4229 2168 4268 versuum
2217 4229 2325 4268 nec
2372 4212 2507 4270 vola
2550 4231 2656 4270 uec

324 4297 644 4372 vestigium
689 4298 752 4355 in
797 4297 1109 4374 evangelio
1154 4300 1431 4373 apparet:

320 4412 387 4419 *-

458 4462 509 4528 1)
549 4458 804 4530 [Legitur
839 4460 896 4513 in
935 4461 1095 4514 editt.
1140 4461 1366 4515 Bordat.
1407 4459 1577 4514 Nans.
1619 4457 1796 4528 Sym]
