3132 5129
1290 400 1751 465 -187—

352 579 474 620 uno
518 560 813 619 adiectivo
859 561 1077 621 novato
1133 558 1478 632 confictum,
1538 559 1830 635 quaedam
1875 559 2159 635 reliquiae
2204 560 2376 620 nobis
2421 563 2690 619 servatae

353 648 524 719 sunt,
575 663 723 720 quas
769 643 1101 704 describere
1155 663 1274 703 non
1332 663 1480 719 opus
1526 647 1647 718 est,
1706 644 1985 719 quoniam
2044 645 2400 705 recentiores
2456 647 2518 704 et
2572 646 2686 720 ipsi

355 735 517 789 recte
561 729 856 789 athetesin
903 731 1361 805 adoptaverunt.

527 815 787 886 Versus,
845 833 993 889 quos
1051 815 1230 872 etiam
1288 814 1652 873 Lehrsius
1705 834 1872 873 meus
1927 816 1989 872 in
2050 814 2402 875 suavissimo
2459 815 2562 874 illo
2618 817 2691 873 de

350 900 648 976 Nymphis
673 918 944 959 sermone
972 931 1042 941 -
1085 899 1200 958 vid.
1229 897 1442 957 librum
1470 900 1598 958 eius
1623 899 2167 975 ingeniosissimum
2185 945 2199 973 ,
2237 901 2330 958 cui
2362 901 2692 973 „Populiire

348 984 633 1056 Aufscitze
676 1002 788 1043 aus
835 986 964 1043 dem
1007 982 1374 1044 Alterthum“
1429 984 1673 1042 titulum
1718 983 1887 1058 fecit,
1936 1004 1993 1058 p.
2041 986 2119 1044 95
2166 982 2290 1043 not.
2342 982 2460 1064 [ed.
2508 982 2564 1064 I]
2613 1017 2687 1027 ·—

350 1066 804 1148 αἰνιγματώδεις
850 1070 1144 1144 appellat,
1193 1070 1319 1128 350
1341 1088 1432 1143 sq.
1478 1069 1549 1127 de
1610 1068 1804 1127 Circes
1849 1069 2081 1128 ancillis
2126 1070 2279 1128 mira
2322 1070 2634 1130 docentes:

606 1184 909 1262 γίγνονται
968 1176 1023 1242 δ’
1071 1176 1190 1261 ἄρα
1233 1184 1340 1243 καί
1377 1181 1437 1263 γ’
1485 1183 1549 1244 ἔκ
1596 1206 1655 1243 τε
1700 1183 1965 1263 κρηνέων
2007 1178 2129 1246 ἆπό
2174 1177 2226 1244 τ’
2273 1179 2502 1246 ἆλσὲων

563 1345 572 1352 .
608 1269 674 1328 ἔκ
717 1266 788 1329 θ’
836 1271 1017 1349 ἷερῶν
1059 1278 1371 1348 ποταμῶν,
1416 1269 1485 1329 οἵ
1518 1265 1571 1329 τ’
1622 1270 1704 1342 εἰς
1745 1267 1930 1331 ἅλαδε
1973 1268 2324 1350 προρέουσι,

351 1411 496 1450 num
543 1392 655 1449 iam
704 1393 1083 1466 antiquorum
1143 1393 1540 1467 suspicionem
1590 1395 1916 1467 moverint,
1976 1393 2201 1469 ambigi
2260 1395 2488 1468 potest,
2547 1395 2691 1470 quin

351 1480 513 1536 recte
560 1479 765 1535 nostro
823 1479 1035 1552 poetae
1098 1477 1529 1536 abiudicaverit
1585 1476 1954 1552 Nitzscbius,
2012 1478 2274 1537 dubitari
2326 1480 2562 1554 nequit,
2623 1481 2692 1536 ut

351 1581 458 1620 nec
531 1561 862 1619 Bekkerum
918 1580 1028 1619 nec
1086 1562 1417 1620 Ameisium
1474 1563 1528 1619 ei
1587 1562 1929 1621 obsecutum
1988 1582 2116 1622 esse
2172 1564 2368 1622 mirer
2458 1565 2572 1622 Sed
2630 1564 2692 1622 bi

351 1645 591 1721 quidem
651 1646 778 1705 sive
833 1647 1162 1704 reiciantur
1218 1646 1343 1706 sive
1387 1646 1754 1719 retinentur,
1813 1647 1961 1706 illud
2018 1648 2257 1723 quidem
2314 1650 2543 1707 certum
2599 1651 2692 1707 est

352 1730 589 1790 neniam
636 1732 1007 1790 notissimam
1051 1752 1111 1791 v.
1159 1732 1360 1791 368—
1371 1733 1492 1789 372
1539 1727 1786 1807 χέρνιβα
1842 1725 1899 1787 δ’
1956 1721 2291 1805 ἀμφίπολος
2338 1766 2412 1774 -
2462 1731 2689 1809 χαριζο-

347 1811 500 1889 μένη
556 1809 944 1889 παρεόντων,
1000 1835 1151 1891 quae
1206 1816 1483 1891 primitus
1541 1812 1577 1871 δ
1620 1818 1785 1875 52-
1807 1819 1887 1876 56
1952 1819 2148 1893 posita
2206 1818 2320 1875 fuit
2373 1837 2482 1878 nec
2537 1819 2690 1876 male

355 1922 390 1958 a
433 1901 836 1959 recentiorum
882 1901 1333 1975 rhapsodiamm
1381 1902 1902 1961 concinnatoribus
1946 1922 1985 1957 α
2012 1903 2362 1961 136-140.
2409 1923 2447 1976 η
2485 1904 2691 1960 172-

357 1988 495 2044 176.
544 2004 576 2041 ο
611 1987 964 2043 135—139.
1017 2004 1051 2056 ρ
1085 1987 1333 2044 91-95
1395 1988 1671 2044 mutuata
1714 1990 1835 2061 est,
1891 1986 1986 2046 bic
2027 1988 2268 2062 quidem
2312 1987 2688 2063 ineptissime

357 2071 565 2129 inferri
624 2069 827 2128 Circes
882 2070 1157 2143 aedibus,
1224 2071 1287 2129 iu
1341 2071 1560 2146 quibus
1618 2071 1792 2131 modo
1850 2075 2137 2147 quattuor
2190 2071 2433 2131 ancillas
2486 2091 2689 2130 cenam

355 2157 716 2231 apparantes
761 2154 1039 2214 vidimus.
1111 2155 1322 2230 Itaque
1366 2174 1486 2213 non
1531 2155 1774 2229 dubito,
1820 2158 1964 2232 quin
2005 2157 2266 2232 quinque
2315 2176 2538 2230 versus,
2588 2157 2691 2231 qui

2736 1408 2793 1455 ΙΟ

352 2242 415 2299 in
465 2240 697 2315 aliquot
740 2239 1041 2298 codicibus
1071 2258 1192 2299 non
1238 2241 1535 2316 leguntur,
1585 2260 1620 2299 a
1664 2241 2094 2301 recentioribus
2125 2241 2393 2300 certatim
2429 2240 2691 2299 damnati
2800 2272 2813 2283 ·

356 2325 534 2385 etiam
581 2325 658 2383 ab
702 2324 1123 2383 Alexandrinis
1166 2328 1271 2383 aut
1313 2325 1484 2383 obelo
1542 2327 1735 2384 notati
1780 2329 1883 2385 aut
1926 2327 2070 2386 adeo
2129 2344 2243 2400 „ne
2300 2325 2504 2400 scripti
2561 2326 2687 2400 qui-

361 2409 536 2468 dem“
584 2409 838 2482 suerint,
896 2409 1061 2468 cuius
1107 2410 1192 2467 rei
1238 2410 1392 2467 haud
1448 2411 1570 2468 scio
1616 2430 1691 2468 an
1738 2410 1960 2486 aliquid
2018 2410 2220 2469 indicii
2280 2411 2340 2469 in
2395 2429 2464 2469 eo
2525 2411 2688 2484 insit,

357 2495 520 2570 quod
570 2496 631 2552 in
677 2493 917 2553 scholiis
962 2494 1166 2553 statim
1215 2514 1249 2551 a
1293 2515 1348 2553 v.
1380 2495 1502 2553 362
1550 2496 1624 2552 ad
1657 2515 1713 2553 v.
1747 2497 1869 2554 374
1916 2497 2205 2555 transitur
2249 2496 2413 2554 nulla
2459 2495 2689 2554 intersi-

356 2584 553 2639 torum
597 2580 904 2638 mentione
949 2578 1124 2638 facta.

523 2664 751 2724 Contra
805 2684 874 2723 ex
929 2663 1096 2724 brevi
1153 2664 1510 2724 scholiorum
1576 2666 1883 2725 notatione
1939 2666 2010 2724 ad
2059 2687 2114 2725 v.
2164 2666 2317 2725 429:
2393 2662 2573 2723 λείπει
2620 2660 2688 2723 τὸ

355 2745 544 2827 λέγων
586 2750 732 2809 satis
775 2752 1028 2824 apparet
1073 2753 1415 2826 sequentem
1461 2769 1696 2809 versum
1743 2752 1872 2810 430

608 2866 712 2923 καί
750 2883 935 2941 σφεας
979 2857 1260 2943 φωνήσας
1304 2863 1449 2925 ἔπεα
1491 2862 1814 2942 πτερόεντα
1857 2863 2197 2947 προσηύδα,

355 2985 460 3061 qui
505 2986 649 3046 alibi
693 2989 762 3044 ut
805 2984 841 3041 δ
872 2989 948 3045 77
996 2986 1157 3046 recte
1201 2986 1459 3063 scriptus
1489 2987 1585 3045 bic
1631 3008 1666 3045 a
1709 2988 2116 3063 compluribus
2160 2988 2462 3047 codicibus
2495 2988 2684 3061 abest,

355 3072 535 3129 etiam
585 3071 996 3130 Alexandrinis
1040 3071 1449 3147 improbatum
1493 3092 1641 3131 esse.

525 3155 831 3215 Postremo
878 3156 951 3215 de
996 3157 1268 3217 versibus
1312 3156 1519 3215 itidem
1568 3160 1802 3234 saepius
1847 3159 2150 3233 usurpatis
2195 3160 2319 3217 456

610 3269 889 3351 Διογενὲς
934 3266 1309 3351 Λαερτιαδη,
1353 3266 1733 3350 πολυμήχαν
1777 3270 2095 3353 Ὀδυσσεῦ,

355 3379 416 3434 et
460 3376 589 3434 470

606 3484 816 3553 μηνῶν
859 3468 1232 3552 φθινόντων,
1277 3473 1413 3554 περὶ
1460 3467 1517 3533 δ’
1572 3472 1762 3554 ἤματα
1803 3472 2003 3558 μακροὶ
2048 3476 2315 3556 τελέσθη,

355 3615 507 3672 quos
575 3596 865 3655 librorum
925 3597 1294 3672 quorundam
1347 3599 1766 3658 auctoritatem
1827 3600 2013 3659 secuti
2066 3602 2226 3659 recte
2297 3598 2391 3658 hic
2448 3598 2688 3674 quidem

351 3681 725 3741 sustulerunt
767 3682 1155 3758 recentiores,
1202 3682 1347 3741 satis
1390 3685 1483 3741 est
1526 3683 1602 3741 ad
1646 3683 1893 3743 Ameisii
1940 3685 2055 3744 mei
2099 3686 2272 3744 notas
2315 3702 2687 3759 provocasse.

521 3850 648 3908 Iam
692 3850 768 3908 ad
811 3850 1149 3909 ultimam
1194 3851 1669 3928 transgredimur
1722 3854 2235 3928 rhapsodiam,
2296 3854 2388 3913 cui
2437 3839 2687 3910 ’-Οδυσ

348 3930 530 4003 σέως
585 3926 966 4004 ἀπόπλους
1019 3954 1236 3995 nomen
1305 3941 1414 3998 est.
1501 3938 1649 3997 Eius
1717 3939 2067 3997 maiorem
2124 3941 2446 4013 partem,
2511 3957 2688 4013 quam

346 4021 671 4081 restituere
717 4020 860 4080 satis
904 4020 1021 4080 fuit
1062 4021 1322 4098 negotii,
1368 4022 1629 4096 primum
1675 4022 1771 4082 hic
1814 4022 2175 4098 descriptam
2220 4024 2447 4085 damus.

522 4158 559 4197 a
680 4127 795 4206 Ως
840 4131 1054 4238 ἔφαθ’,
1102 4135 1163 4195 οἳ
1207 4129 1264 4195 δ’
1311 4159 1430 4218 αρα
1472 4133 1694 4210 πάντες
1735 4131 1897 4215 ἇκὴν
1940 4136 2210 4218 ἐγένοντο
2254 4139 2470 4221 σιωπῇ,
2601 4165 2634 4198 ν
2662 4150 2685 4197 1

610 4222 943 4327 κηληθμῷ
954 4213 1008 4278 δ’
1035 4179 1293 4325 ’,ἔσχοντο
1337 4244 1488 4281 κατα
1529 4220 1758 4302 μέγαρα
1801 4221 2092 4284 σκιόεντα.

610 4326 713 4365 τον
758 4299 811 4362 δ’
860 4297 1005 4369 αὖτ’
1048 4300 1351 4379 Ἀλκίνοος
1393 4302 1752 4411 απαμείβετο
1797 4304 2079 4386 φωνησέν
2122 4327 2210 4367 τε·

691 4383 791 4467 „m
828 4386 1094 4467 Ὀδυσεῦ,
1139 4383 1206 4451 τὸ
1249 4390 1361 4471 μὲν
1403 4390 1486 4453 οὔ
1526 4394 1590 4453 τί
1626 4386 1685 4452 σ’
1733 4390 2005 4471 ἐίσκομεν
2048 4389 2424 4491 εἰσορόωντες
2522 4404 2552 4455 λ
2588 4406 2688 4455 363

609 4465 926 4556 ἠπεροπῆά
969 4468 1022 4536 τ’
1072 4473 1207 4554 ἔμεν
1250 4475 1352 4538 καὶ
1399 4475 1743 4558 ἐπίκλοπον,
1788 4472 1887 4539 οἷά
1929 4501 1989 4540 τε
2033 4472 2285 4552 πολλοὺς
