3132 5129
341 3467 408 3515 34

1389 381 1850 446 -282-

455 539 560 599 illa
615 539 885 614 quidem,
943 557 1095 615 quae
1147 540 1348 615 qualia
1402 541 1655 599 fortasse
1711 540 1856 599 olim
1910 541 2048 599 ante
2106 560 2164 599 v.
2211 541 2332 598 617
2391 538 2667 600 habuerit
2716 559 2794 599 ne

456 624 716 683 divinari
759 625 1001 700 quidem
1031 627 1263 700 potest,
1310 627 1534 696 optime
1563 626 1783 685 meruit
1813 625 2163 684 Goettlin
2175 626 2344 702 gius
2373 644 2431 685 v.
2455 626 2791 684 687--712

462 709 717 785 „seriem
761 710 1122 769 narrationis
1165 710 1408 770 turbare
1452 714 1515 769 et
1557 713 1795 786 postea,
1844 729 1916 768 ne
1962 710 2232 785 Iuppiter
2274 709 2498 769 honore
2542 728 2649 769 suo
2695 710 2791 768 de-

457 793 863 869 fraudaretur,
911 794 1113 853 illatos
1142 814 1271 855 esse
1299 794 1533 855 videri“
1564 795 1907 855 observans.
1979 795 2302 854 Verissime
2331 795 2590 870 quidem,
2623 796 2789 854 dum·

457 879 632 939 modo
677 878 1007 939 addidisset
1047 880 1445 956 antiquius
1502 884 1564 939 et
1618 881 2019 955 praestantius
2062 899 2300 939 carmen
2344 899 2379 937 a
2422 881 2790 940 consarcina-

459 968 590 1025 tore
634 964 870 1023 illatum
927 984 1074 1027 esse.
1150 965 1440 1025 Nostrum
1497 983 1641 1025 vero
1685 965 1774 1023 uti
1819 984 1940 1024 non
1995 984 2031 1024 a
2074 965 2215 1024 Iove
2265 965 2512 1040 eiusque
2566 965 2792 1025 familia

459 1050 699 1109 initium
744 1050 907 1125 capit
947 1068 1057 1110 nec
1100 1049 1402 1126 quomodo
1448 1050 1538 1109 illi
1584 1068 1720 1109 cum
1750 1049 2066 1110 Titanibus
2110 1069 2217 1126 per
2257 1050 2506 1126 longum
2552 1054 2791 1125 tempus

459 1134 743 1194 acerrime
787 1137 1193 1211 pugnaverint
1234 1138 1508 1195 accurate
1552 1135 1828 1210 exponit,
1887 1135 1989 1194 sed
2031 1136 2232 1210 potius
2275 1134 2351 1192 ab
2396 1134 2789 1195 Hecatonchi-

459 1239 661 1279 rorum
708 1221 977 1278 custodia
1019 1219 1353 1279 luculenter
1395 1220 1697 1295 descripta
1748 1221 1824 1278 ad
1871 1221 2071 1279 Iovem
2120 1219 2551 1296 Olympiosque
2597 1224 2790 1279 trans-

458 1303 734 1380 greditur
778 1308 842 1363 et
884 1305 1042 1365 bello
1085 1306 1300 1364 horum
1331 1305 1526 1364 obiter
1571 1305 1862 1379 indicate,
1910 1305 2209 1380 quomodo
2253 1304 2354 1363 ille
2397 1304 2789 1364 liberatorum

459 1389 916 1465 Terrigenarum
983 1391 1241 1467 gratiam
1307 1390 1421 1450 sibi
1487 1390 1922 1465 conciliaverit,
1993 1389 2355 1465 amplissime
2408 1391 2789 1467 persequitur

460 1474 830 1534 orationibus
895 1475 1044 1535 adeo
1109 1494 1574 1535 novenorum
1639 1493 1919 1535 versuum
1986 1474 2286 1551 (exempta
2354 1493 2487 1532 cum
2548 1495 2605 1534 v.
2664 1476 2786 1533 645

457 1559 772 1619 notissima
815 1561 919 1619 sed
971 1559 1068 1620 hic
1115 1560 1355 1636 quidem
1411 1561 1554 1619 satis
1610 1561 1956 1636 importuna
1998 1559 2257 1619 formula
2307 1551 2451 1637 ὄφρ’
2509 1557 2661 1619 εἴπω
2715 1553 2788 1617 τά

453 1664 526 1720 με
570 1640 772 1719 θυμὸς
818 1641 908 1703 ε’νὶ
950 1644 1241 1720 στήθεσσι
1283 1640 1538 1724 κελεύει)
1597 1649 1657 1703 et
1711 1644 1873 1703 Iovis
1929 1647 1991 1703 et
2044 1643 2208 1703 Cotti
2266 1644 2641 1720 perscriptiS,
2700 1646 2785 1703 ita

456 1730 638 1787 etiam
680 1728 826 1787 belli
871 1733 1151 1789 eventum
1196 1730 1601 1805 victoriaeque
1644 1749 1933 1789 summam
1979 1729 2116 1788 huic
2158 1730 2400 1806 eiusque
2444 1730 2620 1789 sociis
2664 1748 2785 1788 non

455 1813 545 1871 illi
589 1817 727 1873 ante
773 1814 986 1873 horum
1043 1833 1217 1890 opem
1276 1813 1594 1874 Titanibus
1650 1815 1862 1889 impari
1905 1813 2265 1873 adtribuisse
2322 1818 2785 1874 consentaneum

454 1902 560 1959 est.
637 1897 767 1958 Hoc
810 1900 860 1958 si
905 1902 1206 1975 tenemus,
1266 1899 1428 1958 facili
1485 1900 1603 1957 iam
1646 1898 1891 1975 negotio
1949 1899 2151 1958 eiectis
2193 1900 2344 1958 varii
2387 1900 2623 1975 generis
2667 1920 2787 1956 em-

452 1983 727 2044 blematis
770 1983 923 2043 hanc
952 1984 1602 2043 Titanomachiam
1648 2002 1789 2043 suae
1821 1983 2203 2043 restituemus
2234 1984 2591 2061 integritati.
2650 1985 2786 2043 Uno

452 2069 558 2127 illa
598 2068 701 2127 filo
745 2069 1095 2127 decurrebat
1138 2069 1279 2128 olim
1325 2068 1432 2128 hos
1474 2072 1713 2128 tantum
1768 2087 1973 2129 versus
2027 2068 2364 2143 complexa:
2422 2071 2625 2128 617—
2635 2071 2779 2131 633.

457 2155 661 2212 637-
673 2155 800 2214 640
842 2156 905 2213 et
948 2154 1070 2212 643
1120 2151 1361 2232 (quibus
1416 2154 1711 2213 artissime
1767 2153 2219 2212 cohaerentibus
2275 2154 2351 2212 ad
2406 2148 2781 2231 παρέσχεθεν

454 2238 612 2297 idem
656 2240 757 2314 qui
814 2239 889 2297 ad
931 2233 1192 2314 μετέειπε
1248 2239 1517 2313 pertinet
1571 2226 1763 2314 πατὴρ
1816 2230 2061 2310 ἀνδρῶν
2118 2257 2177 2295 τε
2232 2240 2401 2297 θεῶν
2454 2234 2584 2316 τε),
2641 2239 2782 2297 644.

456 2325 808 2384 646-667,
854 2326 1051 2383 676-
1067 2325 1210 2383 684.
1257 2326 1459 2383 713-
1470 2324 1623 2398 718,
1689 2323 1909 2398 quibus
1966 2322 2067 2398 qui
2122 2322 2367 2398 insuper
2411 2323 2600 2382 additi
2659 2323 2783 2382 fue-

453 2409 606 2484 rint,
665 2408 881 2467 deinde
935 2408 1288 2468 videbimus.
1376 2408 1631 2483 Versus,
1685 2427 1836 2483 quos
1894 2410 2199 2482 praeterea
2254 2407 2511 2483 removi,
2570 2408 2787 2483 partim

453 2492 701 2552 alterius
743 2493 906 2552 illius
945 2494 1227 2553 carminis
1271 2495 1414 2552 sunt
1455 2494 1577 2553 635
1610 2513 1700 2569 sq.
1746 2495 1808 2552 et
1838 2493 2174 2551 668—675
2219 2492 2292 2552 de
2338 2493 2555 2569 quibus
2586 2493 2788 2553 statim

452 2578 709 2655 dicetur,
771 2580 990 2654 partim
1045 2579 1195 2654 varji
1263 2579 1499 2654 generis
1553 2578 2076 2653 interpolationes:
2132 2579 2392 2654 primum
2449 2580 2571 2639 634
2627 2598 2787 2654 repe-

449 2664 600 2723 titus
644 2683 714 2723 ex
762 2664 884 2722 625
942 2684 977 2722 a
1033 2664 1506 2724 consarcinatore
1559 2664 1635 2722 ad
1681 2665 1803 2722 635
1835 2682 1922 2739 sq.
1980 2663 2346 2722 commodius
2403 2663 2782 2737 inserendos3

446 2751 577 2807 tum
622 2750 740 2807 641
777 2766 867 2824 sq.
915 2767 1063 2824 quos
1106 2749 1325 2808 omisso
1373 2749 1498 2808 640
1549 2748 1616 2806 in
1658 2747 1776 2806 alia
1819 2747 2161 2807 recensione
2206 2766 2339 2807 cum
2386 2749 2508 2808 639
2555 2749 2787 2808 iunctos

447 2833 632 2892 fuisse
676 2832 1004 2892 Hermanni
1050 2836 1143 2892 est
1184 2833 1468 2908 suspici0,
1514 2832 1772 2909 denique
1812 2833 1935 2891 685
1967 2852 2056 2908 sq.
2092 2832 2330 2892 conflati
2380 2851 2453 2892 ex
2497 2833 2605 2892 illo
2631 2827 2785 2910 ἀυτὴ

446 2910 504 2974 δ’
553 2911 821 2992 ουρανδν
863 2909 993 2976 ἷκεν
1035 2917 1448 2993 similibusque
1503 2922 1574 2976 ut
1614 2917 1793 2976 Hom.
1840 2916 1893 2973 Ο
1940 2918 2060 2976 686
2122 2920 2185 2975 et
2228 2915 2285 2980 Ξ
2328 2920 2450 2977 393
2511 2917 2665 2977 male
2708 2918 2784 2977 ab

445 3002 786 3062 hominibus
829 3003 903 3061 ad
948 3002 1091 3063 deos
1133 3002 1474 3078 translatis,
1532 3003 1836 3077 postremo
1885 3004 2004 3060 719
2051 3002 2275 3061 elumbi
2333 3003 2454 3062 iarn
2512 3003 2779 3062 modula-

446 3088 607 3146 tione
651 3088 953 3147 notabilis.

615 3173 900 3232 Maiorem
945 3171 1170 3233 cladem
1224 3172 1453 3247 accepit
1503 3172 1694 3231 altera
1746 3172 2042 3246 narratio,
2103 3191 2254 3246 quae
2307 3174 2374 3231 et
2430 3172 2785 3248 antiquioris

446 3262 539 3316 est
582 3258 672 3317 uti
717 3259 837 3317 iam
879 3257 1003 3316 dixi
1048 3261 1109 3317 et
1151 3277 1294 3317 vero
1339 3257 1840 3332 praestantissimi
1886 3260 2118 3332 poetae.
2195 3256 2341 3317 Eius
2387 3257 2628 3316 initium
2658 3259 2786 3334 qui·

447 3342 580 3401 dem
625 3343 736 3402 hoc
779 3343 960 3402 fuisse
1002 3343 1276 3402 videtur.

782 3463 1035 3538 Τιτῆνες
1084 3454 1148 3519 δὲ
1192 3456 1327 3519 θεοὶ
1369 3481 1470 3518 και
1517 3454 1649 3518 οσοι
1696 3455 1939 3555 Κρόνου
1984 3454 2317 3538 ἐξεγένοντο
2680 3467 2784 3517 668

698 3541 806 3617 οὕς
851 3565 911 3604 τε
958 3539 1110 3616 Ζεὺς
1148 3539 1502 3622 Ἐρέβεσφιν
1544 3533 1665 3602 ὑπὸ
1707 3534 1928 3619 χθονός
1969 3535 2078 3622 ἧκε
2124 3541 2399 3620 φόωσδε,

699 3627 888 3689 δεινοί
926 3651 985 3689 τε
1030 3627 1304 3733 κρατεροί
1343 3650 1401 3688 τε
1445 3627 1591 3708 βίην
1632 3623 1971 3734 ὑπέροπλον
2015 3625 2243 3707 ἔχοντες

696 3709 904 3774 ἆντίον
945 3709 1251 3792 ἀλλήλοισι
1293 3705 1392 3772 διᾶ
1435 3710 1722 3792 κρατερὰς
1767 3708 2026 3791 ὑσμίνας
2477 3721 2573 3772 631
2597 3719 2783 3783 -1-712

700 3795 993 3878 συνεχέως
1029 3794 1326 3904 ἐμάχοντο
1369 3793 1511 3857 δέκα
1554 3797 1797 3869 πλείους
1843 3791 2182 3870 ἐνιαυτούς·
2681 3806 2779 3855 636

696 3880 837 3944 οὐδέ
879 3907 968 3957 τις
1013 3875 1095 3962 ἦν
1138 3880 1327 3962 ἔριδος
1369 3885 1626 3961 χαλεπῆς
1672 3881 1843 3956 λύσις
1888 3878 2029 3942 οὐδὲ
2074 3879 2311 3960 τελευτὴ

696 3964 1058 4050 οὐδετέροις,
1106 3961 1238 4028 ἴσον
1280 3962 1346 4027 δὲ
1390 3963 1551 4039 τέλος
1608 3963 1809 4028 τέτατο
1850 3964 2176 4045 πτολέμοιο.

612 4106 835 4166 Versus
881 4108 1216 4167 671—673
1275 4125 1345 4165 ex
1390 4103 1580 4163 altera
1623 4103 1970 4181 Theogonis
2022 4105 2265 4180 eiusque
2318 4105 2780 4180 interpolatione

445 4190 799 4265 simpliciter
839 4192 936 4251 hic
989 4191 1259 4269 repetiti,
1320 4190 1442 4250 635
1488 4188 1757 4248 adhibito
1805 4190 1924 4248 629
1984 4192 2045 4249 et
2099 4190 2251 4265 631,
2309 4207 2489 4264 porro
2535 4191 2661 4249 674
2690 4207 2778 4264 sq.

443 4273 714 4335 adhibito
748 4277 868 4335 715
899 4295 934 4334 a
977 4278 1458 4354 conglutinatore
1487 4274 1713 4335 invecti
1756 4276 1916 4333 sunt.
1992 4272 2112 4332 Sed
2153 4279 2296 4350 post
2340 4273 2489 4333 illud
2536 4274 2781 4334 initium

444 4361 646 4417 utrum
691 4361 897 4419 statim
941 4364 1119 4436 poeta
1160 4380 1290 4438 eos,
1347 4361 1452 4437 qui
1497 4378 1638 4419 sane
1683 4358 1989 4418 commode
2032 4359 2198 4434 sequi
2244 4362 2603 4434 poterant
2647 4378 2776 4418 ver·

442 4462 543 4504 sus
602 4444 934 4503 687—712
993 4464 1070 4504 an
1125 4446 1272 4506 alios
1329 4445 1601 4522 posuerit
1655 4443 1917 4520 ambigui
1982 4442 2369 4519 diuturnique
2435 4445 2780 4505 certaminis
