3132 5129
1247 398 1705 463 -289—

303 561 606 621 modendi.
700 558 794 619 Ob
849 578 1026 634 quem
1082 560 1361 617 conatum
1422 557 1486 617 in
1529 560 1811 634 quantam
1858 557 2174 618 incurrerit
2216 557 2448 617 scholae
2490 558 2641 618 invi·

301 646 476 721 diam,
507 646 654 705 satis
684 647 920 705 constat
947 644 1010 703 in
1040 644 1388 702 universum
1419 642 1689 718 quidem3
1721 642 1825 701 sed
1849 643 2155 702 funestum
2185 643 2336 701 illud
2366 640 2640 720 magistri

301 731 588 789 iudicium
633 748 808 805 quam
853 731 960 787 aut
999 728 1224 789 iustum
1269 728 1452 785 fuerit
1504 730 1611 787 aut
1665 728 1963 804 iniquum,
2020 747 2142 788 uon
2196 729 2361 804 prius
2416 730 2643 804 poterit

303 817 546 891 penitus
591 814 874 890 perspici,
922 832 1099 889 quam
1147 812 1413 889 singula,
1462 832 1617 888 quae
1659 812 1755 871 hic
1798 814 1861 871 in
1906 833 2149 873 censum
2191 814 2471 895 veniunt,
2517 839 2639 880 mo·
2668 832 2705 880 4

301 904 506 960 menta
547 901 846 976 pensitata
888 898 1116 957 fuerint
1157 897 1373 956 omnia.
1448 897 1545 955 Ad
1588 916 1765 973 quem
1808 897 2073 957 laborem
2117 899 2340 976 aliquid
2370 905 2637 967 conferre

305 1005 438 1045 oum
481 986 720 1044 animus
764 985 862 1059 sit,
909 983 970 1041 in
1015 984 1124 1041 hac
1167 981 1484 1056 scribendi,
1530 1002 1681 1057 quae
1723 983 1857 1059 lege
1896 985 2340 1062 praescribitur,
2388 995 2644 1051 necessi-

304 1074 430 1129 tate
472 1089 596 1130 non
639 1067 966 1127 differenda
1007 1067 1180 1126 libris
1226 1085 1470 1142 prorsus
1525 1068 1851 1127 destitutus
1893 1070 2093 1143 paucis
2138 1070 2512 1148 singulorum
2557 1078 2643 1137 lo-

306 1174 506 1214 corum
550 1153 1070 1213 emendationibus
1113 1152 1360 1228 defungi
1406 1170 1604 1227 cogor,
1650 1170 1795 1227 quas
1838 1153 2077 1228 quidem
2121 1174 2452 1231 proponere
2494 1162 2643 1223 mihi

303 1240 447 1299 licet
488 1239 776 1299 memoria
819 1240 1052 1297 tantum
1099 1236 1518 1312 schedulisque
1563 1238 1921 1312 quibusdam
1964 1238 2189 1299 adiuto.

475 1324 592 1383 Sed
636 1325 700 1383 in
745 1322 1179 1382 constituendis
1223 1324 1432 1396 poetae
1477 1322 1675 1381 verbis
1716 1323 1947 1396 primus
1976 1322 2313 1387 Brunckius
2343 1334 2641 1391 constanti

306 1410 403 1470 via
461 1411 766 1486 grassatus
825 1410 944 1482 est,
1013 1407 1182 1465 cuius
1237 1409 1482 1465 strenua
1538 1424 1723 1481 opera
1774 1407 1965 1466 multo
2019 1408 2153 1484 plus
2210 1414 2339 1487 opis
2394 1417 2644 1475 carmini

307 1495 623 1568 attulisset,
670 1492 788 1553 nisi
828 1493 986 1550 mala
1027 1492 1268 1550 fortuna
1312 1492 1558 1566 pessimi
1604 1491 1811 1566 duces,
1856 1493 2203 1568 interpolati
2248 1498 2642 1561 bibliothecae

307 1578 606 1638 Parisinae
662 1577 919 1651 codiceS,
976 1578 1031 1635 ei
1085 1577 1287 1635 essent
1345 1574 1550 1635 oblati.
1640 1575 1831 1649 Cuius,
1878 1595 2135 1638 errorem
2196 1584 2299 1659 qui
2354 1586 2644 1662 castigare

311 1664 571 1740 suscepit
613 1662 1006 1737 WellaueruS,
1052 1664 1210 1719 recte
1255 1660 1495 1736 quidem
1537 1661 1867 1733 meliorem,
1907 1682 2088 1738 quam
2134 1672 2502 1747 sequeretur,
2549 1690 2643 1731 co-

307 1749 503 1807 dicum
557 1746 844 1807 familiam
899 1746 1106 1822 elegit,
1165 1745 1269 1804 sed
1325 1746 1643 1820 quominus
1688 1748 1752 1804 et
1793 1747 1866 1805 iis
1910 1750 2067 1807 recte
2110 1752 2331 1829 ubique
2376 1758 2647 1815 uteretur

307 1836 367 1892 et
409 1835 536 1909 ipse
580 1833 838 1891 multum
882 1830 1254 1889 emendando
1298 1830 1764 1906 explicandoque
1807 1837 2016 1907 poetae
2059 1842 2415 1914 praestaret,
2478 1846 2649 1901 curta

309 1918 614 1978 doctrinae
657 1917 1000 1994 ingeniique
1045 1915 1414 1990 supellectile
1458 1914 1796 1991 prohibitus
1842 1919 1950 1975 est.
2025 1918 2215 1979 Multo
2259 1923 2395 1998 plus
2426 1927 2479 1983 ei
2510 1945 2646 2000 pro-

310 2003 506 2062 fuerat
560 2000 928 2076 GerharduS,
993 2002 1160 2059 cuius
1214 2000 1499 2059 lectiones
1555 2000 1989 2076 Apollonianae
2045 2007 2338 2083 omnium,
2394 2010 2497 2085 qui
2551 2010 2646 2070 his

311 2086 521 2147 studiis
588 2105 826 2163 operam
894 2086 1068 2161 dant,
1134 2085 1410 2143 manibus
1465 2088 1763 2145 teruntur.
1852 2086 2027 2145 Haud
2082 2109 2268 2165 pauca
2326 2094 2649 2170 diligenter

313 2172 700 2250 sollerterque
744 2189 853 2247 pro
897 2189 1005 2230 suo
1051 2188 1214 2229 more
1243 2170 1556 2229 adnotavit
1588 2168 1934 2246 Spitznerus
1964 2172 2027 2230 in
2056 2178 2418 2255 recensione,
2466 2198 2647 2255 quam

312 2258 382 2317 de
439 2257 701 2317 editione
745 2254 1186 2314 Wellaueriana
1241 2254 1498 2330 scripsit.
1586 2254 1896 2314 Nonnulla
1954 2257 2079 2331 ipse
2123 2260 2269 2319 olim
2312 2265 2539 2321 correxi
2584 2266 2646 2323 in

309 2342 697 2402 coniectaneis
753 2362 810 2401 a.
862 2342 1022 2399 1838
1080 2340 1256 2398 editis
1315 2334 1503 2419 [infra
1547 2358 1609 2414 p.
1657 2340 1782 2399 300
1807 2337 1988 2418 sqq.].
2065 2342 2267 2403 Unum
2321 2347 2648 2407 Mediceum

314 2446 456 2502 prae
501 2426 711 2487 ceteris
757 2425 1032 2485 omuibus
1077 2424 1442 2500 sequendum
1487 2442 1617 2483 esse
1660 2443 1855 2500 nuper
1898 2425 2101 2486 docuit
2146 2429 2489 2491 Merkelius.

477 2511 575 2571 Ad
632 2530 758 2571 rem
813 2512 931 2570 iam
985 2511 1176 2587 ipsam
1231 2509 1566 2586 aggredior.
1654 2508 1905 2588 Legitur
1969 2510 2159 2590 igitur
2221 2515 2283 2575 in
2341 2516 2651 2594 Apollonii

317 2597 736 2674 Argonauticis
777 2595 826 2673 I,
875 2597 954 2656 88
986 2615 1073 2670 sq.

615 2709 926 2794 Εὐρύτου,
971 2695 1022 2795 ᾧ
1064 2708 1212 2791 πόρε
1257 2709 1427 2785 τόξον
1461 2705 1822 2792 Ἑκηβόλος,
1867 2708 2003 2774 οὐδ’
2048 2709 2318 2796 ἆπόνητο

615 2798 899 2876 δωτίνης·
945 2792 1108 2879 αὐτῷ
1149 2794 1262 2878 γὰρ
1305 2793 1466 2858 ἑκών
1511 2795 1744 2878 ἐρίδηνε
1788 2797 2009 2880 δοτῆρι.

315 2936 438 2996 Sua
491 2943 691 3011 sponte
743 2937 904 3014 quod
951 2937 1213 3012 Eurytus
1266 2935 1488 2996 dicitur
1543 2937 1768 2996 rixatus
1823 2956 1949 2996 esse
2007 2957 2139 2998 cum
2186 2941 2465 3017 Apolline
2529 2961 2651 3003 uon

317 3024 456 3082 satis
498 3023 804 3100 intellego,
851 3021 1131 3097 quoniam
1175 3041 1212 3078 a
1255 3039 1372 3096 quo
1418 3020 1550 3096 cogi
1593 3021 1863 3097 potuerit
1904 3023 1979 3080 ad
2022 3023 2083 3082 id
2113 3025 2449 3086 faciendum
2492 3030 2651 3104 cogi-

317 3108 426 3165 tari
471 3109 572 3166 vix
615 3111 827 3183 potest.
915 3105 1372 3165 Restituendum
1417 3104 1659 3165 videtur
1702 3101 1878 3166 ἕλῶνε
1940 3112 2255 3184 postquam
2300 3115 2515 3186 accepit
2559 3132 2651 3172 ar-

326 3209 475 3267 cum,
523 3211 592 3250 eo
637 3196 845 3251 contra
886 3193 1146 3252 datorem
1187 3190 1408 3249 abusus
1454 3193 1564 3250 est.

485 3275 642 3336 Ibid.
691 3277 816 3336 210
860 3277 932 3335 de
974 3276 1186 3335 Iasone
1228 3274 1413 3350 Iphiti
1457 3275 1725 3351 hospite:

721 3445 795 3454 —-
843 3411 1034 3483 ξεῖνος
1080 3406 1148 3468 δέ
1189 3407 1254 3468 ot
1289 3405 1422 3471 ἔσκε
1464 3407 1795 3486 πάροιθεν,

616 3488 766 3575 ἦμος
811 3492 918 3575 ἔβη
963 3493 1233 3554 Πυθῶδε
1276 3493 1643 3572 θεοπροπίας
1690 3491 1964 3574 ἐρεείνων

615 3578 925 3658 ναυτιλίης
941 3597 956 3612 ·
1002 3577 1142 3640 τόθι
1182 3571 1295 3659 γάρ
1337 3599 1444 3656 μιν
1487 3575 1605 3651 ἑοῖς
1650 3575 1938 3641 ὑπέδεκτο
1982 3579 2233 3658 δόμοισι.

323 3714 543 3776 Verum
600 3719 648 3777 si
707 3724 860 3778 esset
912 3714 1086 3794 τόθι,
1134 3717 1511 3793 Apollonius'
1542 3719 1607 3775 et
1648 3717 1845 3794 Iphito
1890 3719 2140 3794 Delphis
2185 3721 2426 3781 domum
2472 3721 2655 3782 fuisse
2703 3684 2711 3690 -

322 3801 612 3862 indicaret
640 3806 702 3862 et
747 3803 958 3880 locum,
1005 3803 1108 3862 ubi
1138 3804 1464 3879 excepisset
1491 3800 1787 3874 Iasonem,
1836 3805 2016 3863 nimis
2055 3809 2371 3880 premeret.
2445 3805 2656 3868 Potius

323 3886 610 3961 temporis
652 3890 818 3949 notio
861 3888 1202 3964 requiritur,
1250 3906 1430 3964 quam
1475 3887 1697 3946 inferas
1742 3887 2054 3948 scribendo
2100 3885 2246 3949 τότε.

486 4003 642 4069 Ibid.
693 4007 834 4069 239.
884 4039 958 4048 —
1010 4039 1088 4048 —
1133 3999 1289 4082 ἀμφὶ
1335 3999 1399 4063 δὲ
1439 4007 1604 4063 λαῶν

875 4087 1118 4168 πληθὺς
1163 4084 1570 4168 ἐπερχομένων
1609 4084 1833 4164 ἄμυδις
1876 4085 2043 4150 θέεν.

491 4209 580 4268 De
624 4211 962 4286 corruptela
1004 4211 1388 4271 consentiunt
1430 4209 1544 4269 viri
1592 4207 1779 4269 docti:
1824 4227 1997 4268 nemo
2041 4215 2244 4270 tamen
2290 4214 2504 4288 poetae
2534 4231 2656 4272 ma-

330 4309 466 4351 num
513 4296 794 4355 restituit.
885 4295 1038 4354 Nam
1084 4295 1243 4372 quod
1288 4294 1664 4354 Wellauerus
1708 4295 2021 4369 proposuit
2064 4295 2300 4374 πλῆθος
2346 4291 2655 4375 ἐπερχομέ-

329 4396 476 4448 νων,
543 4381 606 4438 in
667 4399 735 4439 eo
797 4398 908 4439 nec
962 4377 1198 4458 πλῆθος
1255 4381 1448 4457 placet
1503 4378 1797 4454 pedestris
1855 4380 2140 4440 orationis
2194 4381 2551 4442 vocabulum
2594 4385 2659 4442 et

333 4460 602 4538 displicet
644 4465 892 4524 verbum
937 4465 1009 4524 de
1037 4465 1544 4543 aggredientibus,
1592 4482 1710 4523 non
1743 4464 1816 4523 de
1846 4464 2317 4542 ingredientibus
2349 4459 2659 4526 usitatum.

425 4569 942 4620 xooh15.sohrimn.
995 4571 1036 4612 1.
2192 4569 2253 4615 19
2346 4587 2356 4594 ¹
