3132 5129
1400 381 1859 445 „320-

362 548 427 597 29
469 538 766 613 quomodo
810 537 952 596 haec
996 538 1374 596 cohaereant:
1443 534 1652 615 ἕτμαγε
1708 534 1909 608 ὃάψας
1957 529 2176 613 ὁρμιὴν
2218 532 2371 615 ὑπὲρ
2414 533 2625 615 ῥάχιν,
2683 537 2803 597 ulla

468 624 697 681 ratione
743 622 998 698 perspici
1043 626 1269 698 potest,
1327 641 1517 697 neque
1561 621 1827 698 anthias,
1873 623 2038 681 cuius
2082 640 2148 681 os
2192 622 2403 681 robore
2446 627 2607 681 caret
2652 620 2801 698 (vid.
2924 628 2929 631 ’

463 728 518 767 v.
551 708 672 765 327
700 704 846 783 sq.),
906 707 1210 782 dentibuS,
1270 707 1371 766 sed
1431 711 1605 766 acuta
1659 708 1834 782 spina
1887 707 2216 765 funiculum
2273 707 2549 767 dissecat.
2638 707 2803 766 Nihil

465 796 665 850 autem
695 791 993 851 subsidii
979 811 1043 850 m
1074 753 1264 851 libris.
1313 792 1467 850 Nam
1495 792 1701 867 quod
1685 805 1749 851 ιιι
1780 784 2517 869 Sylburg.6§157woov,in
2550 792 2737 850 Palat.
2769 797 2797 849 1

461 867 751 972 ἆνδάψας
797 876 1047 953 legitur,
1096 877 1232 935 inde
1262 894 1465 952 nem0,
1512 878 1754 953 opinor,
1801 876 2029 954 aliquid
2061 878 2190 936 sani
2221 878 2554 936 extricabit.
2603 876 2801 936 Verbo

462 958 665 1037 ὃάψας
729 962 791 1020 in
855 964 1109 1036 utroque
1155 961 1342 1021 Paris.
1410 962 1709 1037 adscripta
1769 964 1863 1021 est
1934 961 2134 1038 glossa
2201 959 2533 1035 πλησάσας.
2641 962 2799 1021 Ηίιιο

458 1046 842 1106 Schneiderus
894 1045 1212 1122 legendum
1270 1065 1397 1106 esse
1459 1047 1738 1106 coniecit·
1804 1042 2056 1103 πολλάκι
2116 1041 2183 1100 ὁ
2164 1067 2190 1103 ε
2245 1040 2570 1115 πελάσας
2626 1039 2803 1122 ῥάχιν

460 1123 810 1208 ὀξύπρωρον
856 1125 1209 1207 ἔτμηξεν,
1254 1131 1412 1206 quod
1459 1131 1678 1207 quibus
1723 1131 1795 1191 de
1840 1131 2030 1191 causis
2074 1131 2314 1206 probari
2358 1134 2633 1206 nequeat,
2678 1150 2801 1190 non

461 1236 613 1291 opus
644 1220 737 1275 est
780 1215 1050 1292 pluribus
1095 1219 1440 1292 exponatur.
1516 1217 1885 1291 Quamquam
1918 1215 2137 1291 fateor,
2184 1215 2475 1275 lubricam
2507 1217 2567 1275 h.
2598 1217 2636 1275 l.
2672 1235 2799 1275 esse

462 1301 970 1377 emendationem,
1017 1300 1267 1360 fortasse
1313 1303 1513 1361 tamen
1558 1306 1752 1400 poeta
1781 1301 2015 1361 dedisse
2044 1262 2375 1360 videbitur·
2424 1290 2574 1372 ὑπὲρ
2620 1297 2799 1378 ῥάχιν

463 1382 671 1464 ἔτμαγε
717 1379 1021 1460 κάμψας
1063 1377 1309 1462 ὀρμιήν,
1355 1386 1392 1445 i.
1425 1405 1476 1445 e.
1524 1388 1694 1462 spina
1737 1386 1798 1444 in
1844 1386 2113 1461 superius
2156 1386 2306 1445 flexa
2349 1385 2548 1444 sunem
2590 1386 2799 1445 discin-

464 1472 570 1533 dit.
655 1470 818 1528 Idem
864 1471 1057 1529 inesse
1102 1470 1341 1529 videtur
1384 1471 1447 1529 in
1490 1470 1688 1530 verbis
1735 1469 2017 1547 Ovidii,
2063 1471 2168 1546 qui
2211 1470 2274 1529 in
2320 1469 2584 1530 Halieut.
2632 1491 2686 1531 v.
2716 1472 2797 1528 45

461 1556 548 1614 ita
593 1555 664 1614 de
708 1555 819 1613 hoc
861 1554 1020 1631 pisce
1066 1556 1253 1614 canit.

764 1673 1017 1732 Anthias
1061 1673 1153 1733 his
1198 1677 1366 1751 tergo
1411 1693 1559 1751 quae
1603 1692 1726 1733 non
1768 1674 1934 1733 videt
1976 1675 2173 1733 utitur
2215 1675 2424 1752 armis,

763 1757 906 1816 Vim
948 1759 1156 1833 spinae
1198 1760 1480 1836 novitque
1527 1778 1699 1834 suae,
1742 1777 2014 1833 versoque
2057 1760 2308 1835 supinus

774 1841 1048 1917 Corpore,
1093 1843 1216 1903 lina
1260 1847 1450 1918 secat,
1496 1844 1796 1919 fixumque
1841 1845 2146 1920 intercipit
2191 1845 2450 1904 hamum.

461 1963 541 2021 Et
570 1962 808 2023 videtur
837 1962 1129 2021 eiusmodi
1167 1962 1312 2037 quid
1357 1964 1609 2022 sensisse
1655 1964 1837 2021 etiam
1880 1963 2199 2022 scholiasta
2230 1963 2536 2040 Sylburg,
2586 1982 2794 2038 quam-

462 2064 641 2123 quam
687 2047 811 2121 hic,
873 2047 989 2105 nisi
1045 2048 1198 2106 forte
1255 2048 1492 2107 diversa
1533 2048 1897 2124 glossemata
1942 2052 2161 2106 temere
2207 2049 2269 2107 in
2313 2067 2497 2107 unum
2542 2047 2797 2106 conflata

459 2135 629 2207 sunt,
687 2151 973 2207 perquam
1019 2133 1258 2191 confuse
1317 2132 1551 2191 locutus
1610 2134 1701 2191 est
1754 2133 1865 2191 ita:
1922 2125 2203 2202 πολλάκις
2246 2126 2370 2191 ὑπὸ
2416 2130 2519 2208 (an
2562 2126 2799 2212 ὑπὲρῗ)

456 2213 568 2295 τὴν
597 2213 773 2296 ῥάχιν
800 2211 989 2275 αυτοῦ
1020 2214 1129 2294 τὴν
1150 2209 1352 2288 ὀξεῖαν
1378 2210 1921 2295 ὑπερπηδήσας
1953 2213 2134 2287 ἔκοψε
2164 2238 2292 2294 την
2303 2220 2544 2294 σχοῖνον
2575 2213 2795 2275 δακών.

1422 2423 1640 2496 Liber
1696 2421 1817 2497 IV.

626 2526 700 2588 V.
746 2529 851 2589 46.

758 2627 878 2689 Καὶ
920 2599 1103 2689 δόλον
1143 2625 1456 2707 ἠμάλθυνε
1500 2627 1601 2689 καὶ
1643 2623 1931 2707 donatus
1980 2625 2018 2688 ά
2032 2652 2067 2689 κ
2082 2623 2121 2688 ά
2132 2651 2164 2707 χ
2179 2652 2217 2707 η
2229 2644 2265 2686 σ
2278 2650 2305 2689 ε
2321 2652 2374 2691 ν.

453 2751 721 2809 Nimium
763 2754 887 2825 est,
947 2751 1136 2810 dolore
1188 2750 1350 2822 affici
1394 2750 1748 2825 piscatorem
1796 2751 2000 2826 elapso
2043 2750 2225 2822 pisce.
2311 2750 2519 2809 Potius
2565 2769 2787 2825 scarus,

452 2837 555 2910 qui
601 2835 760 2893 hami
805 2835 1069 2894 funiculo
1116 2835 1396 2894 dentibus
1441 2840 1757 2912 perruptO,
1805 2836 2059 2894 alterum
2105 2855 2337 2894 scarum
2369 2836 2588 2895 liberat
2617 2835 2789 2894 hamo

452 2924 569 2978 iam
627 2924 962 2996 correptum
1019 2921 1245 2979 eludere
1310 2920 1663 2995 piscatorem
1720 2920 2000 2979 dicendus
2056 2924 2201 2982 erat.
2302 2920 2511 2996 Itaque
2568 2919 2790 2979 scribas

451 2998 888 3080 ἆπάφησεν,
949 3005 1107 3080 quod
1155 3005 1512 3064 vocabulum
1571 3006 1803 3081 saepius
1849 3006 1908 3063 in
1957 3003 2179 3075 Quinto
2236 3024 2341 3081 pro
2397 3006 2586 3063 altero
2641 3008 2703 3063 et
2757 3024 2792 3062 a

450 3089 754 3163 Spitznero
789 3092 851 3149 et
885 3110 922 3148 a
947 3090 1187 3149 Bonitio
1212 3093 1303 3149 est
1325 3091 1689 3150 restitutum.
1734 3088 2063 3149 Confirmat
2084 3091 2560 3150 emendationem
2580 3090 2689 3165 ΙΙΙ,
2708 3091 2787 3148 94

755 3205 1033 3278 πολλάκις
1078 3201 1457 3285 ἕξεπάφησαν
1500 3204 1827 3286 ἐπίφρονας
1869 3202 2259 3288 άγρευτῆρας.

624 3309 695 3369 V.
748 3313 866 3370 109
893 3331 982 3387 sq.

348 3415 416 3462 30
758 3408 1037 3470 Κύντατα
1083 3406 1142 3469 δ’
1193 3406 1253 3482 ἐς
1298 3404 1579 3488 φιλότητα
1623 3409 1725 3471 καὶ
1766 3403 2022 3472 ὕστατον
2067 3403 2300 3490 οἶστρον
2344 3407 2575 3488 ἔχοντες

754 3491 1067 3574 αὐτόμολοι
1109 3498 1446 3572 πιμπλᾶσιν
1488 3493 1771 3575 ἐφίμερον
1812 3489 2108 3575 ἀνδράσιν
2149 3493 2361 3574 ἄγρην.

449 3616 634 3675 Plane
677 3620 1120 3693 praeposterum
1164 3635 1342 3675 versu
1386 3616 1581 3690 primo
1626 3620 1718 3675 est
1771 3617 1919 3675 illud
1975 3614 2108 3692 καί,
2166 3620 2234 3674 ut
2277 3616 2373 3676 vel
2428 3635 2500 3674 ex
2542 3615 2783 3676 Riders-

448 3703 604 3762 husie·
628 3702 899 3762 versione
930 3704 1204 3777 apparet:
1237 3701 1792 3777 „impudentissime
1815 3721 1955 3762 vero
1987 3702 2049 3759 in
2080 3719 2340 3759 amorem
2372 3704 2433 3758 et
2452 3705 2783 3759 extremum

449 3788 759 3846 stimulum
805 3785 1131 3846 habentes“
1177 3789 1287 3845 etc.
1381 3786 1495 3845 Sed
1540 3785 1832 3846 medicina
1876 3788 1937 3845 in
1982 3788 2263 3862 promptu
2306 3789 2415 3844 est.
2509 3786 2781 3845 Scriben-

449 3870 591 3931 dum
635 3872 826 3930 enim:
874 3866 934 3942 ἐς
980 3867 1261 3947 φιλότητα
1305 3864 1726 3930 πανύστατον
1768 3863 2006 3950 οἶστρον
2048 3867 2295 3947 ἔχοντες.
2366 3869 2454 3928 Cf.
2501 3891 2558 3931 v.
2592 3872 2692 3934 92.

615 3955 690 4013 V.
731 3958 867 4014 126.

758 4059 895 4128 Τοῖς
940 4061 1126 4117 κεῖνοι
1169 4052 1410 4135 κύρτοιο
1450 4053 1633 4116 πέσον
1679 4049 2031 4137 λαγόνεσσιν
2075 4076 2284 4133 ομοιοι.

445 4176 540 4234 Ita
593 4175 748 4236 hunc
794 4196 1032 4237 versum
1073 4177 1455 4238 Schneidems
1506 4196 1580 4236 ex
1632 4178 2042 4237 emendatione
2097 4178 2388 4237 Brunckii
2443 4176 2656 4255 edidit,
2714 4177 2776 4235 in

445 4260 805 4405 ῖρὲἑίἐυξιιὶιιι
850 4261 1073 4337 legitur
1116 4263 1417 4322 omnibus·
1464 4251 1555 4332 ὣς
1599 4265 1804 4321 κεῖνοι.
1872 4262 2078 4321 Potius
2124 4262 2429 4339 Oppianus
2474 4263 2778 4338 scripsisse

748 4437 830 4518 ὣς
876 4451 1065 4507 κεῖνοι
1108 4445 1345 4527 κύρτοιο
1388 4445 1577 4507 πέσον
1618 4443 1968 4526 λαγόνεσσιν
2010 4443 2278 4526 ομοίως.
