3132 5129
1334 321 1788 385 -551-

386 477 820 575 conspergendi
865 478 969 536 aut
1015 477 1306 554 irrigandi
1352 478 1536 547 verba
1564 478 1703 538 ullis
1748 480 1844 538 hic
1887 481 2175 541 machinis
2221 482 2425 540 inferri
2454 488 2724 560 possunt,

385 564 498 621 nisi
559 582 743 621 unum
802 561 980 638 illud,
1042 563 1200 637 quod
1254 565 1566 639 proprium
1621 565 1716 623 est
1772 564 1844 623 de
1915 566 2024 624 hac
2082 585 2174 643 re,
2241 559 2722 645 ἆγνισθεῖσα.

386 648 1231 809 ilsslfrffissuzgfssqscripserst
1262 648 1611 725 Euripidae,
1658 649 1920 709 dubitari
1963 651 2140 726 plane
2171 671 2291 712 non
2322 656 2548 728 potest:
2599 654 2720 713 vid.

790 848 1031 929 ἄγγελλε
1079 845 1136 907 δ’
1151 892 1170 925 ,
1216 845 1297 921 ὥς
1339 846 1521 911 ὄλωλ’
1568 847 1678 911 ὑπ’
1722 847 1989 931 Ἀργείας
2033 852 2192 926 τινὸς

791 931 1078 1013 γυναικὸς
1122 930 1283 1012 ἀμφὶ
1325 934 1536 1017 βωμὸν
1579 931 1985 1015 ἁγνισθεὶς
2031 937 2221 1021 φόνῳ.

387 1056 468 1114 Ε13
511 1056 586 1114 cf.
631 1056 762 1115 Alc.
818 1058 896 1114 74
930 1076 1063 1133 sqq.
1108 1057 1210 1115 ubi
1258 1057 1566 1116 Thanatus
1613 1057 1782 1116 dicit:

786 1173 991 1250 στείχω
1033 1168 1094 1233 δ’
1142 1164 1234 1232 ἐπ’
1283 1168 1504 1253 αὐτήν,
1549 1167 1629 1245 ὦς
1674 1169 2045 1255 κατάρξωμαι
2089 1177 2273 1255 ξίφει·

787 1257 942 1357 ἱερὸς
983 1258 1099 1360 γὰρ
1140 1250 1316 1330 οὗτος
1358 1258 1480 1319 τῶν
1521 1257 1674 1319 κατὰ
1718 1260 1941 1337 χθονὸς
1986 1266 2174 1341 θεῶν,

786 1364 929 1402 οτου
973 1335 1099 1403 τόδ’
1148 1341 1316 1423 ἔγχος
1360 1342 1572 1424 κρατὸς
1616 1340 1889 1430 ἆγνίσῃ
1934 1346 2123 1424 τρίχα.

389 1464 684 1523 Similiter
730 1464 805 1523 de
849 1483 1016 1556 sacra
1060 1463 1303 1524 facturis
1348 1464 1564 1523 dicitur
1607 1466 1702 1525 El.
1752 1469 1872 1526 793
1904 1486 1994 1542 sq.

956 1615 1036 1625 —
1128 1615 1202 1624 —
1292 1616 1375 1627 —
1462 1577 1896 1660 ἡγνίσμεθα

785 1669 1082 1745 λουτροῖσι
1127 1670 1424 1746 καθαροῖς
1469 1668 1775 1746 ποταμίων
1820 1666 2087 1747 ῥείθρων
2128 1666 2267 1728 ὀίπο.

257 1842 260 1849 3
381 1788 595 1846 Utrum
643 1806 781 1847 vero
824 1780 980 1864 ἀμφὶ
1025 1785 1329 1864 χαίταν,
1378 1788 1538 1865 quod
1583 1793 1643 1847 et
1684 1789 1906 1849 Aldina
1948 1789 2126 1849 habet
2170 1793 2233 1849 et
2264 1789 2315 1848 0
2353 1791 2567 1850 habere
2610 1813 2714 1890 pu-

381 1877 573 1949 tatur,
619 1892 696 1931 an
739 1866 895 1948 ἄμφὶ
951 1870 1121 1951 χαίτα
1167 1874 1491 1932 secundum
1533 1874 1623 1949 B,
1683 1875 1785 1949 qui
1829 1868 1984 1951 ἀμφὶ
2026 1872 2197 1951 χαίτα
2241 1876 2515 1951 praebet,
2572 1878 2713 1936 scri-

378 1958 639 2017 bendum
684 1957 790 2033 sit,
839 1960 998 2016 certo
1044 1957 1277 2017 definiri
1322 1960 1565 2034 nequit:
1623 1959 1896 2034 equidem
1944 1963 2194 2035 propter
2235 1980 2287 2022 v.
2336 1962 2457 2019 622
2505 1959 2714 2037 χαίτην

379 2037 532 2119 ἀμφὶ
580 2032 695 2114 σὴν
738 2041 1097 2119 χερνίψομαι
1141 2045 1545 2102 accusativum
1588 2044 1861 2120 praetuli.

547 2127 835 2186 Venimus
880 2128 997 2187 iam
1043 2127 1118 2186 ad
1163 2127 1578 2187 difficillimam
1622 2129 1795 2187 huius
1841 2129 2122 2188 carminis
2168 2130 2514 2205 clausulam,
2564 2150 2714 2206 quae

379 2237 433 2278 v.
482 2215 603 2272 452
639 2233 770 2311 sqq.
816 2214 878 2271 in
922 2213 981 2271 B
1025 2212 1110 2270 sic
1148 2212 1402 2307 legitur.
1450 2234 1566 2290 γαρ
1611 2207 1871 2288 ὀνείρασι
1912 2211 2210 2289 συμβαίην
2249 2213 2258 2286 Ι
2298 2211 2502 2286 δόμοις
2546 2211 2714 2273 πόλει

379 2319 437 2357 τε
482 2292 725 2379 πατρῴα
764 2296 775 2367 Ι
813 2304 1087 2374 τερπνῶν
1142 2288 1346 2374 ὕμνων
1388 2289 1729 2356 ἀπόλαυσιν
1767 2294 1777 2375 Ι
1813 2293 2024 2355 κοινὰν
2054 2318 2228 2375 χαριν
2257 2294 2426 2373 ὅλβα.
2499 2299 2591 2357 Ex
2621 2300 2713 2359 his

377 2403 559 2444 unum
604 2385 899 2443 incertum
944 2386 1037 2443 est
1072 2401 1215 2442 num
1259 2384 1497 2462 legatur
1540 2386 1604 2443 in
1636 2382 1831 2442 codice
1865 2379 2097 2459 δόμοις,
2141 2383 2301 2459 quod
2344 2402 2486 2443 sane
2533 2384 2713 2443 habet

380 2470 453 2539 0,
513 2469 617 2527 sed
682 2469 850 2528 illato
908 2472 1150 2564 propter
1192 2471 1448 2528 metrum
1505 2465 1759 2537 οἴκοις
1815 2468 2044 2543 expulit
2097 2470 2396 2529 Musurus.
2482 2468 2711 2527 Deinde

377 2574 488 2632 pio
533 2553 748 2613 ultima
792 2574 935 2615 voce
983 2553 1034 2614 G
1074 2544 1227 2633 ὄλβῳ
1271 2554 1478 2630 habet,
1540 2554 1645 2630 qui
1690 2573 1765 2613 an
1810 2573 1944 2614 cum
1991 2553 2209 2612 Aldina
2252 2558 2314 2613 et
2356 2554 2532 2614 initio
2589 2549 2710 2612 καὶ

379 2644 517 2700 ante
562 2635 676 2716 γάρ
721 2639 900 2698 addat
943 2642 1005 2697 et
1048 2637 1259 2696 deinde
1314 2634 1712 2698 ἀπολαύειν
1755 2638 2001 2697 habeat
2017 2658 2124 2714 pro
2169 2632 2538 2711 ἀπόλαυσιν
2582 2660 2710 2698 1111·-

377 2745 477 2784 sus
522 2725 818 2783 nescitur!
867 2721 1237 2798 Quamquam
1286 2724 1429 2799 quid
1474 2724 1781 2822 praebeat,
1828 2741 1950 2782 non
1980 2723 2239 2782 multum
2283 2726 2466 2785 refert
2511 2727 2572 2784 in
2618 2729 2711 2784 tot

376 2810 682 2884 tantisque
729 2807 1203 2867 difficultatibus.
1282 2810 1542 2879 Quaium
1589 2809 1781 2883 prima
1824 2827 1957 2868 cum
1998 2809 2192 2884 posita
2234 2812 2389 2868 esset
2432 2812 2491 2868 in
2538 2830 2710 2885 „ver-

376 2896 465 2954 bis
508 2913 619 2954 nec
665 2892 996 2951 sententiae
1038 2910 1147 2950 nec
1188 2896 1377 2952 metro
1433 2893 1631 2968 aptis“
1691 2886 2033 2970 ὀνείρασι
2089 2892 2503 2971 συμβαίην,
2560 2915 2709 2970 quae
2754 2899 2786 2948 8

377 2982 602 3039 frustra
646 2981 892 3037 conatus
937 2979 1029 3036 est
1072 2976 1385 3036 defendere
1418 2977 1719 3038 Seidlerus
1750 2997 1881 3037 cum
1911 2980 2075 3054 aliie,
2127 2980 2229 3054 qui
2260 2998 2500 3054 prorsus
2530 2981 2707 3039 alieni

375 3069 546 3142 sunt,
592 3063 742 3124 locis
787 3066 917 3123 tum
961 3061 1394 3137 Aristophaneo
1439 3064 1545 3123 illo
1590 3065 1741 3124 Ran.
1789 3064 1911 3125 807

777 3178 915 3240 οὔτε
957 3178 1070 3259 γὰρ
1110 3172 1487 3255 Ἀθηναίοισι
1533 3173 1846 3257 συνέβαιν’
1898 3178 2230 3259 Αἰσχύλος,

373 3304 748 3363 Hermannus
806 3300 1154 3377 Euripidem
1213 3301 1517 3376 scripsisse
1581 3302 1993 3377 pronuntiavit
2046 3297 2147 3358 καὶ
2216 3291 2329 3379 γαρ
2382 3294 2708 3379 ὀνείροις

375 3384 765 3463 ἐπιβαίην,
822 3405 939 3462 quo
985 3385 1234 3446 chorum
1277 3389 1586 3461 optantem
1631 3387 1870 3461 fecerit,
1932 3392 2001 3446 ut
2056 3388 2151 3445 vel
2196 3387 2258 3445 in
2317 3387 2536 3445 somnis
2594 3380 2747 3444 sibi'

372 3474 678 3532 videretur
719 3471 930 3547 pedem
973 3488 1194 3546 ponere
1237 3471 1302 3530 in
1345 3472 1556 3547 patria.
1630 3470 1899 3530 Eandem
1929 3472 2288 3530 sententiam
2318 3472 2523 3530 intulit
2551 3470 2703 3529 Har·

376 3562 599 3635 tungus
644 3556 898 3633 legendo
941 3552 1196 3634 καὶγὰρ
1243 3550 1625 3631 ὀνείροισί
1677 3574 1799 3632 μοι
1852 3553 1968 3631 εἴη
2009 3549 2068 3612 ’ν
2125 3553 2408 3631 δόμοις.
2493 3556 2702 3615 Fortu-

374 3646 553 3702 natos
598 3641 868 3717 profecto
913 3641 1220 3715 mortaleS,
1267 3642 1369 3717 qui
1413 3659 1747 3716 nunquam,
1807 3640 2168 3702 Ovidianum
2213 3641 2365 3700 illud
2411 3673 2492 3683 —

545 3761 876 3838 „nescio,
923 3780 1062 3835 qua
1103 3761 1362 3819 natale
1409 3759 1647 3818 solum
1694 3755 2087 3818 dulcedine
2133 3763 2451 3819 cunctos

671 3846 884 3905 ducit
926 3848 997 3905 et
1040 3844 1505 3905 immemores
1551 3863 1693 3904 non
1739 3845 1924 3903 sinit
1980 3863 2142 3903 esse
2188 3843 2355 3903 sui“

375 3999 449 4008 —
497 3986 674 4041 quam
717 3965 842 4024 vim
888 3964 1105 4024 habeat
1148 3966 1211 4023 in
1254 3966 1524 4024 exsulum
1553 3964 1794 4040 animiS,
1842 3963 1959 4039 ipsi
1988 3964 2218 4038 experti
2250 3963 2420 4022 sunt!
2471 3962 2705 4022 Scirent

371 4052 637 4126 alioquin
683 4050 783 4125 iis,
832 4051 933 4125 qui
977 4050 1105 4110 sive
1159 4069 1327 4109 caeca
1369 4051 1626 4109 fatorum
1673 4050 1985 4125 iniquitate
2031 4049 2154 4107 sive
2203 4048 2462 4125 maligno
2508 4048 2700 4107 inimi·

373 4154 576 4196 corum
625 4135 759 4194 odio
804 4153 910 4210 per
962 4134 1202 4211 longam
1257 4153 1547 4194 annorum
1606 4136 1817 4194 seriem
1872 4133 2064 4209 erepti
2118 4133 2241 4191 sint
2297 4133 2401 4212 Γῇ
2453 4131 2702 4211 μητρί,

373 4212 692 4300 φιλτάτῃ
736 4226 1016 4301 τροφῷ,
1073 4238 1195 4279 11011
1248 4239 1486 4280 necesse
1531 4239 1660 4281 esse
1707 4223 1969 4295 optare
2015 4219 2245 4279 somnia
2304 4236 2457 4277 vano
2514 4218 2701 4278 dulcis

373 4305 650 4380 imaginis
708 4304 1113 4365 blandimento
1179 4306 1244 4364 in
1296 4306 1554 4381 patriam
1610 4306 1771 4381 ipsos
1836 4304 2204 4379 reducentis,
2270 4305 2492 4379 quippe
2551 4324 2702 4380 quae

374 4391 577 4466 optato
634 4391 1003 4465 frequentius
1058 4391 1133 4450 iis
1186 4392 1611 4467 superveniant
1664 4391 1920 4450 acriores
1966 4389 2246 4450 desiderii
2290 4388 2563 4449 stimulos
2608 4408 2701 4447 ex-
