3132 5129
1298 361 1757 423 -559—

360 519 521 578 inter
566 538 627 578 se
673 520 968 578 certantes
1013 517 1487 620 designarentur.
1553 519 1796 579 Etenim
1827 536 1957 578 cum
1990 492 2336 597 plerumque
2365 523 2690 582 secundum

354 604 643 680 hymnum
702 602 1081 663 Homericum
1126 622 1183 663 v.
1223 604 1338 661 117
1383 594 1538 678 ἄμφι
1596 600 1661 662 δὲ
1716 602 1948 675 φοίνικι
2002 602 2146 681 βάλε
2198 600 2378 683 πήχεε
2431 608 2687 683 palmam

356 691 591 748 tantum
622 689 858 749 Latona
887 689 1156 763 amplexa
1184 688 1613 763 perhibeatur
1596 708 1660 748 ιιι
1705 690 1875 748 fatali
1922 690 2289 767 discrimine,
2337 696 2406 751 ut
2435 713 2469 751 a
2500 693 2689 752 Theo-

353 773 535 852 gnide
590 777 628 834 5
653 794 740 850 sq.
788 806 866 816 --
913 772 1100 850 Φοῖβε
1155 768 1338 849 αναξ,
1395 769 1491 831 ὅτε
1545 769 1678 850 μέν
1709 789 1772 831 σε
1826 770 1943 833 θεὰ
1999 771 2128 834 τέκε
2182 770 2394 835 πότνια
2451 767 2635 852 Λητῶ
2677 775 2685 858 Ι

361 856 636 934 φοίνικος
694 856 941 937 ῥαδινῆς
972 853 1202 956 χερσὶν
1259 854 1649 957 ἐφαψαμένη
1676 892 1759 902 --
1816 862 1879 919 et
1931 858 2291 922 Callimacho
2347 863 2408 922 in
2463 863 2689 941 hymno

355 944 485 1003 Del.
513 946 634 1005 209
649 964 741 1020 sq.
770 977 850 987 -—
872 934 993 1002 ἆπό
1016 932 1070 998 δ’
1098 938 1307 1019 ἐκλίθη
1328 935 1649 1020 ἕμπαλιν“’
1601 961 1780 1041 ωμοις
1808 941 1816 1023 Ι
1841 943 2112 1019 φοίνικος
2142 941 2273 1004 ποτι
2297 942 2563 1025 πρέμνον
2587 984 2686 1015 —-

361 1029 679 1106 Euripides
722 1031 787 1088 in
829 1028 1110 1088 Hecubae
1152 1028 1282 1088 loco
1326 1028 1591 1106 laurum,
1648 1031 1713 1088 in
1754 1034 1959 1092 nostro
2002 1032 2135 1092 loco
2178 1036 2414 1108 praeter
2454 1033 2686 1092 laurum

354 1116 534 1173 etiam
586 1114 776 1174 oleam
829 1114 1063 1173 addidit
1115 1117 1423 1189 tamquam
1474 1115 1778 1175 adstantes
1837 1118 2016 1193 atque
2059 1117 2327 1178 Latonae
2370 1122 2581 1193 partus
2626 1119 2688 1176 in

359 1198 666 1259 doloribus
721 1218 932 1258 manus
989 1199 1329 1258 extendenti
1384 1203 1623 1277 gratum
1679 1201 2104 1261 adminiculum
2161 1204 2529 1279 praebentes„
2616 1203 2689 1261 In

356 1260 733 1361 antistropha
775 1304 832 1343 v.
868 1285 1030 1342 1116
1075 1276 1312 1361 βωμούς
1358 1304 1416 1342 τε
1460 1276 1864 1363 μηλοθύτας,
1869 1288 2134 1361 ,minime
2179 1289 2493 1348 convenire
2534 1307 2686 1364 arae,

353 1369 455 1428 ubi
510 1369 779 1428 homines
837 1368 1146 1428 dumtaxat
1200 1370 1496 1430 immolari
1552 1390 1681 1431 mos
1737 1372 1922 1448 erat“,
1991 1376 2152 1433 recte
2207 1374 2326 1432 iam
2382 1372 2690 1448 perspexit

356 1455 765 1531 MusgraviuS,
814 1453 1135 1513 dummodo
1179 1455 1485 1515 meliorem
1527 1457 1855 1517 invenisset
1896 1458 2280 1517 medicinam!
2356 1457 2500 1519 Eius
2530 1458 2687 1518 enim

352 1541 662 1599 inventum
704 1534 946 1616 βωμούς
990 1532 1044 1596 τ’
1094 1558 1177 1597 ον
1221 1536 1568 1615 μηλοθύτας
1610 1560 1785 1601 nemo
1830 1542 2194 1639 probaverit.
2283 1543 2477 1603 Acute
2521 1563 2688 1604 accu-

352 1628 597 1700 rateque
627 1625 776 1684 illud
808 1624 1025 1684 vitium
1071 1624 1348 1700 coarguit
1384 1625 1725 1703 Schoenius,
1772 1628 1936 1686 cuius
1980 1630 2185 1687 notam
2231 1627 2293 1686 in
2338 1622 2687 1689 scholastica

351 1709 610 1770 editione
655 1709 964 1770 delendam
1022 1709 1116 1768 hic
1172 1713 1441 1785 repetere
1498 1710 1588 1770 fas
1648 1711 1819 1771 duxi.
1880 1708 2113 1790 ,,βωμοὶ
2167 1710 2503 1789 μηλοθύται
2556 1733 2686 1785 vom

349 1793 556 1855 Altare
601 1795 702 1854 der
757 1795 1191 1854 taurisehen
1236 1792 1439 1854 Gottin
1481 1797 1607 1855 mul
1648 1799 1716 1855 in
1758 1799 1970 1858 diesem
2011 1798 2248 1868 Stie'eke,
2306 1801 2375 1858 in
2427 1801 2687 1859 welchem

350 1880 452 1938 der
490 1898 804 1955 yrausame
850 1877 1157 1939 Gebrauch
1200 1881 1302 1939 der
1343 1881 1825 1957 Mensehenopfer
1880 1885 2103 1944 iiberall
2153 1903 2217 1943 so
2266 1886 2411 1959 yrell
2462 1886 2686 1945 hervor-

348 1965 604 2039 9ehoben
645 1966 812 2033 wird,
856 1966 984 2024 uml
1017 1983 1135 2041 yar
1177 1966 1246 2024 in
1274 1966 1484 2049 (lwsem
1513 1967 2076 2045 Zusamvwnhcmye,
2122 1988 2207 2028 wo
2251 1970 2354 2029 der
2385 1968 2537 2030 Ghor
2563 1972 2687 2031 sein

350 2050 506 2109 Loos
549 2053 616 2107 in
657 2051 754 2109 ein
795 2050 1005 2109 solehes
1047 2051 1230 2111 Lami
1273 2051 1532 2124 entfiae'hrt
1576 2070 1653 2112 zu
1702 2056 1828 2113 sein
1886 2055 2135 2129 beklaqt,
2188 2056 2264 2113 ist
2318 2055 2511 2114 ho‘chst
2553 2056 2686 2126 auf-

347 2134 573 2207 fallend
636 2130 768 2193 und
819 2136 1147 2195 schwerlieh
1202 2137 1388 2195 damit
1429 2138 1517 2195 'zu
1558 2138 1982 2213 rechtfertiyen,
2039 2140 2176 2197 dass
2218 2140 2686 2199 wahrscheinlieh

345 2238 548 2279 ausser
591 2220 911 2279 Mem-chen
952 2220 1101 2279 auch
1145 2221 1303 2296 μῆλα
1349 2221 1475 2280 dort
1513 2222 1770 2296 yeopferi
1812 2225 1987 2281 scien.
2075 2223 2233 2281 Man
2285 2229 2549 2284 erwartet
2591 2226 2687 2283 ein

341 2307 552 2379 9erade
578 2305 691 2364 den
725 2305 1056 2364 tauri-schem
1079 2304 1321 2365 Brauch
1347 2306 1780 2367 bezeiclmendes
1796 2307 2070 2376 Beiwort,
2093 2326 2144 2367 z.
2163 2309 2242 2366 B.
2269 2304 2638 2381 ξεινοθύτας.

348 2388 766 2449 Coniecturam
811 2410 846 2447 a
893 2407 1071 2448 sensu
1114 2389 1651 2449 commendabilem
1695 2391 1916 2450 frustra
1961 2411 2234 2467 superare
2279 2393 2512 2453 studuit
2540 2393 2682 2452 Kvi-

347 2473 475 2533 cala
504 2494 565 2549 p.
598 2476 719 2535 268
750 2467 1177 2578 μελεοθύτας
1217 2474 1585 2534 confidenter
1623 2475 1998 2552 imperando,
2045 2495 2184 2536 vere
2216 2479 2517 2553 superavit
2544 2497 2684 2538 vero

349 2559 595 2621 invento
652 2557 894 2638 βωμούς
949 2554 1020 2616 θ’
1077 2550 1590 2630 Ἑλλανοθυτας
1657 2578 1861 2621 censor
1916 2560 2199 2623 Kvicalae
2258 2562 2680 2637 ZarnckianuS,

357 2646 522 2703 cuius
564 2645 843 2708 notitiam
887 2631 1124 2705 Klotzio
1170 2646 1373 2705 debeo,
1463 2644 1532 2704 Id
1579 2646 1789 2744 igitur,
1836 2648 1931 2706 cui
1976 2649 2157 2707 etiam
2203 2648 2684 2708 Rauchensteinii

358 2730 695 2790 coniectura
722 2751 781 2806 p.
813 2729 956 2788 XVI
983 2731 1214 2806 prolata
1252 2729 1475 2806 βωμοῖς
1517 2721 1681 2809 παρ’
1729 2725 1865 2789 ανδ
1877 2754 1910 2811 ρ
1927 2725 2189 2804 οθυταις
2219 2733 2422 2793 cedere
2455 2734 2681 2808 debuit,

359 2815 592 2891 vulgari
636 2815 863 2874 formae
906 2815 1203 2876 redditum
1248 2818 1464 2892 recepi.

514 2901 603 2959 De
648 2901 1067 2976 sequentibus),
1113 2921 1262 2977 quae
1308 2902 1420 2962 hoc
1462 2901 1642 2961 modo
1687 2902 1750 2960 in
1792 2902 1962 2963 libris
2006 2905 2318 2982 leguntur:

753 3007 994 3092 ζηλοῦσ’
1045 3014 1314 3123 (ζητοῦσ’
1365 3021 1442 3098 Β)
1490 3041 1646 3080 αταν
1689 3017 1789 3078 διὰ
1834 3042 1977 3081 παν·

752 3099 858 3173 τος
901 3098 1294 3203 δυσδαίμον’·
1345 3099 1411 3164 ἕν
1452 3127 1566 3183 γαρ
1611 3097 1901 3183 ἀνάγκαις

750 3181 822 3245 οὗ
864 3208 1107 3264 καμνεις
1154 3183 1489 3265 σύντροφος
1535 3186 1639 3251 α’ίν.

750 3266 1099 3371 μεταβάλλει
1145 3273 1560 3352 δυσδαιμονία.

749 3349 814 3415 τὸ
859 3379 974 3435 γαρ
1017 3355 1103 3434 (δὲ
1145 3361 1398 3422 fortasse
1445 3356 1523 3443 Β)
1566 3354 1698 3436 μετ’
1745 3355 2020 3439 εὐτυχίας
2064 3361 2403 3422 κακοῦσθαι

750 3446 1000 3515 θνατοῖς
1044 3440 1236 3522 βαρὺς
1280 3439 1463 3524 αἰων,

345 3597 707 3656 magnopere
752 3580 1096 3640 dubitatum
1141 3584 1235 3641 est
1283 3601 1317 3640 a
1359 3582 1700 3643 novissimis
1746 3583 2210 3681 interpretibus
2220 3587 2285 3643 in
2327 3604 2396 3644 eo
2442 3586 2680 3645 tantum

344 3665 881 3742 consentientibus,
951 3666 1110 3767 quod
1178 3685 1311 3726 cum
1376 3667 1616 3727 Reiskio
1671 3664 1916 3744 κάμνει
1971 3688 2078 3745 pro
2129 3660 2373 3745 κάμνεις
2422 3673 2490 3730 et
2546 3690 2678 3730 cum

343 3747 607 3810 Seidlero
662 3745 726 3807 τὸ
786 3746 865 3808 δὲ
908 3741 1032 3825 μετ’
1090 3770 1198 3827 pro
1255 3748 1318 3811 τὸ
1363 3745 1499 3830 γὰρ
1541 3746 1671 3828 μετ’
1719 3755 2114 3831 scripserunt,
2172 3773 2426 3830 quarum
2482 3774 2678 3814 emen-

339 3834 646 3895 dationum
691 3836 1083 3911 posteriorem
1127 3838 1462 3896 confirmari
1507 3842 1730 3914 putant
1787 3839 1988 3900 codice
2032 3839 2110 3898 B.
2198 3839 2510 3899 Sententia
2552 3842 2679 3917 qui·

340 3920 474 3979 dem
528 3939 683 3997 quae
738 3921 961 3997 subsit,
1024 3921 1168 3981 satis
1229 3927 1502 4001 apparet.
1572 3924 1816 4001 choma,
1887 3928 2205 4001 postquam
2259 3925 2557 4000 quomodo
2604 3926 2677 3985 ab

341 4004 614 4065 hostibus
657 4024 689 4064 e
735 4006 931 4081 patria
991 4006 1276 4082 abreptus
1335 4012 1513 4085 atque
1570 4009 1644 4068 ad
1702 4011 1811 4069 hoc
1866 4009 2104 4080 barbari
2149 4010 2464 4071 sacerdotii
2508 4010 2679 4070 mini-

2645 2308 2684 2341 c:
2726 2320 2783 2367 ¹7

348 4089 596 4150 sterium
639 4091 919 4151 venditus
964 4092 1045 4150 sit
1088 4092 1426 4170 descripsit,
1490 4094 1610 4153 iam
1654 4094 1740 4154 ita
1796 4095 1918 4154 fere
1975 4096 2205 4173 pergit,
2261 4115 2324 4158 se
2381 4096 2603 4156 scilicet
2647 4116 2678 4155 e
2716 4111 2721 4116 ·

341 4175 614 4235 secundis
670 4177 846 4236 rebus
906 4176 969 4235 in
1012 4178 1241 4236 tantam
1285 4179 1589 4240 miseriam
1636 4179 1979 4256 depressum
2027 4182 2251 4240 vitam
2309 4185 2677 4257 perpetuo

339 4259 683 4319 miseram
714 4262 887 4322 huic
918 4263 1146 4322 sortis
1176 4264 1582 4324 mutationi
1626 4264 2043 4341 praeferre,
2090 4267 2433 4340 quoniam
2465 4268 2676 4326 mise-

339 4344 624 4403 riarum
668 4347 1120 4407 necessitati
1166 4350 1517 4409 adsuetus
1561 4351 1805 4409 minus
1850 4369 1930 4409 ea
1973 4350 2297 4427 laboret,
2345 4371 2424 4411 ex
2455 4353 2676 4412 rebus

339 4447 514 4488 vero
560 4433 913 4492 secundis
957 4433 1143 4491 malo
1189 4436 1510 4512 opprimi
1541 4436 2065 4512 gravissimum
2097 4437 2202 4495 sit
2232 4438 2677 4497 mortalibus
