3132 5129
1369 349 1790 410 -40-

419 527 555 566 eum
602 508 759 567 solos
804 507 1174 566 Boeotios
1228 525 1365 566 suos
1422 507 1675 566 tribus
1732 504 1996 581 strophis
2042 506 2277 580 efferre;
2333 506 2537 565 binis
2594 524 2757 566 exor-

419 610 561 652 nare
608 611 820 652 novem
865 594 1103 668 genteS,
1162 591 1585 652 Phocenses
1643 595 1710 650 ut
1753 591 2116 649 Boeotorum
2161 592 2308 649 aciei
2353 592 2620 664 proxime
2667 591 2758 650 in-

421 677 739 736 struendos
806 677 888 751 (v.
934 672 1115 755 526),
1174 678 1221 734 A
1244 677 1508 736 bantes
1560 679 1807 752 propter
1850 675 2210 751 singularem
2266 676 2595 735 comminus
2649 695 2756 751 pu·

423 762 649 838 gnandi
694 763 1017 832 rationem,
1073 761 1399 838 Argivos
1455 766 1517 820 et
1575 762 1658 819 El
1680 762 1746 819 io
1767 781 1794 819 s
1853 763 2097 835 propter
2150 760 2365 819 ducum
2422 780 2757 832 numerum,

425 846 859 905 Protesilai
906 851 967 904 et
1008 845 1477 905 Philoctetae
1523 847 1751 922 copias,
1800 844 2078 920 quonian!
2111 846 2184 905 iis
2227 847 2292 904 in
2336 846 2545 905 horum
2590 847 2756 921 ipso-

424 951 559 1002 rum
589 931 801 990 ducum
836 931 1023 990 vicem
1055 930 1345 990 Podarces
1376 935 1438 989 et
1468 931 1689 991 Medon
1720 948 2082 1000 successere,
2117 933 2247 989 tum
2281 932 2331 989 A
2349 949 2754 1007 gamemno·

423 1017 540 1075 nis
595 1019 666 1073 ut
720 1017 936 1075 summi
994 1015 1367 1091 imperatoris
1437 1020 1497 1074 et
1552 1015 1879 1074 Menelai
1930 1017 1997 1072 ut
2049 1016 2444 1090 expeditionis
2497 1017 2758 1074 auctoris

425 1101 643 1159 iniuria
673 1100 930 1160 lacessiti
963 1101 1215 1172 milites,
1260 1102 1560 1176 postremo
1594 1099 1914 1159 Arcades
1946 1101 2186 1158 navium
2209 1101 2283 1159 ab
2308 1100 2758 1177 Agamemnone

423 1191 798 1260 acceptarum
844 1198 1047 1259 causa·
1106 1188 1332 1245 ceteros
1377 1204 1581 1245 omnes
1626 1183 1954 1259 singulis
1999 1184 2259 1282 strophis
2304 1186 2584 1245 absolvit.

593 1271 801 1329 Restat
822 1289 1004 1328 unum
1032 1230 1396 1343 membrum,
1445 1290 1564 1346 quo
1611 1271 1685 1328 de
1715 1270 1987 1328 Nestoris
2018 1271 2206 1355 copiis
2236 1270 2436 1346 agitur
2463 1290 2520 1329 v.
2547 1272 2758 1328 511—-

423 1356 566 1413 602.
641 1354 768 1413 Hoc
814 1359 876 1413 et
921 1355 1115 1430 ipsum
1167 1375 1527 1431 quamquam
1574 1355 1726 1431 legis
1771 1354 1833 1412 in
1882 1372 2154 1412 normam
2201 1356 2379 1413 variis
2424 1355 2620 1414 modis
2672 1355 2760 1412 fa-

421 1440 532 1498 cile
577 1440 765 1515 redigi
810 1443 1039 1515 potest,
1091 1446 1156 1499 ut
1199 1442 1250 1499 si
1296 1440 1490 1499 deleto
1550 1462 1605 1499 v.
1655 1440 1777 1498 596
1824 1457 1932 1514 pro
1979 1438 2211 1498 duobus
2268 1441 2370 1514 qui
2426 1442 2762 1515 sequuntur

432 1543 585 1582 unus
632 1527 887 1599 ponatur
931 1524 1056 1583 hic:

675 1648 884 1701 στεῦτο
926 1638 1038 1720 γὰρ
1084 1638 1399 1721 εὐχόμενος
1450 1645 1525 1701 Μ
1536 1663 1569 1701 ο
1581 1639 1622 1700 ύ
1638 1657 1720 1698 σα
1734 1664 1762 1712 ς
1812 1637 2124 1717 νικησέμεν
2167 1664 2205 1699 α
2221 1636 2300 1701 ὖτ
2312 1640 2351 1701 α’
2367 1665 2398 1713 ς
2412 1685 2431 1718 ,

420 1761 694 1837 equidem
741 1765 940 1821 tamen
987 1763 1256 1822 consulto
1297 1765 1442 1838 puto
1480 1756 1795 1820 Μουσάων
1837 1758 2185 1836 θεράποντα
2230 1763 2599 1839 genealogici
2632 1782 2761 1822 car·

420 1847 599 1905 minis
642 1847 831 1923 legem
878 1849 1165 1923 migrasse
1210 1867 1279 1906 80
1325 1848 1481 1923 quod
1513 1846 2029 1906 enumerationum
2076 1847 2528 1922 simplicitatem
2571 1849 2760 1907 inter-

425 1935 711 2005 rupturus
756 1934 886 1990 erat
930 1933 1270 1992 narratione
1316 1933 1385 1991 de
1431 1934 1593 1991 iusta
1633 1931 1945 1989 numinum
1976 1931 2212 1990 illorum
2260 1934 2350 1990 ira
2394 1933 2593 2008 impiis
2625 1952 2762 2009 per-

422 2016 666 2075 niciosa.
747 2017 946 2075 Monui
994 2018 1111 2075 iam
1156 2017 1227 2075 de
1273 2019 1377 2075 hac
1421 2037 1486 2076 re
1531 2035 1714 2091 supra
1760 2035 1820 2090 p.
1869 2016 1949 2073 23
1983 2035 2071 2091 sq.

593 2101 740 2159 Inde
784 2121 889 2160 nec
946 2104 1311 2177 prooemium
1357 2103 1586 2178 ipsum,
1643 2100 1802 2177 quod
1851 2119 2011 2158 nunc
2068 2101 2298 2161 duabus
2343 2103 2606 2179 strophis
2654 2104 2753 2162 de-

421 2186 634 2257 currit,
695 2189 761 2244 ut
814 2187 913 2246 isti
970 2188 1090 2263 legi
1147 2187 1533 2262 responderet
1587 2185 2105 2245 necessarium
2164 2187 2347 2247 fuisse
2404 2188 2758 2263 putaverim.

423 2269 599 2329 Certe
630 2290 758 2329 eam
779 2316 793 2340 ‚
827 2290 1003 2347 quam
1034 2290 1191 2331 nunc
1220 2272 1505 2347 legimus,
1538 2270 2072 2331 conformationem
2104 2291 2161 2330 v.
2188 2272 2305 2330 491
2344 2291 2433 2348 sq.
2467 2272 2760 2345 laborare,

421 2355 638 2430 quibus
684 2357 1024 2432 „oppositio
1056 2356 1460 2433 infringatur“
1509 2356 1633 2415 sive
1678 2355 1876 2431 potius
1918 2355 2195 2429 tollatur,
2245 2360 2403 2415 recte
2451 2358 2566 2415 iam
2600 2357 2761 2433 Hey-

422 2440 557 2499 nius
586 2441 802 2513 sensit,
849 2442 949 2517 qui
995 2441 1246 2517 proinde
1278 2445 1338 2500 et
1368 2460 1467 2501 eos
1500 2442 1614 2516 „ab
1646 2439 2075 2514 interpolatore
2106 2442 2452 2515 profectos“
2499 2444 2756 2516 putavit,

424 2527 484 2584 in
527 2544 648 2601 qua
691 2545 754 2584 re
813 2529 1048 2602 praeter
1094 2526 1377 2586 Wolfium
1434 2529 1498 2585 et
1551 2525 1832 2586 Vossium
1892 2523 2072 2584 etiam
2120 2525 2488 2587 Nitzschium
2543 2527 2760 2586 adsen-

424 2611 675 2669 tientem
719 2610 930 2670 habuit
971 2612 1047 2670 ad
1093 2611 1129 2670 ὃ
1177 2613 1329 2684 240,
1390 2613 1491 2671 sed
1538 2612 1721 2671 etiam
1764 2629 1822 2669 v.
1869 2610 2209 2687 488—7490
2267 2612 2381 2684 „ab
2442 2613 2557 2672 alio
2604 2614 2762 2672 anti·

425 2696 631 2771 quiore
660 2696 958 2771 rhapsodo
989 2716 1117 2756 esse
1148 2697 1443 2755 insertos“
1476 2697 1812 2772 suspicatus
1844 2698 1967 2764 est,
2014 2696 2100 2753 ita
2129 2699 2198 2754 ut
2226 2718 2283 2756 v.
2316 2697 2650 2755 484—487
2684 2731 2758 2739 —

424 2781 611 2840 eiecto
660 2780 836 2838 etiam
884 2801 937 2839 v.
987 2782 1110 2839 493
1163 2815 1233 2822 -—
1282 2782 1484 2840 statim
1532 2780 1868 2856 exceperint
1917 2779 2194 2839 Βοιωτῶν
2236 2776 2348 2856 μὲν
2392 2787 2503 2841 etc.
2580 2781 2760 2840 Haud

427 2864 900 2940 improbabiliter
966 2866 1106 2924 haec
1162 2867 1466 2942 disputata
1538 2885 1665 2925 esse
1720 2866 1928 2925 fatcor.
2017 2865 2133 2924 Sed
2203 2872 2401 2925 tamen
2465 2867 2762 2926 Hesiodeo

425 2953 635 3025 poetae
679 2950 983 3009 Musarum
1030 2952 1465 3010 invocationem
1514 2951 1792 3009 mutilare
1838 2952 2144 3025 eidemque
2186 2952 2588 3011 nobilissimos
2632 2971 2763 3010 ver·

426 3055 525 3094 sus
568 3036 874 3111 propriam
933 3035 1398 3096 imbecillitatem
1457 3037 1647 3095 fassos
1692 3035 2040 3095 subtrahere
2097 3035 2527 3107 dubitaverim,
2586 3055 2760 3110 prae—

426 3120 632 3179 sertim
699 3139 832 3179 cum
901 3120 1061 3178 facili
1127 3124 1232 3179 aut
1295 3122 1709 3181 emendatione
1777 3126 1881 3178 aut
1945 3139 2222 3178 versuum
2293 3122 2763 3196 transpositione

426 3205 825 3281 prooemium,
874 3205 1046 3282 quale
1078 3224 1235 3264 nunc
1263 3206 1522 3282 legitur,
1570 3205 1644 3264 ab
1690 3205 1850 3263 omni
1897 3205 2220 3264 offensione
2263 3208 2505 3282 purgari
2549 3208 2761 3282 possit.

426 3290 552 3348 Aut
597 3290 755 3348 enim
801 3309 859 3348 v.
907 3291 1022 3348 491
1077 3289 1131 3362 εἰ
1172 3287 1300 3348 καί
1337 3310 1447 3367 pro
1494 3288 1547 3349 εἰ
1586 3286 1680 3365 μή
1724 3290 2099 3349 scribendum
2132 3294 2255 3362 est,
2300 3295 2406 3349 aut
2436 3312 2492 3350 v.
2526 3293 2644 3350 491
2671 3311 2761 3368 sq.

427 3375 627 3434 statim
673 3377 811 3449 post
854 3394 913 3434 v.
959 3376 1082 3435 486
1130 3375 1391 3451 ponendi
1437 3376 1608 3447 sunt,
1671 3378 1738 3433 ut
1782 3393 1898 3433 una
1941 3375 2276 3450 parenthesi
2324 3396 2381 3435 v.
2426 3377 2763 3436 485—492

428 3460 761 3518 decurrant.
852 3459 932 3518 Et
989 3459 1140 3519 hanc
1204 3462 1495 3520 rationem
1564 3478 1675 3535 ego
1732 3459 2145 3533 praetulerim:
2208 3467 2365 3520 certe
2423 3461 2763 3522 ordinem

427 3563 702 3603 versuum
747 3563 869 3604 non
913 3545 1091 3605 nimis
1122 3549 1349 3604 certum
1382 3564 1508 3604 esse
1538 3544 1665 3603 cod.
1699 3544 1849 3602 Ven.
1883 3544 1934 3602 B
1964 3544 2249 3613 ostendit,
2284 3546 2345 3603 in
2374 3564 2492 3621 quo
2537 3547 2759 3606 litteris

427 3629 636 3706 positis
664 3629 807 3688 baec
837 3630 1020 3689 series
1051 3631 1528 3689 commendatur:
1576 3630 1715 3690 484.
1761 3630 1904 3690 487.
1951 3630 2095 3689 485.
2145 3629 2300 3700 486,
2346 3650 2496 3706 quae
2542 3633 2767 3707 etipsa

428 3733 557 3773 cum
604 3717 809 3773 nostra
850 3715 1314 3790 transpositione
1356 3715 1636 3789 coniungi
1667 3717 1882 3789 potest.
1961 3713 2504 3790 Quomodocunque
2548 3717 2762 3775 statui·

430 3805 557 3872 tur,
606 3803 759 3859 certe
803 3800 1136 3876 strophicae
1180 3803 1419 3859 nostrae
1476 3799 1783 3858 doctrinae
1828 3821 1901 3861 ne
1946 3799 2247 3876 prooemio
2306 3800 2547 3874 quidem
2592 3801 2763 3876 quid-

428 3904 605 3960 quam
649 3885 921 3962 derogari
967 3888 1152 3960 patet.

329 3978 396 4026 26
602 3969 947 4045 Temporis,
1006 3989 1125 4046 quo
1184 3970 1439 4046 scriptus
1482 3972 1732 4046 putetur
1774 3951 2109 4047 catalogus,
2179 3969 2467 4028 indicium
2522 3971 2575 4029 ei
2631 3972 2764 4030 loco

428 4055 620 4112 inesse
667 4055 936 4128 videtur,
983 4073 1099 4130 quo
1146 4055 1218 4113 de
1262 4055 1569 4113 Abantum
1615 4055 1835 4114 militia
1874 4055 2120 4131 exponit
2164 4074 2222 4113 v.
2256 4055 2613 4128 536—545‚
2659 4057 2765 4130 qui

428 4139 591 4197 locus
638 4140 851 4196 mirum
908 4141 1198 4215 quantum
1256 4140 1518 4198 concinit
1577 4158 1710 4199 cum
1768 4140 2154 4200 celeberrimo
2212 4139 2550 4198 Archilochi
2608 4141 2766 4217 frag-

429 4226 630 4282 mento
674 4227 909 4282 servato
953 4224 1109 4300 apud
1155 4225 1543 4284 Plutarchum
1591 4225 1764 4283 Thes
1815 4228 1878 4287 5.

683 4320 758 4382 ου’
803 4344 889 4381 τοι
930 4319 1098 4383 πόλλ’
1150 4319 1244 4384 ἐπὶ
1290 4323 1430 4398 τόξα
1475 4323 1829 4384 τανύσσεται
1872 4319 2013 4383 οὐδὲ
2056 4322 2305 4401 θαμειαὶ

835 4403 1195 4488 σφενδόναι,
1242 4402 1368 4470 ευτ’
1416 4432 1496 4469 αν
1538 4406 1614 4487 δὴ
1659 4414 1860 4488 μῶλον
1891 4407 2073 4489 ’Ἀρης
2120 4409 2355 4491 συνάγῃ
