3132 5129
322 2854 379 2901 19

1345 391 1805 456 -166—

403 551 600 610 sobrie
644 551 934 611 iudicasse
990 551 1061 609 de
1119 550 1427 625 utriusque
1486 568 1690 608 versus
1748 567 1925 608 causa
1978 550 2335 624 separanda:
2394 545 2580 626 ἄμφω
2632 546 2749 645 μὲν

402 629 614 695 ἀθετεῖ
668 629 1075 711 Ἀρίσταρχος,
1133 627 1381 704 διστάζει
1425 628 1492 693 δὲ
1535 629 1670 710 περὶ
1713 640 1818 691 τοῦ
1862 633 2133 711 πρώτου,
2180 630 2306 693 ἐπεὶ
2348 632 2449 694 καὶ
2487 626 2749 712 Ἀλκμὰν

403 712 591 778 αὐτὸν
632 716 962 796 μετέλαβε
1010 716 1121 795 (sic
1164 723 1322 779 reete
1366 719 1571 778 Lehrs.
1619 719 1691 778 de
1736 719 1923 778 Arist
1972 720 2176 780 studd.
2224 721 2468 784 Homm.
2514 740 2573 795 p.
2617 723 2745 780 355

405 825 514 881 pro
568 807 817 882 vulgato
871 801 1178 881 μετέβαλε)
1232 799 1578 880 παρθένους
1646 800 1931 881 λεγούσας
1989 797 2245 882 είσάγων
2298 807 2475 880 ,,Ζεῦ
2543 799 2748 883 πάτερ,

406 889 474 947 αἲ
526 887 637 969 γὰρ
691 886 828 963 ἐμὸς
884 885 1058 959 πόσις
1114 886 1278 965 εἴη.“
1375 890 1530 947 Eum
1589 887 1778 966 igitur
1834 889 1922 948 ita
1975 909 2327 966 sequemur,
2384 895 2455 949 ut
2508 897 2746 951 retento

411 976 609 1051 priore
654 994 833 1034 versu
878 976 1130 1034 alterum
1179 975 1498 1033 deleamus.

576 1060 764 1118 Paulo
811 1061 984 1136 plura
1026 1060 1088 1118 in
1133 1063 1395 1118 extrema
1437 1058 1615 1117 huius
1659 1058 2011 1134 rhapsodiae
2056 1066 2226 1135 parte
2275 1060 2411 1118 inde
2457 1080 2492 1117 a
2533 1080 2587 1120 v.
2624 1062 2750 1119 255

410 1146 632 1220 partim
691 1144 1044 1221 simpliciter
1100 1143 1461 1203 removenda
1520 1143 1740 1219 partim
1811 1144 1987 1203 aliter
2054 1145 2530 1203 administranda
2588 1149 2751 1221 sunt,

408 1231 574 1288 cuius
631 1231 820 1304 partis
877 1229 1232 1289 restauratio
1290 1229 1571 1304 quoniam
1632 1229 1929 1288 artissime
1985 1228 2257 1288 cohaeret
2313 1248 2446 1288 cum
2519 1231 2755 1289 tertia

408 1315 841 1390 rhapsodia,
891 1314 985 1373 oui
1029 1314 1241 1372 titulus
1287 1317 1380 1372 est
1416 1307 1828 1384 Ὀδυσσέως
1879 1310 2245 1385 σύστασις
2290 1307 2475 1390 πρὸς
2517 1313 2751 1373 Φαία-

408 1421 573 1469 κας,
622 1400 812 1459 multo
858 1399 1073 1458 fortius
1117 1398 1445 1472 tractanda,
1492 1400 1757 1473 praestat
1799 1397 1963 1457 illam
2008 1402 2237 1474 partem
2283 1399 2641 1475 descriptam
2688 1406 2754 1460 et

409 1488 600 1561 ipsam
646 1484 780 1543 huic
824 1484 1205 1560 praemittere
1249 1483 1644 1557 rhapsodiae:

665 1562 907 1663 ,ξὈρσεο
950 1564 1026 1642 δὴ
1073 1574 1210 1643 νῦν,
1256 1567 1428 1642 ξεῖνε,
1474 1561 1723 1624 πόλινδ’
1773 1563 1929 1641 ἴμεν,
1975 1563 2138 1666 ὄφρα
2182 1584 2245 1626 σε
2289 1565 2539 1645 πέμψω·
2604 1576 2756 1640 ζ255

579 1647 724 1712 άλλά
768 1643 907 1728 μάλ
958 1643 1073 1711 οἷδ’
1125 1649 1351 1753 ἕρδειν·
1400 1649 1623 1722 δοκέεις
1670 1648 1734 1710 δέ
1774 1671 1875 1725 μοι
1918 1647 2029 1711 ούκ
2070 1643 2443 1714 ἀπινύσσειν.
2658 1665 2762 1712 268

667 1734 809 1813 ὄφρ’
858 1760 941 1796 αν
987 1733 1098 1811 μέν
1147 1728 1210 1794 κ’
1256 1731 1476 1815 ἀγροὺς
1522 1734 1693 1836 ιομεν
1737 1732 1838 1794 καὶ
1884 1730 2006 1815 ἔργ’
2022 1732 2425 1842 ἀνθρώπων,

584 1820 776 1899 τόφρα
820 1815 935 1882 σὺν
975 1816 1370 1897 ἀμφιπόλοισι
1413 1810 1556 1897 μεθ’
1606 1813 1895 1918 ἡμιόνους
1938 1819 2034 1880 καὶ
2082 1820 2324 1898 ἄμαξαν
2656 1835 2764 1884 260

581 1907 966 2004 καρπαλίμως
1011 1904 1316 1984 ἔρχεσθαι·
1365 1902 1480 1983 ἐγώ
1526 1901 1585 1963 ’δ’
1633 1897 1780 1966 ὁδὸν
1812 1900 2232 2012 ἡγεμονεύσω.

663 1982 850 2067 αὐτὰρ
894 1986 1048 2067 ἐπὴν
1091 1985 1292 2063 πόλιος
1337 1989 1672 2090 ἐπιβείομεν
1714 2027 1796 2035 -
1839 1987 1922 2068 ἡν
1967 1990 2103 2069 πέρι
2147 1990 2371 2074 πύργος

581 2072 836 2174 ὑψηλός,
880 2073 1066 2148 καλός
1111 2074 1175 2138 δὲ
1219 2068 1401 2152 λιμην
1445 2071 1756 2173 ἑκάτερθε
1778 2070 2019 2152 πόληος,

581 2154 760 2237 λεπτή
810 2156 870 2219 δ’
917 2161 1189 2240 εἰσίθμη·
1234 2163 1376 2237 νῆες
1422 2155 1483 2221 δ’
1527 2155 1680 2222 ὁδὸν
1722 2151 2105 2267 ἀμφιέλισσαι

584 2241 884 2320 εἰρύαται·
932 2245 1114 2306 πᾶσιν
1156 2240 1269 2326 γάρ
1316 2241 1582 2307 ἐπίστιόν
1628 2243 1784 2307 ἐστιν
1831 2242 2077 2328 ἑκάστῳ.
2659 2261 2764 2308 265

584 2331 740 2392 ἔνθα
787 2330 849 2391 δέ
892 2329 953 2393 τὲ
996 2328 1106 2406 σφ’
1152 2323 1342 2411 ἀγορὴ
1385 2325 1572 2393 καλὸν
1626 2328 1956 2410 Ποσιδήιον
1996 2308 2217 2411 άμφίς,

582 2417 846 2497 ῥυτοῖσιν
893 2410 1088 2478 λάεσσι
1136 2412 1562 2494 κατωρυχέεσσ
1608 2413 1886 2494 ἀραρυῖα,

586 2501 740 2563 ἔνθα
786 2499 850 2563 δὲ
894 2510 1062 2581 νηῶν
1108 2496 1260 2563 όπλα
1303 2499 1647 2582 μελαινάων
1688 2495 1977 2583 ἀλέγουσι,

583 2590 871 2686 πείσματα
916 2612 1018 2649 και
1065 2596 1310 2667 σπεῖρα,
1356 2586 1457 2649 καὶ
1503 2585 1871 2662 ἀποξύουσιν
1916 2583 2141 2666 ἐρετμά.

583 2662 656 2733 ού
699 2665 814 2771 γάρ
863 2671 1197 2749 Φαιήκεσσι
1242 2674 1399 2752 μέλει
1446 2671 1582 2753 βιὸς
1625 2665 1770 2734 οὐδὲ
1813 2672 2111 2753 φαρέτρη,
2662 2687 2772 2737 270

584 2752 715 2818 ἀλλ
764 2755 914 2817 ἵστοι
961 2757 1059 2818 καὶ
1108 2756 1319 2837 ἐρετμὰ
1367 2759 1522 2819 νεῶν
1563 2757 1666 2819 καὶ
1713 2758 1856 2835 νῆες
1898 2757 2083 2837 ἐῖσαι,

594 2836 736 2927 ᾖσιν
779 2832 1164 2942 ἀγαλλόμενοι
1210 2843 1433 2923 πολιὴν
1475 2843 1738 2919 περόωσι
1783 2842 2115 2905 θάλασσαν.

675 2928 796 2989 τῶν
840 2921 1082 2988 ἀλεείνω
1125 2934 1319 3029 φῆμιν
1360 2924 1650 3001 ἀδευκέα,
1695 2922 1779 3007 μή
1821 2953 1906 3002 τις
1953 2922 2172 2990 ὀπίσσω

588 3013 837 3112 μωμεύῃ
880 3047 962 3058 --
1008 3007 1164 3091 μάλα
1208 3007 1269 3074 δ’
1318 3013 1469 3076 εἰσὶν
1512 3012 1874 3091 υπερφιάλοι
1922 3005 2069 3074 κατά
2115 3015 2305 3092 δῆμον
2355 3052 2453 3089 —‚

589 3101 691 3157 καί
733 3122 808 3158 νυ
855 3122 940 3169 τις
987 3092 1107 3162 ωδ’
1155 3099 1361 3179 εἴπῃσι
1404 3121 1737 3177 κακωτερος
1782 3094 2207 3180 ἀντιβολήσας·
2665 3114 2772 3162 275

593 3183 699 3255 τίς
742 3180 803 3243 δ’
852 3181 956 3246 οδε
1003 3181 1327 3245 Ναυσικάα
1371 3184 1574 3246 ἕπεται
1619 3181 1798 3257 καλός
1842 3209 1902 3245 τε
1943 3183 2129 3264 μέγας
2174 3208 2235 3245 τε

594 3272 808 3342 ξεῖνος;
852 3276 975 3330 ποῦ
1018 3270 1085 3331 δέ
1125 3293 1229 3346 μιν
1273 3263 1437 3351 aspa
1488 3265 1659 3343 πόσις
1704 3265 1781 3330 νύ
1824 3271 1887 3331 οἱ
1924 3270 2153 3332 ἔσσεται
2182 3262 2365 3376 αυτῇ.

594 3346 633 3430 ἦ
680 3350 815 3413 τινά
858 3377 976 3415 που
1021 3355 1403 3435 πλαγχθέντα
1447 3355 1768 3456 κομίσσατο
1813 3346 1885 3433 ἧς
1928 3344 2047 3415 ἀπὸ
2093 3353 2238 3433 νηὸς

591 3434 839 3514 άνδρῶν
885 3441 1267 3516 τηλεδαπῶν,
1313 3439 1440 3502 ἐπεὶ
1484 3463 1557 3500 ου
1605 3461 1759 3511 τινες
1802 3435 2058 3519 ἐγγύθεν
2103 3439 2271 3500 εἰσίν.

579 3521 889 3604 βέλτερον,
934 3525 989 3586 εἰ
1028 3522 1218 3604 καύτή
1262 3548 1372 3603 περ
1420 3521 1767 3624 ἐποιχομένη
1811 3524 1998 3586 πόσιν
2040 3517 2217 3604 εὗρεν
2665 3536 2773 3585 282

590 3608 884 3672 ἄλλοθεν·
930 3603 970 3689 ἦ
1013 3605 1129 3689 γάρ
1173 3606 1383 3671 τούσδε
1426 3604 1485 3687 γ’
1534 3602 1798 3687 ἀτιμάζει
1846 3603 1995 3671 κατὰ
2040 3608 2228 3688 δῆμον

591 3694 899 3770 Φαίηκας,
945 3696 1040 3757 τοί
1076 3719 1181 3775 μιν
1225 3697 1491 3795 μνῶνται
1533 3694 1736 3768 πολέες
1780 3718 1839 3756 τε
1886 3693 1985 3754 καὶ
2031 3690 2279 3759 ἐσθλοίῇ

594 3775 675 3852 ῶς
721 3777 1021 3880 ἐρέουσιν,
1068 3778 1196 3859 ἐμοὶ
1241 3777 1307 3840 δέ
1347 3772 1406 3841 κ’
1456 3774 1691 3841 ὀνείδεα
1733 3784 1919 3841 ταῦτα
1960 3777 2213 3857 γένοιτο.
2669 3791 2777 3841 285

593 3865 695 3929 καὶ
741 3856 794 3922 δ’
845 3857 992 3950 αλλῃ
1037 3866 1286 3943 νεμεσῶ,
1329 3860 1369 3941 ἥ
1414 3889 1500 3937 τις
1544 3863 1790 3926 τοιαῦτά
1832 3886 1897 3966 γε
1942 3864 2127 3963 ὖέζοι,

595 3949 634 4027 ἦ
677 3942 728 4009 τ’
776 3939 981 4045 ἀέκητι
1028 3951 1222 4026 φίλων
1267 3942 1489 4028 πατρὸς
1533 3947 1639 4009 καὶ
1685 3944 1904 4029 μητρδς
1949 3942 2169 4011 ἐόντων

594 4027 848 4111 ἀνδράσι
891 4038 1196 4144 μίσγηται
1213 4036 1354 4114 πρίν
1396 4032 1458 4114 γ’
1505 4028 1813 4113 ἀμφάδιον
1855 4030 2051 4115 γάμον
2096 4032 2320 4095 ἐλθεῖν.

682 4123 867 4197 ξεῖνε,
911 4121 986 4183 συ
1034 4117 1096 4181 δ’
1145 4112 1258 4183 οἷδ’
1304 4119 1518 4199 ἐμέθεν
1561 4120 1753 4196 ξυνίει
1798 4120 1964 4192 ἔπος,
2010 4118 2177 4201 ὄφρα
2222 4116 2463 4218 τάχιστα

599 4205 840 4282 πομπῆς
883 4229 985 4267 και
1029 4202 1262 4267 νόστοιο
1291 4201 1483 4313 τύχῃς
1527 4228 1690 4279 παρα
1734 4199 1953 4280 πατρὸς
1997 4204 2176 4283 ἐμοῖο.
2674 4216 2782 4263 290

601 4288 763 4364 δήεις
805 4283 1030 4369 ἀγλαὸν
1072 4282 1252 4363 ἀλσος
1291 4288 1577 4389 Ἀθήνης
1600 4314 1743 4370 αγχι
1785 4286 2083 4351 κελεύθου

598 4373 876 4453 αἰγείρων
919 4413 998 4421 -
1043 4374 1106 4435 ἐν
1155 4374 1217 4437 δὲ
1260 4372 1454 4456 κρήνη
1500 4371 1662 4445 νάει,
1708 4371 1864 4452 ἀμφὶ
1911 4373 1974 4436 δὲ
2020 4369 2243 4453 λειμῶν
2291 4411 2389 4454 -,

601 4459 813 4521 τόσσον
854 4451 975 4519 ἀπὸ
1018 4454 1288 4535 πτόλιος,
1335 4459 1516 4523 οσσον
1561 4483 1622 4521 τε
1666 4459 1884 4541 γέγωνε
1926 4461 2179 4542 βοήσας·
2675 4469 2782 4519 294
