3132 5129
1220 390 1672 455 „50⁵1..

272 554 471 628 protes
488 596 505 627 ,
563 568 859 627 exponere
901 549 1149 626 longum
1193 551 1301 609 est.
1373 548 1650 610 Praestat
1704 549 1891 626 igitur
1931 568 2086 627 quae
2141 554 2300 611 reete
2353 553 2478 611 iam
2531 554 2608 613 ab

274 637 345 697 iis
386 635 813 697 administrata
856 638 1001 695 sunt
1043 633 1305 695 breviter
1358 634 1888 712 comprehendere,
1949 638 2020 695 ut
2057 636 2136 695 ad
2181 640 2377 697 cetera
2431 657 2606 713 expe-

276 720 489 781 dienda.
534 722 695 781 viam
736 719 911 781 nobis
940 719 1299 780 muniamus.
1372 718 1612 821 Agmen
1655 720 1822 780 ducit
1863 723 1932 781 ut
1971 722 2149 782 toties
2192 722 2282 781 ita
2323 722 2420 781 hie
2461 741 2607 799 quo·

275 826 385 882 que
440 806 848 881 normannus,
914 806 1018 881 qui
1070 807 1231 865 reete
1298 807 1361 865 et
1412 802 1830 883 αμφίβληστρα
1881 803 2096 882 τοίχων
2149 806 2336 883 ipsius
2393 807 2604 883 templi

272 891 527 967 parietes
570 909 697 950 esse
744 892 953 950 eontra
996 888 1300 949 Handium
1347 893 1583 967 septum
1625 891 1751 951 sive
1793 888 2112 968 περίβολον
2155 891 2604 969 intellegentem

274 976 707 1037 demonstravit
751 978 813 1035 et
866 968 1158 1049 δωμάτων
1211 969 1655 1053 προσαμβάσεις
1708 994 1830 1035 non
1885 994 2014 1035 esse
2069 976 2450 1052 „occasiones
2505 976 2608 1037 ubi
2643 971 2702 1021 11

271 1052 543 1136 άμβατόν
587 1056 707 1118 ἐστι
752 1057 990 1137 δῶμαίί,
1034 1079 1185 1135 quae
1230 1059 1480 1121 Seidleri
1538 1060 1657 1120 fuit
1697 1060 2030 1137 sententia,
2091 1061 2193 1121 sed
2235 1061 2429 1137 ipsos,
2478 1063 2609 1138 qui-

272 1145 385 1206 bus
426 1145 505 1206 ad
548 1145 757 1222 templi
798 1148 1002 1221 portas
1045 1140 1412 1222 escenditur‚
1458 1145 1682 1222 gradus
1723 1146 2048 1222 perspexit,
2095 1148 2158 1205 et
2199 1164 2336 1205 oum
2361 1145 2605 1206 Handio

272 1231 379 1291 illa
420 1228 659 1311 κλῇθρα
705 1223 889 1287 λύσα
905 1248 1069 1300 ντες
1110 1230 1347 1306 μοχλοῖς
1390 1230 1463 1291 de
1506 1230 1824 1305 aperienda
1865 1231 2112 1290 remotis
2155 1232 2456 1307 repagulis
2484 1249 2606 1291 non

274 1317 347 1374 de
388 1315 758 1392 effringenda
800 1314 1058 1376 admotis
1102 1314 1369 1375 vectibus
1423 1318 1602 1391 ports,
1645 1314 1805 1375 dieta
1846 1334 1974 1375 esse
2017 1315 2192 1375 vidit.
2265 1314 2381 1375 Sed
2423 1317 2487 1375 in
2517 1334 2604 1375 se-

276 1400 597 1476 quentibus
643 1418 847 1460 verum
891 1417 1000 1460 nee
1052 1401 1180 1476 ipse
1222 1405 1527 1460 assecutus
1571 1402 1666 1459 est
1708 1418 1817 1459 nec
1861 1400 2176 1475 quisquam
2219 1418 2454 1475 eorum,
2501 1401 2606 1476 qui

274 1486 531 1560 pessima
576 1485 913 1562 corruptela
966 1505 1022 1545 v.
1073 1485 1195 1545 100
1241 1473 1341 1544 οἷν
1395 1477 1621 1543 οὐδὲν
1677 1481 1892 1559 ἴσμεν
1947 1484 2178 1561 decepti
2236 1504 2290 1546 v.
2339 1486 2420 1545 98
2477 1484 2606 1555 πῶς

270 1564 351 1627 ἄν
394 1560 511 1628 οὖν
551 1566 925 1646 μάθοιμεν
966 1565 1049 1628 ἄν
1088 1569 1485 1630 retinuerunt.
1561 1567 1724 1639 Quae
1769 1568 1886 1629 duo
1916 1570 2180 1629 membra
2221 1588 2356 1630 eum
2399 1569 2607 1630 cohae-

276 1674 399 1715 rere
444 1655 788 1715 viderentur
803 1699 819 1730 ,
864 1658 927 1714 et
968 1653 1271 1715 Seidlerus
1328 1654 1473 1715 olim
1516 1658 1580 1715 et
1633 1653 1984 1731 Hertungus
2038 1673 2231 1731 nuper
2285 1655 2358 1714 de
2411 1658 2605 1715 trans·

276 1739 565 1816 ponendis
609 1739 881 1800 versibus
924 1740 1370 1817 cogitaverunt,
1414 1739 1519 1799 ille

680 1888 763 1899 -—
806 1852 1029 1934 πότερα
1072 1853 1362 1931 δωμάτων
1402 1852 1588 1932 πρὸς
1630 1842 2032 1936 ἆμβάσεις,

576 1938 619 2019 ἢ
660 1939 1060 2019 χαλκότευκτα
1102 1942 1344 2023 κλῇθρα
1392 1939 1677 2012 λύσαντες
1720 1944 1993 2020 μοχλοῖς,
2541 1952 2606 1999 99

578 2017 1020 2105 ἕκβησόμεσθα;
1062 2036 1192 2097 πῶς
1232 2020 1315 2085 ὃν
1356 2016 1471 2107 οὖν
1511 2023 1816 2104 μάθοιμεν
1855 2023 1966 2103 ἄν,
2541 2036 2608 2085 98
2733 2046 2741 2055 ·

576 2133 665 2171 ων
706 2105 890 2171 οὐδὲν
934 2109 1135 2187 ἴσμεν·
1183 2144 1263 2155 --

280 2214 648 2291 coniciendo,
693 2214 815 2275 hie:
1679 2274 1694 2287 ‚

688 2347 759 2359 —
808 2321 939 2386 πῶς
981 2308 1117 2395 γὰρ
1161 2300 1274 2373 οὖν
1316 2312 1625 2391 μάθοιμεν
1665 2309 1746 2373 ἄν
2540 2324 2608 2372 98

575 2390 665 2460 οἷν
708 2393 887 2460 οὐδὲν
932 2396 1134 2477 ἴσμενς
1178 2394 1262 2476 ἢν
1303 2389 1366 2457 δ’
1411 2394 1756 2479 άνοίγοντες
1799 2391 1992 2469 πόλας
2511 2407 2609 2457 100

578 2479 623 2561 ἢ
665 2480 1063 2561 χαλκότευκτα
1108 2487 1345 2568 κλῇθρα
1387 2477 1675 2556 λύσαντες
1719 2486 1956 2563 μοχλοῖς
2539 2494 2606 2541 99

580 2567 925 2670 ληφθῶμεν]
967 2567 1266 2650 εἰσβάσεις
1309 2590 1371 2630 τε
1412 2562 1857 2649 μηχανώμενοι,

577 2653 902 2730 θανούμεθ
932 2673 949 2690 ·
1009 2688 1086 2698 -

280 2774 621 2852 seribend93
677 2775 1059 2836 Hermannus
1119 2777 1318 2834 autem
1385 2778 1622 2836 servato
1677 2794 1956 2836 versuum
2013 2775 2220 2835 ordine
2276 2777 2510 2834 tantum
2565 2768 2611 2848 ἢ

280 2861 705 2920 disiunctivum
746 2879 807 2920 v.
854 2862 933 2920 99
978 2861 1041 2920 in
1084 2848 1128 2937 ἦ
1172 2860 1674 2938 interrogativum
1703 2860 1988 2937 mutavit,
2034 2861 2375 2936 importune
2417 2863 2480 2919 et
2521 2861 2610 2919 in-

280 2945 510 3004 utiliter
554 2944 869 3005 interieeto
916 2947 1049 3021 ipso
1092 2947 1205 3006 hoe
1224 2945 1682 3023 .interrogativo
1727 2944 2022 3022 membro,
2069 2963 2204 3004 eum
2247 2963 2357 3020 per
2399 2963 2462 3004 se
2504 2965 2608 3020 pa·

278 3033 435 3106 teat,
482 3029 533 3090 si
575 3030 712 3106 quis
756 3032 919 3089 reeta
972 3030 1073 3090 via
1123 3028 1407 3108 gradibus
1463 3048 1736 3107 egressus
1792 3031 1870 3090 ad
1924 3029 2137 3106 templi
2191 3029 2350 3088 fores
2404 3047 2609 3105 perve-

275 3114 433 3174 nerit
448 3159 465 3189 ,
522 3117 593 3173 ut
640 3114 1029 3189 introspicere
1072 3115 1290 3192 possit,
1346 3113 1453 3176 has
1503 3115 1666 3190 ipsas
1720 3115 1880 3176 fores
1944 3116 1998 3174 ei
2057 3113 2406 3191 aperiendas
2461 3133 2608 3174 esse.

274 3198 483 3275 Itaque
526 3217 633 3259 suo
682 3200 941 3274 quodam
985 3199 1115 3259 iure
1157 3199 1398 3275 longius
1442 3203 1748 3277 grassatus
1777 3199 2122 3260 Dindorfius
2166 3199 2610 3260 incommodum

275 3303 511 3343 versum
555 3302 799 3360 prorsus
843 3283 1037 3345 eiecit.
1114 3284 1373 3362 Egregie
1432 3303 1574 3345 vero
1618 3283 1958 3344 Badhamus
2011 3287 2072 3344 et
2129 3282 2272 3359 quid
2326 3284 2610 3343 vitiosum

278 3369 357 3427 sit
399 3370 463 3428 et
504 3367 681 3444 quale
736 3387 865 3428 esse
921 3368 1165 3445 debeat,
1226 3368 1387 3444 quod
1444 3369 1508 3430 in
1552 3368 1678 3430 eius
1729 3369 1927 3429 locum
1985 3369 2417 3444 substituatur,
2475 3386 2605 3442 per-

278 3453 474 3529 spexit
517 3451 829 3512 scribendo
875 3441 1001 3512 οἷδ’
1063 3442 1291 3513 οὐδὸν
1348 3448 1603 3530 ἔσιμεν
1646 3473 1757 3531 pro
1800 3443 1891 3513 οἷν
1934 3447 2114 3513 οὐδὲν
2168 3449 2358 3530 ἴσμεν.
2435 3452 2608 3524 Quod

277 3538 382 3614 qui
426 3536 685 3613 arripuit
727 3531 973 3598 Kvifiala
1026 3539 1205 3599 simul
1249 3538 1431 3598 etiam
1474 3539 1770 3615 singulas,
1827 3559 1976 3615 quas
2019 3537 2198 3597 modo
2244 3537 2454 3612 attuli,
2510 3555 2606 3596 su-

280 3623 585 3698 periorum
627 3623 937 3698 opiniones
977 3623 1066 3683 ita
1109 3625 1393 3684 refutavit
1432 3643 1494 3700 p.
1525 3625 1650 3682 215
1674 3643 1802 3700 sqq.
1819 3669 1834 3700 ,
1891 3628 1961 3683 ut
2002 3641 2122 3682 non
2165 3640 2316 3697 opus
2357 3623 2440 3682 sit
2481 3640 2612 3681 ver-

281 3708 424 3767 bum
470 3706 703 3767 addere.
793 3706 930 3782 Ipse
974 3711 1177 3768 tamen
1222 3726 1357 3768 eum
1401 3711 1644 3784 recepto
1674 3708 2081 3769 Badhamiano
2125 3709 2370 3768 invento
2415 3708 2612 3766 totum

280 3793 479 3852 locum
520 3792 631 3852 hoe
672 3791 850 3852 modo
895 3792 1235 3853 constituit:

682 3942 769 3954 —-
810 3905 1029 3988 πότερα
1070 3907 1361 3988 δωμάτων
1400 3906 1848 3988 προσαμβάσεις

584 3990 1028 4073 ἐκβησόμεσθ’,
1074 3986 1265 4068 ὅπως
1305 3989 1398 4055 ὃν
1439 3985 1553 4055 οὖν
1607 3993 1908 4072 μάθοιμεν
1948 3990 2066 4072 ἄν,

584 4077 640 4146 εἰ
677 4077 1075 4157 χαλκότευκτα
1117 4079 1357 4164 κλῇθρα
1399 4073 1684 4153 λύσαντες
1727 4083 1964 4159 μοχλοῖς

584 4154 699 4225 οἷδ’
746 4153 975 4224 οὐδὸν
1029 4161 1300 4242 ἔσιμενς
1347 4199 1424 4209 -

284 4303 641 4361 magnopere
684 4303 923 4362 vereor,
976 4303 1055 4346 ne
1096 4285 1263 4346 illato
1308 4286 1656 4347 soloecismo
1699 4285 1878 4346 simul
1918 4283 2436 4362 languidissimam
2478 4302 2607 4344 sen-

282 4368 533 4430 tentiam
574 4369 876 4448 intulerit,
921 4389 1101 4447 quam
1142 4369 1351 4430 eallide
1394 4367 1748 4432 'obscuravit
1799 4388 1921 4431 non
1965 4373 2168 4430 tamen
2210 4387 2456 4446 prorsus
2513 4387 2610 4430 ve-

288 4453 438 4516 lavit
477 4454 795 4520 vertendo:
842 4455 1077 4527 ,βοῑὶοη
1118 4458 1229 4518 wir
1270 4457 1363 4518 die
1403 4455 1620 4532 διαίτη
1659 4457 2098 4546 'tinans-Myon,
2151 4473 2263 4516 um
2316 4473 2394 4518 so
2451 4443 2616 4535 (οὖν)
2651 4461 2712 4509 12
