3132 5129
1305 396 1764 458 -129-

359 553 731 626 immutavit,
791 553 966 611 simul
1024 554 1085 611 in
1139 572 1277 612 aure
1324 553 1545 611 habens
1590 555 1777 628 τεῖχος
1820 545 2109 648 αμαλδ
2069 574 2108 610 υ
2127 575 2257 623 νας
2311 555 2381 611 Μ
2411 556 2527 629 32,
2585 574 2701 630 quo

363 637 544 696 verbo
601 641 733 696 tum
790 638 912 695 463
969 638 1187 696 abusus
1243 642 1353 696 est.
1451 636 1638 696 Porro
1693 636 1779 708 εἰς
1832 627 1947 694 αλα
1999 645 2126 696 πᾶν
2179 645 2531 714 καταχεῦαι,
2585 658 2703 715 quo

359 723 635 782 redderet
680 722 828 780 illud
880 723 963 778 M
987 724 1064 781 26
1110 716 1364 780 ἁλίπλοα
1408 719 1599 797 τείχεα
1644 719 1816 798 θείη,
1861 724 2198 798 composuit
2240 743 2309 782 ex
2347 728 2405 780 A
2437 725 2558 782 314
2604 721 2704 781 καὶ

360 806 465 877 εἰς
510 798 645 863 αλα
690 800 905 880 λύματ’
947 803 1194 884 ἔβαλλον
1239 812 1299 866 et
1341 827 1372 864 τ
1404 809 1524 865 206
1572 802 1725 882 ἐπὴν
1756 803 2027 885 Ζέφυρος
2072 801 2474 888 καταχεύῃ,
2520 810 2701 868 verbo

357 911 481 951 non
524 893 705 952 nimis
750 891 1001 952 feliciter
1046 898 1353 967 usurpato.

532 978 657 1035 462
688 1003 772 1025 ==
807 978 882 1032 M
913 978 1014 1035 31.

531 1063 677 1121 463.
775 1060 995 1120 Versus
1052 1062 1193 1121 satis
1249 1062 1481 1122 ieiunus
1536 1080 1608 1120 ex
1661 1065 1731 1121 M
1766 1064 1840 1120 12
1900 1058 2046 1141 μέγα
2104 1067 2290 1139 τεῖχος
2330 1055 2588 1140 Ἀχαιῶν
2643 1067 2706 1123 et

369 1148 444 1206 18
493 1150 680 1222 τεῖχος
723 1140 1068 1220 ἀμαλδῦναι
1112 1148 1417 1207 confectus
1462 1152 1571 1206 est.

534 1233 659 1290 464
690 1257 773 1280 ==
806 1232 863 1287 E
893 1232 1017 1288 274
1062 1229 1283 1310 (alibi).

533 1316 718 1375 Vides
751 1317 946 1375 locum
991 1316 1064 1374 ab
1095 1317 1514 1375 Alexandrinis
1562 1318 1963 1393 proscriptum
2013 1320 2225 1377 ceteris
2255 1337 2364 1377 nec
2397 1320 2703 1379 meliorem

361 1421 471 1462 nec
514 1402 807 1477 peiorem,
854 1402 956 1460 sed
1001 1420 1242 1476 prorsus
1287 1402 1551 1460 eiusdem
1596 1403 1822 1460 farinae
1867 1422 2012 1477 esse,
2057 1423 2234 1478 quam
2277 1405 2456 1463 etiam
2501 1405 2564 1462 in
2610 1405 2703 1480 iis,

362 1506 517 1562 quae
562 1505 748 1561 usque
792 1487 867 1544 ad
911 1485 1089 1544 finem
1135 1487 1275 1545 libri
1320 1491 1680 1562 sequuntur,
1730 1489 2126 1563 agnoscimus

532 1573 656 1630 465
687 1598 770 1619 ==
801 1572 841 1648 β
874 1571 996 1631 388
1046 1567 1244 1649 (alibi)
1276 1572 1353 1647 -ξ-
1393 1573 1444 1628 Τ
1471 1572 1593 1629 242
1640 1565 1841 1651 (alibi)
1878 1572 1955 1648 4-
1992 1573 2054 1629 H
2086 1573 2229 1630 444.

535 1657 657 1714 466
704 1658 827 1715 fere
874 1675 945 1715 ex
992 1656 1192 1715 3399
1239 1654 1580 1714 κάπνισσάν
1624 1675 1683 1714 τε
1726 1653 1905 1714 κατὰ
1950 1655 2248 1728 κλισίας
2293 1655 2415 1716 καὶ
2460 1655 2703 1717 δεῖπνον

354 1737 646 1814 ἕλοντο,
692 1743 860 1801 cuius
904 1741 1019 1800 loci
1065 1759 1134 1798 ex
1165 1740 1382 1800 vicinia
1425 1743 1569 1816 402,
1617 1743 1759 1815 410,
1807 1743 1929 1799 422
1957 1761 2086 1818 sqq.
2130 1744 2311 1802 etiam
2362 1740 2703 1820 βουφόνεον

358 1846 536 1886 sunm
579 1821 744 1898 ἅπαξ
787 1823 1105 1904 λεγόμενον
1147 1827 1492 1886 contrahere
1536 1846 1713 1885 ausus
1758 1831 1868 1884 est.

537 1913 699 1982 Quae
744 1912 958 1970 deinde
1001 1915 1320 1970 narrantur
1364 1912 1435 1970 de
1466 1913 1608 1970 vino
1649 1930 1719 1970 ex
1752 1910 1947 1970 insula
1978 1911 2199 1970 Lemno
2230 1914 2479 1973 advecto
2510 1913 2703 1972 obiter

359 1997 626 2055 intuenti
670 1997 935 2057 melioris
981 1995 1230 2071 originis
1261 1996 1449 2056 videri
1495 1998 1767 2071 possunt.
1843 1996 1959 2054 Sed
2004 1997 2243 2072 singula
2288 2001 2485 2057 tamen
2521 1999 2700 2057 nimis

363 2082 544 2140 exilia
585 2085 730 2140 sunt
772 2085 835 2141 et
878 2099 1154 2157 magnam
1201 2085 1431 2156 partem
1476 2082 1716 2140 aliunde
1762 2082 1961 2154 petita.
2051 2081 2295 2140 Fundus
2342 2086 2433 2140 est
2486 2082 2554 2137 Ψ
2580 2084 2703 2142 740

359 2185 517 2241 sqq.,
582 2166 683 2224 ubi
746 2166 1006 2225 Achilles
1062 2166 1431 2241 pernicitatis
1492 2165 1822 2241 praemium
1871 2166 2043 2239 ponit
2085 2168 2360 2241 poculum
2411 2200 2487 2209 --
2526 2165 2592 2238 ἓξ
2640 2161 2695 2222 δ’

355 2247 476 2326 ἄρα
519 2246 699 2327 μέτρα
745 2247 1043 2326 χάνδανεν
1088 2284 1165 2293 -
1212 2251 1350 2309 coll.
1395 2251 1490 2310 hic
1534 2253 1655 2308 471
1704 2246 1861 2324 χίλια
1904 2244 2168 2327 μέτρα,
2213 2251 2372 2326 quod
2419 2250 2696 2322 Φοίνικες

356 2355 543 2412 αγον
583 2331 802 2411 ἄνδρες
847 2327 1045 2414 (οἶνον
1085 2328 1407 2413 ἄγουσαι
1437 2337 1531 2394 hic
1563 2331 1716 2414 467)
1750 2367 1831 2377 —
1862 2341 2143 2411 στῆσαν
2183 2329 2239 2391 δ’
2277 2332 2344 2392 ἕν
2371 2331 2703 2410 λιμένεσσιν

360 2415 844 2496 (παρέστασαν
901 2415 1109 2498 ibid.,)
1171 2416 1393 2478 Θόαντι
1449 2414 1515 2478 δὲ
1562 2416 1758 2497 δωρον
1802 2414 2090 2477 ἔδωκαν
2133 2417 2334 2497 (χωρὶς
2384 2453 2459 2462 —-
2510 2416 2704 2477 δῶκεν

358 2505 453 2563 hic
495 2506 624 2562 470
666 2503 817 2580 sq.),
873 2510 1002 2564 tum
1048 2524 1184 2564 vero
1240 2525 1397 2562 ωνον
1452 2502 1725 2563 ἔδωκεν
1762 2507 1772 2576 Ι
1812 2536 1888 2545 --
1932 2497 2345 2580 Ἰησονίδης
2404 2496 2700 2578 Εὔνηος

359 2591 456 2663 (ut
512 2590 607 2648 hic
652 2590 796 2648 468.
861 2588 1042 2691 471).
1123 2590 1274 2649 Τιιιιι
1342 2592 1414 2648 ad
1481 2592 1604 2649 467
1651 2609 1737 2665 sq.
1794 2588 2067 2648 adhibuit
2135 2588 2187 2646 Ο
2233 2591 2353 2649 255
2422 2587 2482 2662 ἐξ
2536 2581 2700 2664 Ἴδης

351 2670 673 2767 προέηκε
718 2670 1301 2752 παριστάμεναι,
1345 2677 1417 2733 ad
1463 2677 1588 2734 469
1639 2676 1689 2732 Β
1723 2674 1843 2733 728
1888 2671 1996 2731 τόν
2039 2668 2092 2751 ῥ’
2130 2671 2324 2733 ἔτεκεν
2356 2665 2535 2767 Ρήνη
2579 2668 2696 2733 ὑπ’

351 2750 537 2835 Οιλῆι
587 2763 651 2818 et
709 2760 756 2815 B
802 2762 918 2820 105
976 2754 1206 2837 (alibi),
1265 2760 1339 2818 ad
1396 2762 1522 2819 470
1564 2759 1601 2817 δ
1640 2762 1759 2819 130
1814 2756 1988 2834 χωρὶς
2046 2753 2106 2816 δ’
2166 2750 2322 2817 αὖθ’
2367 2745 2574 2839 Ελένῃ
2624 2792 2696 2802 —-

359 2837 500 2921 πόρε
551 2876 626 2886 -
673 2842 832 2921 δῶρα
877 2848 937 2903 et
981 2842 1080 2947 (ut
1122 2863 1300 2920 supra
1344 2845 1496 2919 373)
1550 2846 1599 2900 Ρ
1625 2846 1776 2917 249,
1839 2844 1913 2901 ad
1959 2845 2081 2901 472
2127 2849 2364 2918 praeter
2410 2845 2697 2903 dilectum

357 2929 511 2988 illud
568 2924 1054 3005 καρηκομόωντες
1064 2924 1308 3004 Ἀχαιοί
1360 2929 1532 3008 (328.
1582 2930 1725 2986 442.
1772 2927 1915 2986 448.
1963 2928 2105 2987 459.
2153 2929 2308 3003 476)
2353 2948 2424 2987 ex
2474 2927 2698 3004 9506,

371 3015 495 3073 546
549 3012 834 3084 οἶνίζοπο
888 3032 1243 3113 quamquam
1303 3033 1480 3074 sensu
1534 3015 1780 3088 paulum
1836 3011 2069 3071 diverso
2124 3016 2367 3089 exemit,
2441 3013 2513 3071 ad
2563 3014 2697 3113 473

362 3102 598 3172 praeter
640 3098 786 3157 alios
842 3098 1004 3159 locos
1049 3098 1339 3176 imprimis
1384 3119 1424 3155 α
1459 3100 1578 3156 184
1625 3094 1820 3155 πλέων
1864 3128 1940 3137 -
1987 3117 2129 3173 μετα
2186 3094 2491 3173 χαλκόν,
2548 3091 2699 3174 ἄγω

358 3176 420 3239 δ’
478 3178 783 3240 αἴθωνα
835 3181 1171 3262 σίδηρον,
1237 3183 1312 3242 ad
1366 3184 1489 3241 474
1545 3182 1688 3240 ibid.
1758 3182 1875 3241 108
1917 3178 2226 3276 ῥινοῖσι
2295 3182 2525 3259 βοῶν,
2591 3176 2697 3251 οὺς

360 3263 611 3325 ἔκτανον
653 3261 874 3325 αὐτοί
911 3269 1201 3330 adhibuit.
1252 3300 1327 3310 —-
1370 3269 1493 3326 475
1538 3258 1869 3341 άθετεῐται,
1915 3284 2003 3322 οτι
2048 3262 2361 3341 νεωτερικὴ
2408 3260 2698 3342 ὀνομασία

360 3358 466 3410 τοῦ
508 3344 925 3429 ἀνδράποδον·
951 3348 1091 3411 οὐδὲ
1135 3347 1249 3431 γὰρ
1291 3350 1453 3430 παρὰ
1511 3355 1629 3420 τοῖς
1686 3346 2144 3426 ἕπιβεβληκόσιν
2189 3344 2423 3430 Ὁμήρῳ
2482 3355 2699 3409 ιοεῖται

356 3438 626 3505 (κεῖται
671 3442 828 3497 recte
872 3437 1243 3499 Friedlaend.
1277 3439 1545 3497 Ariston.
1580 3455 1637 3510 p.
1682 3433 1843 3513 135).
1919 3436 2103 3493 λυπεῖ
2137 3430 2202 3493 δὲ
2242 3432 2344 3493 καὶ
2387 3432 2451 3492 τὸ
2493 3425 2701 3494 αλλοι

357 3517 699 3591 πλεονάζον.
788 3523 975 3582 Nobis
1029 3524 1269 3600 quidem
1325 3527 1571 3597 propter
1622 3521 1684 3579 id
1743 3522 1937 3596 ipsum
1982 3540 2115 3579 vers
2104 3540 2194 3580 us
2253 3521 2698 3595 interpolatoris

357 3607 625 3680 videtur,
682 3607 784 3681 qui
846 3608 1169 3667 clausulam
1231 3627 1303 3666 ex
1353 3607 1387 3663 Ι
1417 3608 1496 3665 88
1542 3604 1848 3663 τίθεντο
1892 3600 1968 3662 δὲ
2017 3601 2245 3683 δόρπον
2288 3609 2347 3664 et
2389 3626 2425 3715 y
2455 3606 2580 3663 420
2626 3600 2698 3673 ές

367 3686 577 3749 δαῖτα
620 3686 947 3749 θάλειαν
990 3694 1266 3753 confecit.

531 3776 644 3846 Qui
691 3779 921 3835 restant
963 3797 1225 3836 versus
1280 3779 1563 3851 septem
1621 3776 1918 3833 neminem
1977 3777 2213 3850 praeter
2256 3774 2545 3832 unitarios
2590 3779 2694 3830 aut

359 3860 572 3919 fallent
622 3864 732 3919 aut
785 3861 1190 3921 delectabunt:
1256 3866 1377 3921 tam
1450 3862 1651 3934 inepte
1717 3879 1785 3916 ex
1843 3860 2237 3936 fragminibus
2305 3858 2695 3933 undecunque

361 3944 596 4003 collatis
642 3945 1040 4021 conglutinati
1088 3951 1244 4006 sunt.
1334 3945 1428 4003 Ita

526 4031 651 4089 476
698 4029 1043 4089 decantatae
1073 4032 1372 4091 clausulae
1401 4029 1708 4104 demptum
1741 4048 1810 4086 ex
1842 4029 1901 4083 Σ
1928 4030 2047 4086 354
2079 4028 2316 4086 initium
2353 4028 2691 4101 praemisit3

359 4116 480 4171 477
526 4111 810 4172 δαίνυντο
851 4117 1079 4190 primae
1125 4116 1251 4176 sedi
1296 4135 1367 4174 ex
1410 4134 1448 4189 η
1478 4115 1621 4173 203.
1683 4110 1716 4167 δ
1747 4116 1783 4171 9
1828 4112 2059 4186 intulit,
2106 4117 2303 4170 cetera
2346 4130 2414 4169 ex
2466 4113 2515 4168 Β
2552 4113 2690 4174 130.

359 4200 481 4257 815
529 4194 758 4279 (alibi),
814 4202 918 4275 qui
961 4220 1167 4261 versus
1213 4203 1275 4260 et
1317 4200 1430 4275 ipsi
1477 4199 1833 4257 recentiores
1878 4201 2046 4270 sunt,
2104 4197 2507 4271 commiscuit3
2569 4198 2691 4256 478

359 4283 560 4357 inepte
617 4304 725 4360 per
775 4288 965 4344 totam
1018 4290 1253 4346 noctem
1309 4286 1464 4343 mala
1520 4282 1757 4342 Graecis
1816 4283 2247 4341 machinantem
2303 4282 2448 4340 facit
2491 4281 2693 4341 Iovem

358 4370 576 4446 quippe
630 4370 864 4429 furatus
919 4369 950 4441 ξ
1006 4372 1158 4447 243,
1224 4370 1326 4429 ubi
1384 4374 1525 4444 apte
1582 4369 1805 4443 legitur
1856 4361 2045 4444 αὐταρ
2102 4362 2227 4440 ἐμοὶ
2287 4364 2460 4446 δειλῷ
2511 4386 2692 4422 κακα

362 4449 620 4529 μήδετο
683 4452 990 4531 μητίετα
1056 4452 1271 4525 Ζεύςς
1339 4456 1461 4512 479
1521 4448 1851 4529 σμερδαλέα
1919 4446 2193 4509 κτυπέων
2257 4471 2326 4509 ex
2389 4455 2531 4510 noto
2588 4450 2694 4507 illo

463 4560 579 4600 κῡο
591 4560 711 4609 1115
741 4559 973 4601 Schriften
1029 4563 1067 4600 1.
1606 4617 1613 4625 ·
2258 4555 2288 4601 9

2744 734 2804 781 12

2738 4118 2797 4166 13
