3132 5129
1222 396 1679 461 „443-

629 586 711 596 —-
882 586 962 596 —
1135 548 1404 610 -Ὁ
1448 550 1513 612 δὲ
1555 552 1797 629 μίσθιος
1841 550 1912 613 οὐ
1955 551 2093 614 πέλε
2136 549 2388 633 ποιμήν·

540 633 715 714 δήιον
746 628 1265 743 ἆγζικὲλευθον
1241 628 1389 698 ι’δων
1431 634 1616 698 λύκον
1659 659 1896 718 αρπαγα
1938 630 2143 717 μήλων

540 715 798 800 κρυπτὸς
844 721 1188 794 αλυσκοὶζων
1229 718 1588 799 ὑποδύεται,
1633 718 1770 796 ὀξὺς
1822 720 2001 795 ἐάσας

538 803 921 906 βοσκομένων
972 802 1288 883 ἀφύλακτα
1330 807 1682 868 πολύπλανα
1725 807 1890 869 πώεα
1933 804 2180 885 μήλων,

540 883 803 964 κρυπτὸς
847 882 1195 965 ἀλυσκάζων
1234 888 1595 971 ὑποδύεται,
1641 884 1751 953 οὐκ
1796 886 1984 972 αλέγει
2030 889 2098 953 δὲ

536 975 745 1055 μήλων
786 970 1216 1055 ἅλλοτρίων,“
1185 1001 1273 1039 οτι
1314 979 1557 1056 μίσθιος
1603 972 1786 1050 αὐτὸς
1827 973 2062 1038 ακούει·

536 1059 638 1121 καὶ
682 1060 862 1133 λύκος
905 1057 1301 1141 αγκυλόμητις
1345 1060 1643 1142 ἐπέρχεται
1684 1083 1910 1143 αρπαγι
1952 1068 2150 1146 λαιμαῖ
2647 1075 2716 1120 ‘22

534 1149 696 1225 μῆλα
740 1146 1135 1221 διασκεδάσας
1179 1146 1548 1228 σημάντορος
1594 1145 1667 1208 οὗ
1708 1146 2053 1227 παρεόντος.

284 1266 354 1325 In
398 1266 491 1326 his
537 1268 738 1327 omnia
782 1268 1003 1344 optime
1048 1268 1392 1345 convenire,
1441 1272 1511 1327 ut
1553 1270 1627 1329 de
1665 1269 2120 1345 transponendis
2151 1268 2403 1344 singulis
2434 1287 2612 1328 mem-

283 1350 408 1410 bris
454 1352 705 1428 cogitari
750 1357 1034 1451 nequeat,
1081 1372 1252 1412 nemo
1283 1373 1403 1413 non
1436 1354 1622 1414 videt.
1700 1355 1815 1413 Sed
1847 1373 1916 1413 ea
1959 1354 2007 1413 si
2041 1372 2448 1430 comparamus
2480 1372 2613 1412 cum

283 1436 642 1513 archetypO,
701 1441 933 1497 tantum
979 1440 1041 1496 in
1088 1440 1349 1513 partium
1406 1439 1796 1513 dispositione
1852 1439 2213 1498 offendemus
2275 1438 2613 1512 discrimen,

282 1524 379 1596 ut,
426 1523 526 1596 qui
574 1523 694 1581 iam
742 1524 1185 1599 paraphrastam
1232 1523 1381 1583 bene
1419 1525 1683 1599 noverit,
1731 1523 2004 1583 dubitare
2048 1543 2168 1583 non
2212 1523 2440 1620 possit,
2469 1523 2614 1598 quin

282 1606 335 1664 ei
381 1606 558 1683 longe
603 1600 719 1665 alia
761 1610 899 1666 aute
945 1609 1145 1667 oculos
1188 1608 1370 1667 fuerit
1412 1609 1556 1668 haec
1587 1610 1795 1669 series:
1842 1601 1874 1667 ὁ
1924 1604 1985 1665 δὲ
2028 1596 2329 1708 μισθωτὸς
2372 1598 2485 1664 οὐκ
2529 1628 2615 1665 ων

283 1686 511 1764 ποιμὴν
568 1693 793 1769 θεωρεῖ
838 1682 945 1749 τὸν
999 1684 1187 1750 λύκον
1243 1683 1564 1790 ἐρχόμενον
1620 1688 1724 1750 καὶ
1793 1683 2003 1769 φεύγει
2056 1691 2157 1752 και
2220 1684 2477 1767 ἀφίησιν
2542 1712 2611 1749 τα

282 1771 588 1851 πρόβατα,
636 1771 844 1873 φεύγει
888 1771 988 1834 καὶ
1034 1771 1106 1835 ού
1149 1770 1312 1853 με’λει
1355 1767 1517 1858 αὐτῷ
1545 1773 1681 1855 περι
1731 1777 1849 1836 τῶν
1879 1769 2299 1854 προβατων,ο
2266 1798 2357 1836 οτι
2383 1780 2612 1853 μισθω-

282 1853 379 1932 τός
424 1854 640 1956 ἔστιν,
660 1851 737 1919 ού
780 1850 889 1920 οὑκ
944 1858 1102 1920 ἔστιν
1147 1883 1217 1921 τα
1264 1837 1533 1937 πρόβατα
1564 1860 1717 1920 ἴδια·
1775 1858 1944 1921 καὶ”
1908 1882 2134 1940 ερχεται
2190 1857 2221 1922 ὁ
2280 1860 2457 1933 λύκος
2513 1884 2612 1920 και

279 1937 526 2022 ἁρπάζει
571 1965 643 2003 τα
688 1941 959 2024 πρόβατα
1004 1942 1103 2003 και
1150 1945 1465 2023 σκορπίζει.

450 2030 699 2091 Prorsus
741 2033 948 2091 eadem
992 2051 1085 2092 res
1132 2036 1223 2093 est
1266 2031 1439 2110 XIV,
1489 2035 1607 2092 9—
1619 2036 1731 2110 11,
1778 2033 1995 2111 quibus
2041 2034 2410 2109 respondent
2452 2034 2612 2093 Non-

280 2102 399 2175 uici
444 2134 647 2176 versus
694 2119 774 2176 33
807 2137 937 2193 sqq.

541 2231 780 2307 τηλίκου
822 2232 971 2311 εἶμί,
1016 2233 1308 2311 Φίλιππε,
1352 2228 1544 2294 πολὺν
1589 2232 1802 2311 χρόνον
1846 2231 2068 2294 ἐνθάδε
2084 2234 2344 2332 μίμνων

542 2316 841 2394 σύννομος
885 2314 1139 2397 ὑμείων,
1193 2316 1295 2378 καὶ
1342 2315 1494 2399 έμὴν
1535 2312 1646 2379 οὐκ
1692 2312 1917 2390 εἶδεςό
1921 2311 2167 2422 πωπήν;

398 2410 465 2457 35
536 2402 654 2475 πᾶς
697 2400 941 2483 βροτός,
988 2400 1055 2475 ὃς
1097 2424 1169 2481 με
1213 2400 1430 2481 νόησε,
1474 2402 1577 2465 καὶ
1620 2396 1888 2480 αφθιτον
1931 2396 2048 2463 εἶδε
2094 2405 2304 2480 τοκῆα·

393 3262 459 3310 45

541 2486 712 2548 οὔπω
756 2486 959 2550 πίστιν
1004 2486 1265 2568 ἔχεις,”
1229 2511 1320 2549 οτι
1366 2483 1624 2568 σύζυγός
1669 2490 1788 2567 εἰμι
1830 2488 2038 2567 τοκῆος

538 2597 638 2634 και
685 2571 923 2653 γενέτης
967 2571 1217 2652 μεθέπει
1257 2597 1329 2654 με
1371 2575 1479 2658 μιῇ
1522 2570 1896 2653 συναρηρότα
1939 2575 2166 2658 μορφῇ;

541 2681 641 2718 και
686 2655 882 2721 πόθεν
924 2660 1158 2734 αἰτίζεις
1201 2683 1271 2739 με
1319 2657 1714 2759 ,,μεριζομε’νῳ
1759 2681 1873 2719 τινι
1921 2662 2123 2743 θεσμῷ

537 2744 733 2819 δεῖξον
777 2740 904 2823 ἐμοὶ
947 2767 1260 2826 γενετηρας
1247 2747 1306 2781 ·“
1360 2737 1462 2805 τὸν
1500 2723 1746 2826 ἔδρακες
1789 2745 1873 2817 εἰς
1919 2741 1985 2824 ἕμ
1990 2741 2017 2804 ὲ
2063 2720 2356 2804 λεύσσων·

536 2826 601 2888 ἐκ
646 2827 896 2909 κραδίης
941 2828 1038 2892 ὅτε
1079 2830 1283 2909 μῦθον
1327 2825 1676 2928 ἕρεύγομαι,
1724 2830 1806 2902 εἰς
1852 2769 1985 2906 ἐμὲμ
1993 2830 2224 2908 μίμνων

536 2912 715 2987 ξυνὸς
762 2913 889 2992 έμοι
931 2912 1194 2976 λαλέοντι
1238 2905 1433 2994 πατὴρ
1480 2912 1619 2992 ἐμὸς
1663 2913 1831 2996 ἔργον
1874 2911 2140 2991 ὑφαίνει.

539 2997 729 3059 Οὔπω
772 2995 1043 3078 μάρτυρα
1087 3000 1293 3077 μῦθον
1336 2996 1749 3061 έπιστῶσασθε
1791 3000 2076 3087 μενοιυῇ,

536 3107 629 3157 ως
674 3080 740 3142 έν
782 3081 908 3184 ἐμοὶ
953 3081 1179 3147 τελέθει
1220 3081 1461 3182 γενέτης
1506 3083 1677 3162 ἐμός,
1734 3082 1856 3144 ὅττι
1898 3083 1998 3145 καὶ
2041 3080 2226 3156 αὐτὸς

536 3163 842 3247 σύμφυτος
885 3170 1002 3248 εἰμι
1044 3170 1289 3248 τοκῆος,
1335 3160 1448 3249 ἔγω
1492 3167 1745 3246 λαλέων,
1790 3165 1830 3229 ὁ
1874 3166 1938 3230 δὲ
1983 3167 2199 3248 ρέζωνς

537 3252 592 3313 εἰ
628 3252 710 3333 μὴ
756 3251 881 3333 ἐμοὶ
928 3255 1251 3331 πείθεσθε,
1297 3259 1509 3332 σοφοῖς
1554 3249 1898 3316 πιστεύσατε
1941 3254 2187 3332 μούνοις

536 3335 724 3418 ἔργοις
768 3336 1135 3420 ἡμετέροισιν
1179 3344 1290 3401 etc.

281 3441 610 3501 Emendavi
656 3444 1199 3520 interpunctionem
1243 3476 1328 3486 —-
1373 3463 1429 3502 v.
1478 3443 1558 3502 38
1617 3443 1798 3518 vulgo
1853 3436 2206 3523 μεριζομένῳ
2250 3436 2365 3499 τινὶ
2411 3439 2613 3522 θεσμῷ

280 3527 484 3601 inepte
527 3546 661 3586 cum
706 3527 943 3600 αἰτίζεις
1001 3549 1071 3602 με
1126 3529 1401 3605 iungitur
1445 3530 1503 3586 et
1549 3548 1604 3588 v.
1653 3529 1737 3587 40
1786 3547 1974 3604 nuper
2030 3527 2351 3587 Passovius
2407 3527 2615 3584 contra

277 3611 489 3671 Nausii
534 3612 1086 3689 interpretationem
1145 3617 1281 3688 post
1337 3605 1645 3690 ἐρεύγομαι
1693 3615 1981 3686 punctum
2026 3611 2157 3669 fixit
2203 3644 2277 3653 —-
2326 3613 2387 3669 et
2429 3630 2483 3668 v.
2531 3612 2611 3668 43

278 3714 386 3771 pro
442 3693 715 3755 καὶσὺν
771 3719 841 3758 ex
897 3699 981 3774 X,
1041 3699 1161 3757 137
1231 3698 1434 3772 scripsi
1492 3692 1587 3767 ὥς
1644 3692 1674 3755 ἕ
1691 3718 1759 3772 ν,
1826 3715 2082 3772 quorum
2137 3696 2302 3772 prius
2360 3694 2475 3752 iam
2521 3695 2612 3752 in·

276 3784 523 3840 venerat
566 3782 910 3842 Nausius.
985 3782 1110 3842 Iam
1158 3801 1296 3842 vero
1342 3783 1540 3841 omnia
1583 3784 1709 3840 tam
1753 3781 1902 3841 bene
1958 3780 2320 3856 procedunt,
2380 3782 2450 3838 ut
2504 3798 2612 3838 nec

274 3865 592 3941 quiequam
638 3868 768 3926 loco
812 3869 1039 3926 moveri
1078 3869 1260 3943 queat
1301 3885 1408 3926 uec
1437 3866 1601 3925 aliud
1632 3866 1851 3925 alicubi
1882 3865 2048 3940 addi,
2095 3865 2156 3923 id
2203 3864 2361 3941 quod
2392 3865 2612 3940 optime

275 3951 531 4025 perspici
576 3955 773 4027 potest
801 3972 870 4011 ex
912 3952 1134 4011 infelici
1164 3952 1429 4011 Nausii
1474 3955 1721 4026 conatu,
1768 3951 1900 4026 qui,
1946 3952 2016 4008 ut
2059 3949 2334 4026 proprius
2378 3949 2452 4006 ad
2484 3969 2612 4007 eam

277 4054 455 4109 quam
502 4055 662 4094 nunc
705 4037 994 4096 habemus
1049 4038 1295 4096 Ioannei
1354 4038 1550 4095 textus
1596 4036 2004 4095 condicionem
2059 4035 2409 4094 admoveret
2451 4033 2611 4093 Non·

276 4138 453 4195 num,
500 4124 562 4179 et
607 4141 663 4181 v.
711 4122 790 4180 36
823 4141 913 4219 sq.
970 4125 1109 4197 post
1150 4142 1207 4183 v.
1257 4123 1335 4180 39
1397 4121 1773 4218 transposuit
1833 4122 1895 4179 et
1936 4119 2194 4178 medium
2251 4137 2485 4179 versum
2531 4119 2614 4176 40

277 4204 601 4280 interrupit
642 4224 761 4265 non
806 4206 1003 4266 miuus
1034 4210 1320 4282 quattuor
1349 4205 1624 4281 pessimis
1670 4223 1807 4264 suae
1852 4205 2112 4264 fabricae
2159 4203 2427 4264 versibus
2459 4204 2614 4263 inter

275 4281 590 4364 ἕρεύγομαι
632 4294 695 4350 et
735 4289 818 4362 εἰς
867 4287 966 4367 ἐμὲ
1022 4292 1286 4351 intrusis.
1361 4291 1420 4350 Is
1465 4290 1665 4365 potius
1707 4290 1949 4349 Ioannis
2004 4289 2188 4349 verba
2243 4289 2354 4349 hoc
2406 4289 2613 4348 ordine

288 4372 582 4448 modoque
625 4377 849 4452 scripta
892 4377 1221 4437 enarravit.
1284 4372 1584 4433 Τοσοῦτον
1625 4369 1874 4453 χρόνον,
1923 4372 2219 4449 Φίλιππε,
2262 4367 2408 4449 μεθ’
2443 4362 2615 4447 ὑμῶν

281 4453 432 4532 εἰμί,
477 4455 579 4516 καὶ
622 4453 732 4518 οὐκ
779 4456 1041 4538 ἔγνωκάς
1084 4481 1185 4537 μες
1231 4454 1277 4518 ὁ
1313 4454 1592 4538 ἑωρακώς
1624 4454 1723 4537 ἐμὲ
1767 4456 1866 4518 καὶ
1910 4454 2171 4536 ἑώρακεν
2215 4454 2317 4517 τὸν
2357 4453 2611 4536 πατέρα·
