3132 5129
1382 419 1458 431 —
1552 385 1841 448 128-

440 544 745 620 prooemio
792 543 1009 617 hausit,
1056 561 1183 601 rem
1225 543 1414 617 ipsam
1450 543 1628 600 variis
1658 541 1890 600 laciniis
1920 542 2120 616 inepte
2165 541 2487 614 exornavit,
2532 545 2604 599 ut
2643 541 2791 598 haec

441 630 645 688 tabula
687 629 884 687 docet:

612 716 736 772 443
784 739 864 761 =
914 714 970 768 Δ
1020 715 1047 770 1
1099 712 1176 787 -1-
1228 713 1288 767 Α
1334 713 1454 771 609
1484 706 1723 791 (alibi).

611 800 733 856 444
781 824 861 846 =
910 799 964 854 K
1008 798 1130 855 524
1187 800 1518 872 θηεῦντο
1573 791 1639 852 δὲ
1691 791 1990 872 μέρμερα
2044 791 2219 873 ἔργα
2275 794 2352 870 -l-
2402 792 2464 853 Γ
2519 796 2637 853 130
2693 814 2786 868 sq.

442 881 543 940 ἵνα
588 881 839 940 θέσκελα
885 878 1056 960 ἔργα
1103 879 1319 956 ἴδηαι
1361 883 1371 957 Ι
1414 875 1828 957 -Ἀχαιαῑν
1871 877 2460 957 χαλκοχιτώνων.
2538 880 2618 937 Et
2647 881 2790 954 quis

440 969 633 1027 nescit
676 963 821 1045 μέγα
868 963 1035 1043 ἔργοι
1059 966 1091 1025 ?

613 1055 737 1111 445
782 1078 863 1100 =
911 1052 967 1107 E
1009 1053 1135 1111 420
1181 1049 1379 1129 (alibi)
1430 1048 1613 1126 -1-’“”
1557 1067 1605 1113 ‚2⁴-
1656 1052 1777 1110 384
1823 1046 2045 1129 (alibi).

612 1140 736 1196 446
783 1164 863 1185 =
910 1137 966 1192 E
1013 1138 1131 1194 762
1179 1136 1258 1212 -Ι-
1307 1158 1335 1191 τ
1387 1138 1503 1194 107
1552 1135 1653 1214 (cf.
1701 1157 1735 1213 ρ
1781 1132 1957 1211 386).

614 1223 733 1279 447
783 1223 1149 1296 ineptissime
1190 1241 1260 1278 ex
1307 1215 1363 1282 Ξ
1404 1222 1521 1279 107
1569 1227 1690 1278 νῦν
1732 1214 1794 1276 δ’
1853 1217 2003 1296 εἴη,
2058 1214 2126 1290 ὃς
2170 1215 2362 1295 τῆσδέ
2403 1241 2439 1296 y
2498 1209 2788 1294 αμείνονα

442 1314 668 1384 μῆτιν
711 1302 974 1363 ἐνίσποι
1019 1308 1083 1364 et
1124 1307 1164 1381 β
1214 1307 1330 1364 137
1376 1307 1582 1381 μῦθον
1627 1301 1848 1377 ἐνίψω
1894 1305 2191 1364 conflavit.
2279 1305 2578 1374 Quaenam
2623 1305 2785 1363 enim

446 1395 587 1451 haec
619 1397 710 1451 est
740 1391 1154 1467 interpretatio
1183 1390 1467 1465 adoptata
1497 1391 1723 1449 scilicet
1750 1411 1786 1448 a
1815 1389 2272 1448 recentioribus:
2320 1383 2789 1447 ἆνακοινώσεται

364 1488 421 1533 11
449 1474 547 1534 διὰ
579 1481 840 1550 θυσιων,
874 1492 984 1531 συι
988 1472 1194 1552 εργοὺς
1224 1469 1444 1545 αὐτοὺς
1488 1470 1689 1532 θέλων
1696 1475 1950 1569 λαβεῖν·
1998 1471 2061 1531 οἱ
2096 1468 2208 1551 γὰρ
2236 1470 2495 1544 θύοντες
2525 1471 2790 1532 εἴσονται

447 1559 608 1640 παρὰ
651 1561 827 1619 θεῶν
880 1559 935 1619 εἰ
977 1558 1074 1618 δεῖ
1130 1555 1316 1637 ἔργοις
1362 1546 1724 1637 ἐγχειρεῖν”
1686 1581 1725 1635 η
1768 1556 1870 1618 οὔέ
1946 1559 2230 1618 Iniuriam
2278 1560 2547 1635 profecto
2587 1559 2787 1618 adole-

448 1647 733 1707 scentulis
779 1646 1054 1720 facimus,
1117 1646 1164 1703 si
1218 1646 1279 1703 in
1335 1644 1707 1719 enarrandis,
1767 1646 1815 1703 si
1876 1644 1988 1704 diis
2033 1643 2253 1719 placa,
2312 1645 2527 1703 summi
2574 1648 2789 1720 poetae

450 1731 812 1791 carminibus
858 1731 1008 1789 tales
1053 1730 1127 1788 iis
1185 1732 1352 1804 quasi
1409 1731 1564 1788 bona
1619 1728 1735 1788 fide
1791 1729 2174 1805 propinamus
2229 1729 2511 1804 ineptiae,
2568 1729 2788 1805 quibus

448 1817 593 1876 haec
636 1810 837 1874 omnia
879 1814 1358 1873 centonariorum
1405 1815 1639 1890 opificia
1683 1815 1951 1874 laborare
1996 1813 2283 1873 videmus.
2370 1813 2523 1872 Nam
2570 1815 2793 1873 similia

449 1906 510 1960 et
538 1902 603 1959 in
635 1899 974 1995 Chryseidis
1005 1900 1335 1959 redditione
1365 1901 1471 1958 et
1455 1919 1518 1958 ιιι
1562 1919 1773 1958 senum
1818 1899 2065 1958 consilio
2110 1902 2172 1957 et
2217 1899 2277 1956 in
2309 1898 2577 1976 Catalogi
2605 1899 2789 1958 inter·

450 1985 852 2060 polationibus
899 1985 1016 2043 iam
1064 1984 1573 2084 deprehendimuS,
1620 2004 1729 2045 nec
1774 1985 1835 2043 in
1878 1987 2186 2060 posterum
2231 1983 2716 2044 desiderabimus.

621 2071 744 2128 488
791 2069 947 2128 haud
994 2070 1246 2128 feliciter
1288 2073 1348 2128 et
1391 2061 1496 2145 οὐχ
1539 2063 1727 2149 ὁράᾳς
1771 2088 1843 2128 ex
1875 2067 1927 2125 Ο
1957 2070 2109 2142 555,
2157 2066 2215 2123 Φ
2249 2070 2368 2127 108
2411 2073 2473 2128 et
2515 2059 2576 2125 δ’
2621 2059 2789 2143 αὖτε,

449 2156 606 2231 quod
654 2155 748 2214 hic
792 2159 952 2213 recte
997 2155 1254 2230 positum
1302 2152 1562 2214 Graecos
1608 2155 1883 2213 innueret
1926 2154 2147 2212 iterum
2205 2153 2321 2210 iam
2375 2155 2529 2211 muri
2584 2154 2788 2213 condi-

447 2245 637 2314 toreS,
684 2259 755 2299 ex
799 2240 933 2299 aliis
977 2240 1122 2297 locis
1166 2240 1566 2315 transcripsit.
1658 2238 1943 2298 Clausula.
1985 2239 2297 2298 notissima
2339 2242 2450 2300 est.

618 2286 734 2384 451
774 2329 836 2383 et
865 2325 988 2383 458
1021 2343 1226 2382 rursus
1258 2343 1325 2382 ex
1350 2344 1371 2379 ι
1396 2325 1519 2383 264
1551 2330 1679 2381 τοῦ
1710 2320 1791 2399 δὴ
1839 2323 1953 2381 νῦν
1993 2343 2058 2400 γε
2101 2318 2377 2423 μέγιστον
2420 2316 2795 2425 ὑπουράνιον

448 2405 655 2478 κλέος
714 2405 920 2468 ἐστίν
976 2404 1196 2487 (cf.1(
1242 2404 1393 2487 212)
1449 2414 1510 2468 et
1566 2431 1598 2466 τ
1657 2409 1776 2467 108
1834 2423 1960 2466 σευ
2015 2403 2227 2477 κλέος
2285 2400 2549 2486 οὐρανὸν
2603 2401 2794 2485 ευρύν

451 2492 644 2552 ἵκάνει
702 2495 1098 2553 conformavit
1150 2493 1469 2569 adsumpto
1531 2493 1584 2550 Θ
1631 2497 1658 2550 1
1704 2519 1785 2542 ==
1829 2492 1893 2550 Ω.
1934 2493 2055 2552 695
2109 2480 2264 2562 Ἠως
2330 2525 2390 2534 -
2448 2489 2793 2552 ἐκίδνατο

448 2586 652 2637 πᾶσαν
707 2573 796 2637 ἐπ’
848 2571 1021 2653 αἶαν,
1077 2583 1139 2637 et
1189 2579 1411 2637 insulse
1467 2580 1728 2655 quidem.
1828 2579 1984 2637 Nam
2039 2578 2189 2636 illud
2248 2570 2391 2636 ὅσον
2444 2600 2577 2639 cum
2623 2579 2791 2650 κλέος

449 2667 649 2739 potius
694 2664 1064 2739 iungendum
1108 2681 1287 2737 quam
1330 2664 1405 2722 ad
1451 2666 1655 2723 orbem
1698 2667 1990 2723 terrarum
2036 2663 2193 2722 almo
2223 2662 2447 2721 lumine
2478 2665 2791 2723 collustra-

450 2753 579 2807 tum
633 2748 1015 2807 referendum
1073 2766 1201 2806 esse
1259 2748 1376 2806 iam
1428 2748 1808 2809 Aristarchus
1861 2749 2163 2807 intellexit
2205 2749 2518 2808 scribendo
2572 2744 2793 2824 ὅσην,

449 2833 607 2907 quod
652 2834 850 2907 ipsum
896 2833 1013 2890 alia
1057 2831 1290 2890 laborat
1334 2833 1707 2893 difficultate.
2038 2856 2041 2859 *

621 2919 768 2976 452.
856 2916 948 2975 Cf.
995 2917 1204 2975 Χ387
1254 2923 1385 2974 τοῦ
1429 2911 1489 2974 δ
1536 2910 1645 2976 οὐκ
1691 2914 2155 3017 ἐπιλήσομαι.

620 3004 764 3061 453.
853 2997 1031 3080 ἤρῳε
1094 3021 1181 3058 οτι
1237 2998 1604 3079 δισυλλάβως
1649 2998 1749 3060 καὶ
1796 2999 1863 3061 ἕν
1911 2995 2223 3085 Ὀδυσσείᾳ
2268 2993 2390 3083 ήρῳ
2430 2996 2792 3085 Δημοδόκῳ.

451 3086 576 3145 Iam
609 3087 994 3145 Alexandrini
1039 3086 1224 3162 igitur
1269 3087 1548 3146 viderunt
1592 3107 1799 3148 versus
1844 3090 2084 3147 initium
2130 3109 2197 3148 ex
2243 3092 2292 3146 θ
2336 3090 2458 3147 483
2505 3089 2790 3164 desump-

455 3174 584 3229 tum
628 3190 774 3231 esse.
862 3172 1012 3228 Tum
1057 3168 1423 3248 πολίσσαμεν
1468 3173 1619 3230 male
1664 3193 1735 3231 ex
1773 3174 1829 3228 Y
1851 3176 1970 3232 217
2006 3170 2187 3244 Ἴλιος
2239 3207 2308 3215 -—
2357 3166 2670 3231 πεπόλιστο
2714 3174 2792 3231 ad

452 3275 732 3314 murum
792 3256 1126 3330 transtulit,
1194 3275 1311 3331 quo
1377 3256 1434 3311 Φ
1480 3258 1603 3315 446
1669 3249 1885 3315 πόλιν
1940 3252 2072 3335 πέρι
2136 3262 2374 3334 τεῖχος
2441 3253 2637 3333 ἔδειμα
2693 3277 2792 3316 ex-

452 3341 835 3416 primeretur,
895 3343 964 3397 ut
1016 3341 1135 3397 iam
1191 3341 1410 3400 scholia
1464 3341 1759 3400 indicant:
1816 3341 2284 3419 πολίσσαμεν
2325 3337 2461 3401 ἀντὶ
2506 3340 2610 3400 τοῦ
2654 3339 2791 3421 περὶ

455 3421 565 3502 τὴν
606 3422 787 3483 πόλιν
828 3418 1311 3511 ᾠκοδομήσαμεν.
1385 3426 1697 3486 Postremo
1743 3428 2063 3487 clausulam
2107 3447 2179 3487 ex
2228 3426 2280 3484 Ο
2310 3429 2393 3488 30
2433 3421 2791 3503 ἀθλήσαντα

452 3511 727 3571 adscivit.

621 3596 745 3654 454
777 3621 857 3644 ==
894 3596 946 3650 Δ
977 3597 1080 3654 30.

623 3682 861 3738 455-
779 3706 861 3728 --·
894 3701 930 3737 ν
967 3681 1103 3739 140.
1193 3681 1464 3740 Eundem
1511 3700 1750 3740 versum
1794 3682 1950 3741 infra
2000 3681 2053 3739 Θ
2085 3684 2201 3741 201
2251 3682 2551 3745 habemus.

626 3767 771 3824 456.
862 3765 1165 3823 Orationis
1211 3765 1448 3823 initium
1492 3785 1568 3824 ex
1611 3766 1675 3822 Ω.
1707 3767 1832 3826 220
1876 3787 2003 3841 sqq.
2048 3768 2314 3826 imitatus
2359 3770 2467 3826 est.

623 3851 768 3908 457.
859 3847 949 3907 Cf.
1012 3852 1071 3905 A
1117 3851 1191 3908 91
1253 3839 1332 3919 ὃς
1389 3856 1507 3907 νῦν
1549 3847 1825 3909 πολλὸν
1876 3848 2115 3929 ἄριστος
2180 3855 2242 3910 et
2302 3834 2359 3908 Φ
2412 3854 2526 3911 107
2586 3848 2789 3930 (alibi)

452 3924 597 4011 ὅπερ
627 3930 746 3991 σέο
775 3927 1046 3991 πολλὸν
1075 3927 1337 4033 αμείνων
1366 3934 1445 4010 -1-
1483 3934 1533 3991 Ο
1565 3937 1690 3995 510
1721 3934 1913 4011 (alibi)
1948 3933 2196 4014 χεῖράς
2227 3956 2297 3994 τε
2327 3932 2545 4010 μένος
2575 3956 2660 3994 τε.
2706 3936 2792 4011 Et

625 4021 766 4077 459.
854 4014 1020 4095 αγρει
1061 4015 1184 4093 μάν
1228 4038 1298 4076 ex
1343 4019 1399 4074 E
1430 4021 1550 4078 765
1598 4022 1871 4094 sustulit,
1931 4021 2034 4079 sed
2082 4022 2348 4097 neglexit
2389 4040 2521 4079 eam
2567 4022 2789 4078 formu·

455 4103 571 4160 lam
605 4122 840 4178 semper
869 4103 1150 4161 continuo
1183 4104 1531 4178 imperativo
1564 4105 1758 4181 iungi:
1796 4106 1912 4164 vid.
1945 4109 2253 4181 praeterea
2292 4109 2353 4162 A
2384 4108 2528 4164 512.
2559 4103 2615 4167 Ξ
2644 4107 2789 4164 271.

456 4207 495 4244 υ
532 4188 666 4246 149.
721 4208 768 4261 φ
806 4190 944 4247 176.
1035 4184 1196 4256 Quae
1242 4192 1604 4264 sequuntur,
1650 4193 1793 4249 nota
1835 4194 1991 4250 sunt.
2096 4216 2099 4219 ¹

625 4274 752 4331 460
781 4298 861 4319 =
897 4271 949 4329 Ο
978 4274 1122 4332 499.

624 4357 742 4415 461
816 4360 1060 4432 τεῖχος
1125 4351 1511 4435 ἀναρρήξας
1578 4355 1770 4435 (aliud
1836 4359 1993 4417 enim
2061 4364 2152 4419 est
2214 4363 2401 4436 τεῖχος
2466 4354 2792 4437 ῥηξάμενοι

457 4440 545 4500 Μ
578 4438 688 4518 90)
744 4442 898 4499 male
952 4462 1022 4500 ex
1085 4443 1140 4496 Y
1174 4445 1251 4501 63
1308 4447 1529 4520 γαῖαν
1583 4438 1932 4521 ἀναρρήξειε
1993 4441 2346 4503 Ποσειδάων
2401 4442 2502 4519 (ef.
2549 4445 2791 4521 Σ522)
