3132 5129
382 1292 445 1338 31

1419 350 1994 419 —494—-·

485 512 681 586 spexit
723 511 1064 570 Doederlin.
1109 530 1167 585 p.
1200 510 1270 585 8,
1326 511 1430 585 qui
1486 509 1733 584 proinde
1791 509 1898 568 hos
1943 526 2149 569 versus
2200 508 2262 566 in
2316 507 2433 566 fine
2488 509 2629 582 post
2676 509 2814 581 142,

484 602 553 654 ut
597 596 907 671 Thyrsidis
953 596 1074 655 sint
1116 596 1395 654 threnum
1438 594 1882 669 concludentis,
1927 611 2047 654 non
2091 592 2425 667 Daphnidis
2474 591 2629 652 vitae
2660 594 2820 653 vale-

486 681 738 740 dicentis
781 682 923 756 poni
972 680 1163 740 iussit.

654 765 781 824 Iam
820 766 991 841 vide,
1036 765 1142 825 has
1186 763 1566 824 difficultates
1615 782 1816 823 omnes
1863 763 2077 823 tollere
2122 782 2267 824 num
2311 761 2461 822 mihi
2505 764 2832 840 contigerit

487 852 748 909 carmine
793 850 972 910 simul
1018 850 1080 908 in
1128 851 1402 924 strophas
1447 868 1583 910 suas
1628 849 1934 909 restitutO.
2002 849 2100 907 Ad
2143 847 2305 923 quod
2350 847 2824 925 intellegendum

488 937 608 993 iam
652 935 805 995 nihil
848 934 1110 1010 adferas,
1159 951 1408 1009 quaeso,
1454 953 1635 1009 quam
1667 933 1827 1009 quod
1859 952 2039 1009 supra
2067 952 2136 993 ex
2168 930 2304 1009 ips'o(
2329 936 2508 1008 poeta
2537 952 2598 992 v.
2630 935 2708 992 97
2735 953 2823 1008 sq.

487 1023 792 1095 tamquam
839 1018 1292 1079 fundamentum
1335 1022 1581 1079 nostrae
1636 1019 1870 1079 fabulae
1927 1017 2253 1094 posuimus.
2345 1017 2614 1088 Quocum
2659 1037 2826 1093 pror-

488 1124 586 1164 sus
632 1102 1189 1179 conveniunt‘quae
1232 1103 1369 1180 VII,
1404 1105 1482 1162 72
1509 1122 1646 1179 sqq.
1692 1104 2002 1180 leguntur·

744 1306 821 1316 —
911 1306 993 1317 —
1078 1306 1164 1319 —
1248 1270 1350 1331 καὶ
1400 1270 1641 1375 Τίτυρος
1684 1268 1942 1373 ἐγγύθεν
1984 1266 2150 1355 ασεῖ,

740 1355 821 1428 ὥς
863 1377 1020 1417 ποκα
1063 1365 1170 1430 τᾶς
1214 1354 1412 1430 ξενὲας
1453 1350 1753 1460 ἠράσσατο
1802 1335 2041 1431 Δάφνις
2084 1351 2117 1415 ὁ
2123 1354 2393 1458 βαίτας,

739 1437 862 1521 χῶς
902 1440 1041 1521 ὅρος
1085 1434 1555 1544 ἀμφεπονεῖτο,
1561 1438 1671 1500 καὶ
1713 1436 1796 1513 ὡς
1840 1436 2018 1520 δρύες
2060 1434 2250 1499 αὐτὸν
2296 1437 2632 1519 ἕθρήνευν,

730 1524 930 1633 Ἱμέρα
972 1525 1101 1587 αιτε
1145 1525 1363 1603 φύοντι
1390 1519 1555 1604 ·’παρ
1605 1521 1864 1609 ὄχθῃσιν
1903 1529 2224 1630 ποταμοῖο,

739 1603 874 1673 ευτε
917 1633 1063 1690 χιων
1106 1608 1189 1684 ὥς
1233 1633 1320 1683 τις
1364 1608 1716 1671 κατετάκετο
1757 1632 1988 1691 μακρον
2031 1633 2122 1685 υφ
2195 1603 2411 1686 Αἷμον.

655 1783 746 1843 De
788 1784 1022 1859 puellae
1066 1785 1306 1842 nomine
1350 1784 1474 1843 sive
1515 1783 1878 1858 appellativo
1908 1783 2034 1842 sive
2065 1783 2310 1857 proprio
2337 1782 2582 1856 eiusque
2613 1781 2823 1858 forma,

485 1886 594 1943 pro
655 1887 775 1944 qua
833 1870 896 1927 et
950 1869 1080 1943 ipse
1137 1866 1333 1940 ξενίας
1387 1867 1801 1944 praetulerim,
1868 1868 2128 1925 multum
2181 1869 2574 1928 certaverunt.
2674 1866 2838 1935 Mihi

488 1952 724 2027 quidem
770 1953 964 2013 carol.
1010 1952 1177 2015 Frid.
1219 1954 1599 2011 Hermannus
1644 1972 1701 2028 p.
1728 1954 1764 2011 6
1811 1971 2014 2012 verum
2060 1951 2281 2012 vidisse
2326 1952 2563 2011 videtur
2604 1952 2665 2011 in
2711 1953 2824 2010 hac

487 2038 721 2096 fabulae
766 2038 1240 2098 conformatione
1283 2038 1619 2113 intellegi,
1626 2037 1907 2112 ,puellam
1949 2038 2327 2113 peregrinam
2372 2037 2484 2096 hoo
2529 2039 2620 2096 est
2663 2038 2820 2095 inco-

410 2118 416 2127 ’
484 2122 780 2198 gnitam‘.
744 2122 758 2151 ‘
846 2122 1014 2198 Eam,
1061 2124 1246 2199 ouius,
1291 2125 1628 2224 postquam
1658 2122 1826 2181 fatali
1871 2141 2072 2180 amore
2117 2121 2493 2197 Daphnidem
2537 2121 2822 2195 incendit,

483 2207 720 2265 nullum
753 2207 1075 2283 vestigium
1120 2208 1434 2283 remansit,
1480 2198 1628 2264 κατ’
1672 2198 2031 2305 ἀντίφρασιν
2075 2224 2418 2282 comparare
2460 2208 2651 2281 possis
2682 2225 2822 2265 cum

486 2291 882 2351 Sohilleriana
926 2293 1061 2367 illa,
1109 2311 1289 2367 quam
1332 2311 1536 2353 omnes
1579 2293 1857 2351 novimus
1900 2310 2088 2368 aeque
2117 2291 2318 2353 subito
2349 2290 2611 2351 adfuisse
2639 2293 2822 2366 atque

484 2377 818 2437 evanuisse!

655 2461 1032 2538 Daphnidem
1090 2462 1306 2539 igitur,
1380 2481 1555 2537 quem
1609 2480 1731 2522 non
1785 2462 1941 2520 male
1998 2461 2237 2538 quidam
2295 2479 2430 2520 oum
2487 2460 2821 2537 Hippolyto

484 2552 1010 2624 comparaverunt,
1084 2550 1414 2624 memento,
1472 2548 1752 2624 quoniam
1807 2566 2004 2606 amore
2056 2567 2289 2622 semper
2340 2547 2704 2622 superiorem
2760 2564 2825 2606 se

486 2633 616 2692 fore
659 2633 951 2708 gloriatus
1008 2635 1165 2708 erat,
1226 2632 1476 2692 Veneris
1535 2635 1780 2692 numine
1824 2633 1984 2692 laeso
2027 2631 2544 2692 vehementissimo
2588 2631 2824 2708 puellae

486 2716 793 2775 cuiusdam
822 2735 1021 2776 amore
1065 2719 1404 2793 correptum
1448 2720 1895 2778 contabescere:
1942 2720 2135 2777 cetera
2177 2718 2294 2775 iam
2325 2716 2512 2792 ipsius
2542 2717 2823 2775 carminis

490 2801 667 2859 lectio
713 2801 1142 2876 suppeditabit.

744 2966 1046 3112 ΘΞΑρχετε
1085 2970 1449 3076 βουκολικᾶς
1494 2972 1729 3029 Μοῖσαι
1772 2970 1943 3044 φίλαι
1985 2965 2170 3112 ἔρξε
2100 2964 2184 3029 ε’τ
2232 2964 2471 3041 ἀοιδᾶς·

838 3069 962 3132 ρσις
1009 3051 1081 3112 ὅδ
1150 3043 1231 3127 ὧξ
1274 3053 1537 3132 Αἴτνας,
1583 3052 1689 3114 καὶ
1733 3051 2024 3132 Θύρσιδος
2111 3048 2170 3111 δ’
2217 3049 2256 3112 ἆ
2304 3052 2497 3130 φωναί.
2753 3065 2820 3112 65

487 3224 548 3280 A
661 3218 702 3281 ά
827 3230 916 3307 πᾷ
945 3219 1076 3282 ποκ’
1108 3218 1199 3304 ἄρ’
1231 3215 1384 3303 ἦσθ’
1390 3267 1409 3302 ,
1440 3246 1555 3286 οκα
1589 3221 1832 3300 Δάφνις
1860 3220 2115 3300 ἐτᾶκετο,
2145 3231 2235 3308 πᾷ
2262 3244 2417 3284 ποκα
2444 3220 2732 3302 Νύμφαις

736 3296 777 3387 ἢ
819 3305 969 3370 κατὰ
1016 3309 1260 3385 Πηνειῶ
1303 3309 1454 3369 καλὰ
1498 3308 1748 3387 τέμπεα,
1792 3331 1831 3386 η
1882 3301 2030 3367 κατὰ
2081 3309 2318 3376 Πίνδου

736 3388 808 3454 οὐ
851 3393 1019 3501 τὰρ
1010 3391 1087 3470 δὴ
1135 3399 1416 3492 ποταμοῖο
1457 3392 1645 3474 μέγαν
1688 3389 1832 3469 ῥόον
1875 3389 2053 3471 εἴχετ’
2098 3388 2366 3468 Ἁνᾶπω,

739 3472 852 3539 οὐδ
924 3478 1155 3551 Αἴτνας
1200 3496 1489 3559 σκοπιαν,
1532 3475 1671 3539 οὐδ’
1705 3478 1944 3551 ’Ἀκιὸος
1987 3474 2149 3557 ἱερὸν
2193 3473 2370 3556 ὕδωρ.

821 3562 1029 3643 αρχετε
1069 3564 1427 3666 βουκολικᾶς
1474 3568 1709 3625 Μοῖσαι
1752 3564 1936 3658 φίλαι
1959 3560 2155 3643 αρχετ’
2204 3558 2430 3635 ἀοιδᾶς.
2747 3573 2813 3622 70

651 3647 691 3707 οἱ
820 3658 1005 3727 τῆνον
1047 3672 1171 3726 μαν
1211 3650 1405 3729 θῶες,
1451 3650 1644 3725 τῆνον
1679 3647 1851 3710 λύκοι
1897 3639 2496 3746 alpinam-1

738 3737 913 3812 τῆνον
956 3731 1079 3814 χῶκ
1123 3734 1371 3832 δρυμοῖο
1416 3734 1564 3795 λέων
1608 3733 1851 3795 ἕκλαυσε
1894 3727 2195 3794 θανόντα·

738 3821 953 3881 πολλαί
991 3819 1057 3878 οῖ
1092 3841 1213 3926 παρ
1258 3818 1432 3879 ποσσὶ
1474 3817 1642 3899 βόες,
1686 3818 1889 3915 πολλοὶ
1934 3817 2001 3879 δέ
2041 3841 2104 3880 τε
2147 3828 2387 3898 ταῦροι,
2747 3827 2812 3875 ’14

737 3902 946 3965 πολλαὶ
992 3899 1054 3964 δ’
1103 3896 1184 3966 αυ
1229 3899 1487 3983 δαμάλαι
1530 3904 1632 3966 καὶ
1675 3897 1908 3985 πόρτιες
1954 3899 2280 4008 ὠδύραντο.
2747 3913 2811 3961 75

821 3987 1028 4097 ἄρχετε
1069 3989 1426 4065 βουκολικᾶς
1473 3995 1704 4050 Μοῖσαι
1748 3989 1917 4067 φίλαι
1959 3983 2159 4068 αρχετ’
2207 3986 2438 4062 ἀοιδᾶς.

638 4070 693 4152 β’
821 4067 972 4153 ἦνθ’
1014 4071 1237 4149 Ἑρμᾶς
1278 4069 1591 4155 κράτιστος
1634 4069 1747 4135 ἀπ’
1792 4072 2003 4173 ωρεος,
2047 4067 2174 4136 εἶπε
2217 4072 2310 4133 δέ·
2356 4068 2588 4151 „Anapi
2591 4096 2643 4151 ι,

736 4160 853 4257 τίςν
864 4182 936 4219 τυ
980 4152 1359 4240 κατατρύχει,
1404 4162 1595 4239 τίνος,
1642 4152 1878 4240 ωγαθέ,
1924 4156 2137 4220 τόσσον
2181 4157 2451 4239 ἔρασσαι;
2438 4159 2499 4197 ·“

817 4236 1021 4343 ἄρχετε
1063 4248 1424 4325 βουκολικᾶς
1473 4249 1706 4306 Μοῖσαι
1748 4249 1916 4324 φίλαι
1959 4237 2156 4348 αρχετ’
2205 4241 2434 4315 ἀοιδᾶς.

642 4326 696 4407 γ’
803 4313 1020 4425 ἦνθον
1063 4328 1149 4390 τοὶ
1194 4331 1445 4409 βοῦται,
1490 4329 1578 4392 τοὶ
1625 4330 1930 4410 ποιμένες,
1978 4325 2230 4436 ᾦπόλοι
2248 4321 2477 4409 ἦνθον·
2747 4338 2813 4388 80

736 4406 951 4487 πάντες
990 4410 1367 4495 ανηρῶτευν,
1413 4415 1473 4475 τί
1510 4409 1704 4477 πάθοι
1745 4414 1953 4478 κακόν.
1997 4407 2158 4492 ἦνθ’
2205 4407 2237 4475 ὁ
2284 4414 2561 4494 Πρίηπος
