3132 5129
1298 414 1761 477 -205-

528 559 729 661 οὖρον
755 565 822 627 δὲ
865 566 1156 645 προέηκεν
1197 563 1475 646 ἀπήμονά
1521 590 1582 629 τε
1625 564 1832 645 λιαρόν
1876 592 1955 631 τε.

441 654 474 711 f
595 643 741 711 ἑπτα
786 649 882 712 δὲ-
896 650 997 711 καὶ
1045 653 1188 713 δέκα
1231 650 1344 732 μὲν
1386 651 1566 713 πλέον
1606 651 1808 732 ἤματα
1851 653 2329 736 ποντοπορεύων,

528 730 1014 839 ὀκτωκαιδεκάτῃ
1062 733 1121 796 δ’
1169 737 1368 815 ἐφάνη
1412 737 1558 815 ὄρεα
1602 738 1886 800 σκιόεντα

527 821 697 899 γαίης
742 817 1057 929 ὑμετέρης·
1105 822 1338 904 γήθησε
1383 822 1449 884 δέ
1491 845 1590 901 μοι
1635 824 1812 897 φίλον
1853 817 1997 903 ἦτορ

530 900 833 988 δυσμόρῳ·
880 932 913 968 τ
963 905 1076 987 γὰρ
1121 907 1360 985 ἔμελλον
1402 906 1484 968 ἔτι
1527 908 1888 984 ξυνέσεσθαι
1933 904 2090 979 ὀιζυῖ
2595 924 2697 971 270

527 995 751 1094 πολλῇ,
799 986 906 1069 τήν
946 1014 1047 1070 μοι
1090 990 1320 1072 ἐπῶρσε
1365 991 1720 1053 Ποσειδάων
1766 993 2117 1072 ἐνοσίχθων,

527 1073 597 1145 ὅς
639 1097 738 1149 μοι
781 1074 1128 1155 ἐφορμήσας
1171 1074 1428 1152 ἀνέμους
1472 1078 1755 1157 κατέδησε
1799 1077 2078 1159 κέλευθα,

529 1183 747 1239 ωρινεν
789 1159 855 1221 δὲ
900 1157 1214 1222 θάλασσαν
1258 1158 1645 1240 ἀθέσφατον·
1689 1159 1830 1224 οὐδέ
1872 1185 1929 1223 τι
1971 1172 2135 1242 κῦμα

527 1246 620 1306 εἴα
666 1243 760 1304 ἐπὶ
806 1246 1039 1325 σχεδίης
1078 1240 1261 1307 ἆδινὰ
1309 1244 1668 1326 στενάχοντα
1712 1246 2027 1353 φέρεσθαι.

442 1354 475 1393 e
600 1331 709 1426 την
751 1328 863 1408 μὲν
907 1330 1106 1392 ἔπειτα
1149 1329 1378 1392 θύελλα
1421 1326 1791 1393 διεσκέδασ’·
1848 1329 2038 1413 αυτὰρ
2086 1333 2202 1416 ἐγω
2245 1357 2311 1413 γε
2594 1347 2693 1395 275

527 1409 846 1492 νηχόμενος
890 1413 1025 1477 τόδε
1069 1421 1281 1495 λαῖτμα
1329 1414 1661 1496 διέτμαγον,
1706 1414 1870 1498 ὄφρα
1912 1441 1983 1495 με
2026 1421 2167 1503 γαίῃ

523 1497 776 1609 ὖμετέρη
821 1497 1095 1561 ἐπέλασσε
1141 1500 1342 1579 φέρων
1384 1500 1606 1579 ἄνεμός
1652 1526 1710 1564 τε
1755 1502 1856 1564 καὶ
1898 1500 2133 1578 ὕδωρέ*

615 1577 698 1657 ως
742 1562 917 1661 ἔφατ’
933 1606 950 1622 ·
996 1586 1056 1645 οἳ
1102 1583 1159 1644 δ’
1206 1608 1326 1664 αρα
1369 1582 1585 1657 πάντες
1628 1580 1789 1665 ἀκὴν
1834 1586 2104 1667 ἐγένοντο
2150 1590 2378 1673 σιωπῇ,
2440 1608 2687 1673 23333q,

523 1672 817 1754 κηληθμω
863 1664 920 1729 δ’
969 1669 1210 1749 ἔσχοντο
1252 1670 1403 1732 κατα
1444 1669 1673 1753 μέγαρα
1719 1672 2027 1734 σκιόεντα·
2436 1679 2692 1740 ==plsq.

524 1843 661 1903 Non
704 1862 932 1918 vereor,
977 1863 1053 1902 ne
1096 1843 1229 1919 quis
1273 1863 1446 1919 aegre
1489 1845 1722 1904 laturus
1768 1846 1863 1920 sit,
1910 1846 2068 1920 quod
2114 1848 2309 1906 totum
2340 1848 2695 1923 antiquioris

357 1928 636 1987 carminis
679 1929 1030 2005 apologum,
1077 1948 1434 2004 quamquam
1484 1929 1833 1989 immutatus
1880 1931 2003 1989 fere
2049 1950 2084 1988 a
2127 1936 2333 1992 nostro
2377 1938 2557 2008 poeta
2600 1952 2693 1991 re-

355 2016 558 2072 tentus
604 2018 711 2088 est,
760 2014 1013 2088 pristina
1057 2015 1470 2071 narrationum
1500 2016 1651 2073 serie
1682 2019 1954 2090 reparata
1984 2014 2437 2076 describendum
2467 2018 2688 2076 curavi.

353 2097 447 2156 Ita
504 2099 662 2156 enim
719 2100 780 2157 et
836 2099 1067 2172 priscus
1125 2099 1252 2157 eius
1313 2098 1542 2174 sibique
1596 2103 1880 2174 perpetuo
1938 2106 2218 2160 constans
2275 2102 2577 2161 character
2630 2106 2690 2160 et

355 2182 724 2259 singularum
779 2183 1188 2242 narrationum
1233 2183 1484 2258 simplex
1528 2184 1633 2242 sed
1691 2186 2132 2243 accuratissima
2187 2188 2564 2261 compositi0,
2622 2187 2695 2244 de

354 2287 471 2343 qua
525 2267 640 2325 iam
703 2266 846 2326 olim
901 2268 964 2326 in
1019 2267 1126 2327 illo
1182 2286 1455 2327 sermone
1519 2267 1781 2327 breviter
1845 2268 2154 2344 admonui,
2220 2276 2343 2329 tam
2410 2271 2564 2329 clare
2630 2271 2694 2329 in

355 2352 817 2427 uniuscuiusque
877 2351 1077 2411 oculos
1133 2352 1412 2427 incurrit,
1481 2356 1551 2410 ut
1607 2372 1730 2412 non
1786 2372 1933 2429 opus
1987 2353 2236 2412 habeam
2294 2354 2356 2413 in
2409 2373 2474 2412 re
2530 2374 2697 2430 aper-

355 2437 588 2495 tissima
651 2436 923 2512 pluribus
979 2436 1304 2496 immorari.
1409 2436 1540 2496 Hoc
1595 2440 1830 2497 tantum
1892 2436 2111 2496 diserte
2177 2439 2466 2498 indicasse
2531 2439 2689 2514 licet,

353 2520 891 2581 luculentissimum
935 2539 1046 2581 nos
1090 2522 1186 2583 hic
1229 2522 1446 2582 habere
1491 2523 1770 2583 carminis
1815 2523 2087 2582 brevium
2132 2524 2512 2599 stropharum
2556 2542 2693 2584 con-

357 2607 643 2665 tinuitate
688 2607 1055 2665 decurrentis
1100 2608 1454 2683 exemplum.

526 2690 748 2750 Contra
801 2691 960 2749 haud
1015 2693 1136 2752 scio
1193 2712 1268 2752 an
1322 2693 1586 2752 omnium
1640 2711 1760 2752 non
1812 2696 1936 2751 tam
1990 2693 2161 2752 facile
2218 2694 2535 2753 adsensum
2580 2695 2693 2754 sim

353 2777 725 2850 inventurus,
771 2777 931 2851 quod
961 2780 1276 2853 utramque
1308 2778 1612 2836 Minervae
1657 2778 1986 2837 orationem
2029 2779 2092 2836 in
2139 2781 2336 2838 tantas
2384 2780 2692 2856 angustias

355 2861 625 2920 contraxi
681 2862 927 2920 seclusis
982 2879 1021 2934 η
1064 2863 1315 2921 32-36
1372 2867 1433 2921 et
1489 2862 1762 2921 53—55.
1824 2864 2073 2922 66—74
2130 2863 2394 2939 adeoque
2452 2883 2696 2940 prorsus

355 2945 610 3005 sublatis
654 2965 691 3018 η
723 2947 824 3005 52.
873 2947 1122 3005 56-65
1171 2951 1231 3005 et
1278 2949 1544 3021 75—-77,
1609 2965 1727 3021 qua
1782 2947 2024 3005 audacia
2067 2966 2207 3007 sane
2253 2948 2695 3022 quodammodo

354 3050 390 3087 a
433 3049 528 3088 me
573 3031 703 3106 ipso
749 3030 1067 3090 descivisse
1111 3031 1379 3106 videbor,
1426 3031 1529 3106 qui
1572 3049 1766 3105 nuper
1807 3064 1891 3073 —
1934 3033 1998 3090 in
2042 3031 2473 3108 Augustani
2528 3054 2695 3094 con·

354 3119 636 3175 ventus
682 3116 904 3188 actis,
954 3134 1104 3190 quae
1147 3117 1257 3175 hoc
1301 3117 1433 3191 ipso
1465 3134 1622 3175 anno
1656 3115 1953 3175 Teubneri
1997 3116 2280 3191 impensis
2321 3118 2695 3192 prodierunt,

353 3220 414 3274 p.
443 3202 524 3257 45
548 3200 611 3257 in
640 3196 854 3277 nota*)
880 3229 962 3239 —
981 3200 1269 3259 traditum
1302 3220 1504 3260 earum
1534 3200 1870 3260 orationum
1902 3200 2191 3259 ambitum
2222 3220 2342 3260 non
2364 3202 2695 3264 inciderim.

355 3282 582 3341 Verum
611 3284 769 3342 enim
814 3303 954 3343 vero
1000 3286 1114 3343 iam
1148 3285 1373 3344 dudum
1403 3304 1534 3343 eam
1568 3285 1691 3343 fovi
1722 3285 2138 3360 suspicionem,
2185 3305 2361 3360 quam
2396 3290 2595 3345 tamen
2627 3305 2695 3344 eo

351 3369 485 3426 loco
511 3386 636 3426 rem
668 3368 844 3426 aliam
877 3387 1060 3445 agens
1091 3372 1418 3445 praeterire
1446 3388 1629 3445 quam
1658 3369 1816 3428 iusto
1841 3369 2030 3429 levius
2054 3373 2309 3428 tractare
2332 3371 2533 3429 malui.
2579 3370 2695 3430 Hic

353 3452 544 3527 igitur
585 3453 764 3526 paulo
808 3455 1144 3513 accuratius
1189 3473 1258 3512 ea
1303 3454 1559 3530 suspicio
1591 3453 1881 3512 firmanda
1910 3455 2025 3513 erit
2054 3455 2228 3512 etiam
2262 3458 2399 3530 post
2428 3475 2513 3530 ea,
2546 3475 2696 3530 quae

353 3538 420 3594 in
466 3537 765 3596 dissertat.
812 3537 842 3595 Ι
871 3558 931 3613 p.
967 3540 1047 3598 29
1095 3533 1309 3618 [supra
1351 3560 1411 3615 p.
1449 3534 1599 3615 174]
1651 3539 1854 3597 monui
1896 3539 2070 3597 huius
2116 3539 2286 3598 initio
2334 3539 2522 3599 libelli
2568 3540 2696 3598 bre-

354 3620 513 3679 viter
542 3621 820 3682 indicata.
866 3622 960 3681 Ibi
991 3623 1179 3700 igitur
1212 3624 1326 3682 iam
1359 3623 1764 3682 demonstravi
1795 3622 2143 3699 longiorem,
2180 3643 2328 3699 quae
2357 3644 2414 3682 v.
2440 3625 2690 3684 56—65

360 3706 720 3780 continetur,
766 3707 1181 3783 genealogiam
1226 3708 1392 3768 nullo
1434 3713 1610 3784 pacto
1657 3725 1789 3765 cum
1836 3707 2106 3767 breviore
2151 3728 2206 3766 v.
2254 3708 2335 3766 54
2367 3727 2458 3784 sq.
2503 3709 2696 3767 relata

357 3808 704 3866 congruere,
753 3810 937 3867 quare
979 3792 1146 3850 illam
1193 3811 1437 3867 prorsus
1483 3791 1695 3851 tollere
1740 3811 1862 3851 non
1907 3791 2195 3851 dubitavi.
2286 3792 2405 3851 Sed
2449 3794 2692 3853 omnino

355 3875 580 3933 Aretae
637 3876 1003 3935 mentionem
1060 3878 1135 3936 ab
1191 3877 1296 3936 illo
1353 3876 1691 3952 antiquiore
1749 3877 2007 3935 carmine
2063 3877 2323 3936 abfuisse
2379 3881 2441 3935 et
2496 3879 2570 3937 ab
2626 3897 2696 3937 eo

359 3958 632 4035 demum,
690 3961 790 4035 qui
837 3960 984 4019 illud
1042 3980 1175 4021 cum
1229 3965 1436 4022 nostro
1482 3960 1673 4020 Nosto
1728 3961 2185 4036 contaminavit,
2242 3961 2515 4020 adfictam
2570 3981 2698 4021 esse

358 4045 502 4102 satis
545 4044 945 4120 probabiliter
988 4046 1385 4105 demonstrari
1428 4048 1649 4122 potest.
1729 4045 1921 4105 Hodie
1954 4047 2193 4121 quidem
2224 4045 2427 4106 Ulixes
2473 4047 2697 4123 duplici

359 4131 422 4188 et
444 4128 769 4190 Nausicaae
799 4132 862 4188 et
890 4130 1187 4190 Minervae
1218 4132 1450 4191 monito
1481 4131 1903 4205 obtemperans
1928 4131 2084 4189 infra
2104 4150 2161 4190 v.
2184 4132 2301 4190 146
2317 4150 2403 4206 sq.
2453 4133 2699 4191 Aretam

356 4231 476 4272 non
511 4215 834 4274 Alcinoum
871 4215 1065 4290 primo
1102 4216 1233 4275 loco
1270 4217 1518 4315 supplex
1557 4215 1911 4290 alloquitur,
1949 4233 2130 4288 quam
2166 4215 2585 4275 allocutionem
2626 4216 2698 4274 ad

356 4302 630 4358 nostrum
678 4299 933 4358 Nostum
977 4301 1277 4376 pertinere
1320 4302 1492 4377 eique
1537 4300 1743 4359 statim
1792 4302 2136 4374 sequentem
2186 4302 2402 4359 Aretae
2446 4301 2700 4360 interro·

353 4384 660 4460 gationem
690 4383 1102 4458 respondere‘
1086 4404 1148 4443 m
1179 4386 1415 4445 dissert.
1448 4385 1479 4444 I
1507 4406 1565 4461 p.
1601 4385 1677 4441 21
1716 4380 1921 4461 [supra
1950 4401 2012 4457 p.
2049 4379 2192 4462 168]
2227 4385 2506 4448 vidimus.
2577 4385 2696 4444 Sed

351 4487 502 4543 quae
531 4469 656 4527 iam
684 4469 749 4526 in
777 4468 905 4544 hoc,
937 4470 1095 4544 quod
1125 4489 1284 4529 nunc
1314 4474 1656 4544 tractamus,
1687 4470 1946 4529 carmine
1977 4472 2305 4543 sequuntur
2326 4490 2384 4528 v.
2411 4473 2529 4529 153
2544 4489 2696 4546 sqq,

2737 2792 2799 2841 14
