3132 5129
1448 405 1902 468 ..458-

501 565 802 624 henditur.
894 564 1065 624 Licet
1107 563 1219 623 hoc
1262 563 1518 639 amplius
1561 564 1839 640 persequi
1881 564 1945 623 in
1990 562 2222 622 duobus
2278 560 2671 638 singularium
2715 580 2843 621 cor·

501 650 866 726 ruptelarum
911 648 1259 726 generibus,
1306 650 1368 707 in
1413 648 1711 709 lacunis
1754 651 1818 707 et
1861 646 2626 723 transpositionibus.

672 735 729 793 A
783 734 1078 794 lacunis
1133 733 1372 792 initium
1429 732 1600 794 facio,
1689 733 1914 792 Earum
1972 732 2190 809 duplex
2247 750 2423 791 causa
2478 734 2597 807 est,
2653 732 2847 790 altera

504 822 568 880 in
612 820 831 879 codicis
885 820 1178 879 exteriore
1231 818 1466 893 habitu,
1524 818 1710 877 altera
1765 819 1828 877 in
1883 817 2177 879 scribendi
2220 817 2451 876 ratione
2494 814 2844 892 librariique

503 924 701 964 errore
745 905 959 979 posita.
1053 902 1306 978 Charta,
1354 921 1473 978 qua
1517 903 1700 961 codex
1747 905 2008 978 constat,
2057 920 2253 961 crassa
2295 900 2537 977 quidem
2582 903 2690 977 est,
2738 900 2845 961 sed

504 989 700 1049 mollis
756 989 987 1064 fragilis
1042 987 1288 1063 fibrosa,
1345 988 1469 1063 ipse
1526 987 1682 1047 liber
1734 991 1795 1047 et
1835 988 2025 1046 multo
2069 1006 2183 1046 usu
2227 987 2480 1045 detritus
2524 988 2585 1045 et
2626 985 2844 1045 biblio-

502 1093 689 1151 pegae
734 1094 913 1133 manu
957 1091 1078 1132 non
1123 1073 1300 1132 nimis
1347 1074 1519 1132 cauta
1562 1072 1898 1150 colligatus
1967 1072 2124 1131 Hinc
2170 1071 2425 1145 factum,
2473 1073 2541 1129 ut
2581 1089 2702 1130 non
2747 1089 2846 1130 soz

503 1160 628 1217 lum
676 1159 942 1236 singulae
986 1158 1223 1216 litterae
1268 1157 1650 1233 syllabaeque
1696 1157 1904 1217 finales
1946 1156 2299 1217 evanuerint
2325 1155 2576 1215 fortuito
2606 1173 2844 1231 excerp·

501 1247 597 1303 tae
653 1247 832 1320 atque
889 1243 1215 1303 recentiore
1265 1242 1565 1301 interdum
1624 1242 1903 1302 schedula
1959 1241 2230 1301 obtectae
2290 1238 2386 1316 (ut
2429 1236 2600 1298 ἐοῦσ-
2648 1259 2704 1300 v.
2737 1242 2841 1317 31,

502 1326 620 1400 -ξίν
665 1329 774 1405 34,
839 1325 962 1399 ἴδες
1009 1322 1162 1405 (sive
1217 1328 1452 1422 potius,
1512 1330 1583 1386 ut
1635 1346 1706 1386 ex
1757 1316 2029 1386 relicto
2075 1326 2274 1386 videre
2320 1326 2492 1400 licet,
2554 1315 2733 1404 εἶδες)
2777 1329 2847 1384 et

500 1375 1674 1573 izzz’ss's?⁶p‘1sizw3'it2320”{t2?3rssss
1707 1407 2118 1557 {1222‘3‘2233
2135 1371 2844 1574 ’refissiussnssmffssstiiss

504 1587 642 1659 198,
691 1586 878 1641 -οἶσιν
922 1584 1063 1657 200,
1112 1601 1283 1657 -ργου
1330 1583 1472 1657 210,
1518 1599 1699 1658 -χνον
1742 1583 1886 1655 212,
1931 1577 2151 1657 -μάξης
2184 1581 2325 1656 214,
2372 1577 2520 1657 -δωρ
2552 1581 2692 1656 313,
2740 1599 2844 1654 -ης

504 1666 676 1746 328),
738 1668 841 1726 sed
901 1666 1046 1725 adeo
1100 1667 1214 1726 toti
1260 1685 1464 1726 versus
1508 1669 1613 1726 aut
1655 1666 1717 1725 in
1762 1685 1991 1725 summo
2035 1668 2140 1725 aut
2183 1666 2246 1724 in
2287 1665 2409 1724 imo
2455 1664 2702 1723 duarum
2748 1684 2845 1724 co-

505 1753 842 1810 lumnaium
888 1752 1160 1827 margine
1204 1752 1368 1810 iuxta
1414 1751 1598 1827 positi
1642 1750 1738 1810 hic
1779 1752 1903 1810 illic
1948 1772 1983 1810 a
2024 1751 2365 1848 bibliopega
2410 1749 2651 1808 cultello
2698 1749 2848 1809 folia

508 1839 871 1912 exaequante
932 1835 1226 1896 devastati
1283 1836 1422 1898 sint.
1510 1835 1606 1894 Ita
1650 1855 1718 1895 ea
1760 1835 1922 1896 labes
1966 1837 2227 1933 primum
2273 1853 2482 1895 versus
2528 1835 2605 1893 91
2653 1838 2716 1893 et
2761 1835 2844 1893 92

506 1922 568 1980 in
614 1922 732 1979 imo
777 1920 878 1983 fol.
911 1916 1025 1980 85¹³
1069 1921 1336 1998 margine
1394 1921 1560 1979 iuxta
1616 1920 1843 1996 positos
1897 1919 2150 1996 invasit,
2209 1922 2277 1979 ut
2332 1939 2401 1978 ex
2446 1918 2550 1977 illo
2593 1919 2682 1978 nil
2724 1919 2844 1978 nisi

501 1995 597 2076 -ὸς
630 2001 699 2082 -ὴ
732 2005 863 2081 (pro
896 1997 995 2086 ᾗ),
1032 2025 1103 2065 ex
1148 2007 1258 2065 hoc
1301 2007 1537 2064 tantum
1586 2003 1703 2084 γὰρ
1747 2003 2070 2082 περίπατον
2103 1999 2276 2082 (sicl)
2306 1997 2636 2079 ἆμωμήτοι·
2665 2023 2847 2101 aegre

499 2091 767 2167 dignosci
820 2093 1027 2166 queat,
1087 2093 1212 2149 tum
1269 2111 1328 2151 v.
1372 2092 1495 2148 215
1552 2092 1615 2149 et
1671 2092 1792 2150 216
1854 2091 1915 2150 in
1971 2108 2200 2150 summo
2258 2088 2360 2151 fol.
2407 2089 2519 2147 87·
2576 2090 2846 2165 margine

501 2177 666 2234 iuxta
710 2177 964 2251 positos,
1011 2194 1266 2251 quorum
1311 2175 1474 2234 illius
1525 2176 1796 2251 superius
1846 2176 2161 2235 dimidium
2205 2192 2338 2232 cum
2383 2172 2614 2232 ultimis
2644 2174 2845 2233 verbis

498 2256 687 2339 ὅρμον
751 2258 1024 2337 ἱκοίμην,
1098 2261 1193 2319 hic
1259 2278 1399 2319 vero
1468 2263 1632 2319 totus
1698 2260 1906 2336 periit,
1976 2262 2276 2336 postremo
2336 2278 2393 2318 v.
2434 2259 2556 2316 271
2613 2261 2675 2317 et
2719 2259 2842 2316 272

500 2346 601 2406 fol.
635 2341 780 2421 87b,
840 2364 1097 2425 quorum
1155 2346 1258 2404 ille
1315 2346 1510 2421 totus,
1560 2344 1741 2404 huius
1798 2346 2066 2423 superior
2121 2362 2260 2420 pars
2304 2342 2551 2407 dimidia
2593 2343 2843 2402 eandem

501 2435 723 2493 sortem
769 2431 928 2490 tulit.

666 2514 890 2575 Verum
945 2515 1128 2576 etiam
1187 2515 1465 2576 librarius
1511 2514 1666 2573 haud
1711 2534 1845 2575 raro
1890 2515 2213 2576 oscitanter
2255 2532 2376 2574 non
2420 2512 2614 2573 solum
2658 2513 2844 2574 verba

496 2602 830 2677 mutilavit,
876 2604 946 2659 ut
975 2622 1030 2663 v.
1061 2603 1177 2660 101
1211 2592 1483 2676 ὀπεύων,
1535 2602 1652 2659 155
1683 2596 1984 2678 χωομένης
2023 2594 2382 2674 Ἀφροδίτης
2411 2599 2629 2659 omisso
2661 2600 2843 2657 etiam

496 2681 582 2762 δ’,
632 2688 749 2746 167
780 2681 1020 2763 θέρετο,
1070 2687 1187 2745 179
1219 2682 1514 2761 δύναμαι,
1548 2685 1669 2743 258
1697 2681 1977 2762 ἔσκεπὲν,
2023 2687 2086 2744 et
2112 2684 2385 2783 singulas
2416 2702 2590 2744 voces
2622 2684 2841 2759 omisit,

496 2775 562 2830 ut
605 2765 939 2845 πεφυκέναι
985 2790 1040 2828 v.
1076 2770 1175 2841 64,
1220 2766 1287 2829 δὲ
1336 2772 1473 2844 170,
1520 2765 1730 2827 πόθου
1779 2772 1917 2846 196,
1965 2766 2030 2828 τὸ
2077 2770 2220 2845 243,
2266 2757 2311 2826 ἁ
2356 2770 2510 2844 268,
2559 2763 2655 2826 ἐπὶ
2702 2771 2844 2827 ante

495 2846 718 2932 χρόνον
763 2857 915 2929 290,
972 2853 1035 2911 οἱ
1073 2856 1295 2930 scripto
1339 2846 1474 2912 ἀλλ’
1524 2851 1695 2925 οὔτις
1741 2856 1899 2930 322,
1958 2850 2026 2912 δὲ
2070 2855 2224 2929 335,
2286 2854 2388 2914 sed
2446 2852 2626 2912 etiam
2679 2856 2843 2913 totos

498 2959 705 2999 versus
772 2938 1204 3014 praetermisit:
1273 2940 1360 2998 ita
1426 2942 1741 3014 postquam
1805 2941 2061 3015 primum
2117 2959 2153 2998 a
2204 2960 2263 2999 v.
2312 2940 2431 2997 112
2493 2970 2570 3006 ÷
2629 2932 2846 3015 ἐγγύθι

502 3020 725 3103 κούρης
757 3041 941 3100 usque
985 3024 1061 3083 ad
1091 3044 1148 3083 v.
1191 3026 1309 3084 118
1344 3020 1688 3098 θαρσαλέως
1733 3027 1842 3083 etc.
1894 3023 2151 3100 fugitivo
2197 3023 2366 3083 oculo
2422 3023 2842 3099 transiluisset,

498 3108 907 3169 animadverso
951 3110 1121 3185 lapsu
1169 3129 1221 3168 v.
1260 3110 1377 3167 115
1409 3111 1472 3167 et
1508 3111 1624 3167 116
1671 3109 1912 3184 quidem
1970 3110 2131 3168 inter
2173 3108 2336 3184 ipsos
2366 3126 2575 3168 versus
2610 3110 2726 3166 111
2753 3127 2841 3183 sq.

500 3201 561 3255 et
595 3196 714 3252 118
739 3213 829 3269 sq.
875 3198 1050 3269 atque
1097 3213 1152 3252 v.
1193 3195 1310 3251 117
1356 3193 1430 3253 ad
1475 3195 1835 3254 exteriorem
1879 3194 2206 3271 marginem
2249 3192 2581 3253 minoribus
2626 3192 2845 3252 litteris

498 3281 733 3351 allevit,
780 3279 880 3338 sed
914 3299 969 3338 v.
1009 3279 1126 3336 113
1159 3281 1221 3337 et
1257 3279 1374 3336 114
1420 3298 1662 3354 prorsus
1717 3279 1950 3354 omisit,
1998 3278 2122 3338 sive
2167 3278 2424 3354 repetita
2466 3278 2846 3354 neglegentia

500 3367 624 3425 sive
669 3365 971 3439 consulte,
1018 3363 1166 3438 quia,
1200 3365 1464 3438 spatium
1519 3364 1722 3423 deesse
1756 3363 2087 3423 videbatur.
2156 3362 2350 3423 Causa
2393 3364 2595 3438 lapsus
2640 3365 2848 3438 aperta

500 3441 622 3510 est:
678 3448 833 3507 idem
886 3445 1108 3527 κούρης
1154 3448 1507 3508 vocabulum
1574 3451 1635 3508 et
1679 3469 1736 3507 v.
1774 3450 1894 3506 112
1925 3451 1990 3508 et
2017 3469 2075 3511 v.
2114 3449 2232 3506 117
2277 3447 2342 3506 in
2384 3447 2650 3507 clausula
2691 3449 2847 3523 posi·

501 3537 650 3593 tum.
719 3533 1014 3593 Versuum
1052 3535 1249 3592 autem
1298 3534 1597 3609 traiectio,
1644 3532 1716 3592 de
1759 3552 1878 3608 qua
1926 3534 2132 3594 statim
2183 3532 2538 3607 videbimus,
2585 3532 2846 3592 effecisse

501 3619 769 3694 videtur,
826 3624 897 3678 ut
952 3636 1194 3693 prorsus
1248 3620 1551 3678 omitteret
1605 3639 1664 3678 v.
1710 3619 1852 3677 324.
1968 3618 2165 3677 Semel
2220 3637 2291 3676 ex
2347 3617 2595 3676 dimidia
2646 3617 2843 3693 priore

499 3705 675 3762 unius
719 3723 926 3764 versus
970 3705 1142 3779 parte
1188 3703 1251 3762 in
1293 3703 1688 3778 posteriorem
1731 3703 1990 3763 alterius
2036 3702 2278 3763 devenit
2320 3723 2375 3765 v.
2411 3703 2530 3762 138
2552 3721 2675 3778 sq.,
2736 3722 2845 3777 pro

509 3789 724 3864 quibus
770 3808 957 3848 unum
1003 3791 1239 3847 tantum
1284 3787 1442 3847 hunc
1486 3788 1797 3847 conflavit:

749 3897 945 3982 ὅλβιός
988 3897 1053 3976 ὅς
1096 3900 1150 3963 σ’
1202 3897 1491 3979 ἐφύτευσε
1534 3901 1916 3983 μακαριότη.
1960 3894 2105 3964 ἆλλοὶ
2150 3897 2383 3964 λιτάων.

669 4043 1005 4118 Conspicua
1047 4046 1141 4102 est
1183 4061 1252 4102 ea
1294 4042 1676 4118 neglegentia
1718 4042 1947 4102 etiam
1932 4062 1995 4101 m
2038 4061 2122 4102 ve
2147 4060 2397 4101 rsuum
2441 4041 2845 4100 traiectio·

498 4129 567 4188 ni
596 4128 761 4203 bus,
810 4148 955 4204 quas
1000 4128 1092 4187 bis
1136 4128 1380 4187 admisit
1423 4126 1846 4224 ineptissimas,
1893 4126 2149 4202 primum
2194 4146 2256 4186 v.
2282 4128 2445 4185 39-
2370 4127 2552 4202 -41,
2601 4127 2704 4201 qui
2735 4127 2845 4186 hoc

508 4212 713 4275 ordine
758 4213 1069 4290 leguntur:
1117 4213 1195 4270 41
1243 4200 1694 4280 0512’0136’639
1728 4244 1833 4288 -,
1880 4213 1959 4270 39
2003 4208 2256 4269 πολλάκι
2286 4244 2365 4252 -
2397 4212 2481 4270 40
2523 4207 2698 4287 μητρὶ
2728 4243 2810 4252 --

506 4297 721 4355 deinde
764 4319 823 4358 v.
858 4299 1222 4373 318—329,
1286 4296 1394 4396 qui
1439 4285 1685 4371 omisso,
1745 4298 1835 4356 uti
1879 4298 1996 4356 iam
2043 4297 2194 4373 dixi,
2251 4317 2309 4355 v.
2342 4296 2467 4356 324
2510 4295 2622 4355 boc
2664 4296 2844 4355 modo

414 4389 475 4438 17
513 4380 742 4440 disiecti
788 4386 956 4441 sunt:
1007 4383 1206 4440 321—
1219 4383 1340 4441 323
1367 4372 1962 4478 Ἀτθίδος-ὁρμῇ,
2008 4382 2212 4440 325-
2220 4383 2341 4440 327
2390 4375 2487 4438 καὶ
2517 4413 2597 4422 —
2626 4375 2843 4457 ἅλμης,

505 4466 844 4526 318--320
885 4461 1224 4543 αἰνοπαθής
1268 4463 1332 4525 δε
1375 4462 1553 4545 (sici)
1600 4499 1679 4510 —
1727 4459 2068 4542 θαλάσσης,
2115 4467 2237 4527 328
2269 4483 2353 4541 sq.
