3132 5129
1427 369 1886 434 ..508-

490 532 813 591 daraber
871 529 1304 590 Gewissheit
1359 547 1445 590 zu
1513 531 1898 604 erlanyen,
1960 529 2030 588 ob
2097 530 2203 588 wir
2258 529 2367 587 das
2419 529 2624 587 ehemc
2693 526 2831 586 Ver-

489 619 701 677 schloss
744 618 976 676 werden
1017 617 1213 688 &ffnen
1254 616 1381 675 wnd
1423 616 1515 675 die
1557 613 1826 675 Schwcllc
1871 613 2119 674 betreten
2145 614 2461 672 konnen?“
2536 611 2655 671 Sed
2698 631 2835 687 per·

492 702 645 761 bene
690 702 847 760 idem
903 704 967 760 et
1020 701 1298 759 ultimum
1353 699 1690 759 membrum
1742 686 1891 758 ἀλλὰ
1944 730 2025 741 ——
2082 691 2595 774 ἐναυστολήσαμεν
2649 697 2834 756 inter-

499 787 765 864 rogando
810 785 1172 846 efferendum
1215 786 1288 844 ab
1321 783 1532 853 Oreste
1576 802 1699 843 non
1744 785 1949 862 fugam
1994 782 2281 843 suadente
2313 783 2419 842 sed
2463 781 2832 841 deliberante

498 870 796 930 intellexit
849 874 912 930 et
967 869 1041 928 ad
1098 873 1291 929 totum
1346 870 1542 929 Ιοοιιιιι
1597 871 1757 929 recte
1811 868 2163 945 capiendum
2219 867 2467 927 adduxit
2521 866 2833 943 Sophoclis

499 956 597 1015 Αἰ.
643 957 770 1016 460
799 975 931 1032 sqq.
975 952 1247 1031 πότερα
1289 943 1439 1029 πρὸς
1490 951 1697 1024 οἴκους
1743 986 1821 996 -
1868 950 2119 1031 πέλαγος
2163 950 2421 1030 Αἰγαῖον
2461 959 2648 1028 nequo:
2686 951 2696 1026 Ι
2733 947 2833 1009 καὶ

498 1044 675 1099 ποῖον
727 1037 885 1118 ὄμμα
937 1034 1118 1116 πατρὶ
1173 1032 1423 1116 δηλωσω
1489 1059 1604 1105 -;
1667 1038 1816 1109 πῶς
1889 1059 1960 1115 με
2026 1033 2300 1114 τλήσεταί
2351 1030 2485 1094 ποτ’
2556 1032 2829 1130 elotdst'vf

500 1116 732 1224 γυμνὸν
785 1120 1054 1201 φανέντα
1111 1157 1185 1167 -
1210 1118 1425 1205 Ἰούκ
1480 1118 1604 1181 ἔστι
1669 1120 1922 1219 τοῦργον
1982 1119 2211 1201 τλητόν.
2284 1117 2366 1180 αλ
2386 1112 2463 1179 λα
2507 1116 2642 1195 δῆτ’
2691 1110 2832 1198 ι’ὦνΙ

497 1200 645 1289 πρὸς
687 1206 871 1289 ἔρυμα
921 1203 1146 1286 Τρώων
1186 1241 1272 1253 —
1313 1206 1588 1268 λοίσθιον
1629 1200 1824 1267 θάνω.

666 1296 799 1371 Ipse
842 1298 1046 1355 tam‘en
1091 1294 1427 1354 Badhamus
1471 1313 1599 1354 rem
1651 1297 1887 1353 tantum
1944 1312 2067 1352 non
2125 1293 2257 1368 ipsa
2300 1292 2482 1352 verba
2526 1295 2832 1351 assecutus

499 1382 618 1456 est,
664 1382 728 1439 in
774 1380 995 1456 quibus
1038 1398 1148 1439 nec
1194 1380 1388 1439 forma
1431 1380 1625 1455 epica,
1670 1398 1779 1455 pro
1824 1398 1941 1454 qua
1970 1369 2112 1436 ὀδόν
2141 1379 2474 1454 exspectes,
2519 1395 2629 1436 nec
2673 1378 2833 1436 locu-

498 1466 584 1524 tio
629 1467 811 1525 etiam
864 1465 940 1523 ab
997 1464 1329 1524 Homericis
1382 1464 1502 1522 illis
1559 1458 1794 1540 ὑπέρβη
1848 1494 1930 1507 —-—
1976 1453 2198 1534 οὐδόν,
2253 1456 2407 1540 ὑπὲρ
2460 1423 2647 1520 οὐδὸν
2702 1457 2833 1537 ἐβή-

498 1565 664 1625 σετο,
710 1539 805 1608 ἐπ’
853 1542 1044 1607 οὐδὸν
1087 1540 1202 1608 ἰων
1245 1550 1389 1609 satis
1433 1548 1667 1608 diversa
1709 1548 2074 1625 tragicorum
2121 1548 2254 1608 usui
2299 1546 2635 1622 respondet.
2712 1546 2835 1606 Suo

499 1636 624 1693 iure
670 1635 857 1712 igitur
899 1633 1234 1709 Nauckius,
1281 1634 1384 1709 qui
1430 1634 1491 1692 in
1523 1632 2014 1693 antecedentibus
2044 1634 2226 1692 etiam
2256 1634 2415 1691 recte
2459 1628 2838 1707 λάθοιμεν

499 1719 786 1794 praetulit
831 1718 934 1777 sed
980 1721 1110 1777 tum
1154 1719 1401 1795 vulgato
1458 1739 1498 1794 η
1544 1711 1940 1794 χαλκότευκτα
1983 1720 2095 1777 etc.
2141 1719 2457 1777 contentus
2501 1716 2635 1791 fuit,
2682 1716 2836 1775 Bad-

495 1804 772 1861 hamiano
836 1804 1082 1863 invento
1137 1803 1301 1862 aliud
1367 1803 1635 1862 eiusdem
1700 1803 2033 1862 sententiae
2100 1802 2417 1862 substituit
2472 1799 2837 1876 θύραθεν

496 1884 724 1962 ἔσιμεν,
769 1888 927 1963 quod
972 1888 1453 1947 commendatum
1497 1907 1568 1947 ex
1599 1892 1769 1983 parte
1798 1888 2073 1946 Electrae
2117 1886 2317 1947 verbis
2362 1886 2424 1946 in
2468 1888 2821 1963 cognomine

497 1973 698 2032 fabula
744 1992 798 2032 v.
834 1973 911 2031 75
938 1991 1027 2048 sq.
1073 1968 1401 2030 εἰσιόντι
1445 1961 1502 2031 δ’
1553 1962 1766 2053 ἐργάτῃ
1803 1974 1813 2044 Ι
1853 1969 2204 2050 θύραθεν
2245 1965 2366 2047 ἡδύ
2417 1966 2637 2030 τόῖνδον
2680 1964 2840 2050 εὑρί-

493 2071 660 2116 σκειν
703 2057 895 2127 καλως
939 2058 993 2117 si
1035 2059 1386 2134 recipimus,
1434 2060 1629 2118 totum
1671 2058 1868 2117 locum
1913 2058 1996 2116 sic
2042 2056 2418 2118 scribendum
2463 2075 2622 2117 esse:

986 2209 1068 2219 —
1112 2174 1237 2247 πῶς
1282 2169 1399 2254 αρ’
1447 2166 1561 2235 οὖν
1607 2173 1979 2251 λάθοιμεν
2021 2169 2124 2251 dlv,

899 2259 963 2321 εἰ
1014 2250 1433 2338 χαλκότευκτα
1454 2264 1692 2343 κλῇθρα
1740 2255 2021 2331 λύσαντες
2064 2260 2302 2337 μοχλοῖς

902 2344 1257 2425 θύραθεν
1300 2322 1589 2423 ἐ’σιμεν;

496 2485 565 2525 ex
611 2466 996 2542 sequentibus

986 2600 1065 2612 —-
1109 2560 1190 2645 ἢν
1232 2561 1292 2627 δ’
1342 2566 1685 2645 ανοίγοντες
1730 2558 1922 2637 πύλας

899 2654 1232 2730 ληφθῶμεν
1275 2650 1568 2731 εἰσβοὶσεις
1606 2674 1666 2712 τε
1709 2645 2157 2728 μηχανώμενοι,

899 2732 1267 2815 θανούμεθ’.

495 2857 583 2914 ita
637 2874 918 2932 apparere
975 2857 1238 2931 videtur,
1309 2859 1377 2914 ut
1446 2856 1519 2915 de
1584 2856 2006 2915 sententiae
2062 2854 2317 2930 quidem
2356 2858 2716 2930 argumento
2778 2859 2842 2914 et

494 2960 648 2999 nexu
703 2940 962 3000 dubitari
1018 2960 1139 3001 non
1194 2943 1401 3037 possit.
1490 2940 1657 2999 Idem
1712 2957 1892 2999 vero·
1907 2959 2043 2999 oum
2102 2939 2284 2998 etiam
2341 2939 2521 2998 aliter
2579 2941 2837 3015 exprimi

494 3025 715 3101 possit,
764 3028 831 3083 ut
874 3020 1166 3084 ἔσωθεν
1209 3026 1335 3084 sive
1391 3021 1495 3095 εἰς
1550 3014 1799 3081 τᾶδικ’
1850 3020 2052 3101 ἔσιμεν
2109 3023 2360 3099 scripto,
2420 3024 2555 3098 ipsa
2608 3025 2842 3085 verba

497 3110 836 3169 coniectura.
880 3111 1046 3169 extra
1090 3110 1526 3170 dubitationem
1554 3110 1751 3216 posita
1803 3110 2039 3169 restitui
2092 3110 2419 3185 nequeunt.
2494 3110 2578 3168 Et
2619 3109 2831 3185 quidni

495 3195 811 3270 Euripides
857 3195 1190 3270 scripserit.

985 3345 1064 3355 —
1110 3311 1238 3382 πῶς
1280 3303 1397 3390 αρ’
1449 3302 1559 3371 οὖν
1604 3305 1895 3390 λάθοιμεν
1936 3333 2046 3388 αν,

915 3392 994 3455 ”v
1014 3393 1433 3496 χαλκότευκτα
1475 3391 1713 3478 κλῇθρα
1758 3393 2041 3469 λύσαντες
2085 3400 2320 3474 μοχλοῖς

902 3471 1029 3541 ουδ’
1079 3480 1460 3560 εἰσίωμενς

498 3601 626 3678 Ego
671 3621 809 3661 vero
855 3602 966 3660 hoc
1008 3602 1205 3677 ipsum
1246 3605 1492 3679 propter
1545 3604 1864 3678 repetitam
1910 3604 2193 3678 sequente
2238 3602 2508 3662 membro
2554 3602 2835 3662 coniunc-

497 3687 722 3746 tionem
767 3686 1180 3761 praetulerim:

403 3781 465 3827 13
667 3770 742 3829 V.
794 3773 915 3830 113
948 3789 1032 3847 sq.

899 3867 1012 3944 ὅρα
1057 3867 1120 3929 δέ
1161 3863 1220 3951 γ’
1271 3870 1414 3931 εἴσω
1459 3865 1800 3952 τριγλύφων
1844 3868 1980 3931 ὅποι
2023 3859 2202 3932 κενὸν

825 4026 832 4034 θ
904 3953 1083 4034 δέμας
1127 3960 1429 4018 καθεῖναι.

494 4094 695 4153 Etiam
740 4094 814 4152 de
859 4093 951 4153 his
995 4095 1267 4155 versibus
1321 4094 1577 4153 multum
1624 4094 1995 4170 disputatum
2053 4095 2163 4153 est.
2241 4093 2329 4152 Ac
2385 4095 2640 4169 primum
2702 4094 2837 4168 qui-

496 4178 630 4237 dem
674 4178 824 4237 illud
869 4175 1014 4236 εἴσω
1054 4179 1230 4238 modo
1277 4199 1409 4240 eum
1455 4174 1564 4254 ὅρα
1606 4180 1955 4255 iunxerunt,
2001 4180 2062 4238 id
2108 4183 2177 4237 ut
2220 4177 2835 4254 introspiciendi

495 4262 743 4322 haberet
807 4263 1144 4339 notionem,
1215 4265 1374 4340 quod
1440 4264 1708 4324 omnium
1775 4265 2218 4339 ineptissimum
2276 4266 2397 4339 est,
2465 4263 2641 4323 modo
2698 4281 2835 4322 cum

496 4344 871 4426 τριγλύφων,
940 4352 1006 4409 ut
1061 4349 1220 4409 idem
1287 4352 1445 4409 esset
1505 4353 1686 4424 atque
1741 4343 1992 4426 μεταξύ,
2056 4349 2215 4425 quod
2280 4349 2406 4408 iure
2472 4348 2837 4424 improbavit

494 4432 745 4495 Kvioela
788 4455 845 4511 p.
881 4436 1022 4511 221,
1068 4433 1244 4495 modo
1276 4453 1410 4495 cum
1453 4430 1639 4510 δέμας
1682 4437 1997 4512 καθεῖναι,
2042 4434 2203 4512 quod
2247 4435 2419 4496 unice
2473 4452 2680 4495 verum
2709 4435 2833 4509 pri-
