3132 5129
1400 397 1860 460 -196-

470 555 646 614 alieni
693 559 855 614 sunt.
931 555 1140 629 Itaque
1197 554 1296 613 vix
1350 554 1508 611 iusto
1566 554 1847 612 audacior
1902 553 2084 612 fuisse
2139 554 2285 612 mihi
2342 553 2575 629 videor,
2633 553 2798 630 quod

468 640 736 699 versibus
782 640 904 698 illis
959 640 1212 713 receptis
1258 643 1320 697 et
1362 639 1425 696 in
1469 638 1684 698 ultimo
1739 656 1944 697 eorum
1988 656 2057 696 ex
2104 640 2222 697 371
2281 632 2665 698 ἀντιθέων
2718 628 2791 695 θ’

467 720 753 802 ἑτάρων
794 743 901 800 pro
947 721 1188 781 πάντων
1233 717 1284 780 τ’
1330 714 1613 800 Ἀργείων
1642 722 1930 782 substitui
1973 725 2036 780 et
2079 726 2209 781 tum
2254 744 2289 779 ν
2332 725 2369 780 4
2416 724 2791 783 restaurandi

465 810 689 869 tenoris
733 810 927 885 gratia
970 799 1120 866 ἀλλ’
1171 803 1299 866 ἐπεὶ
1341 798 1426 865 οὗ
1439 828 1474 864 ν
1518 813 1662 865 νῦν
1705 804 1837 865 ἵκευ
1883 807 2079 870 intuli.

633 894 857 967 Restat,
903 896 974 951 ut
1017 894 1089 951 de
1130 892 1404 953 versibus
1449 912 1621 969 agam
1677 893 1740 950 in
1784 895 2046 950 extrema
2088 892 2437 967 rhapsodiae
2481 896 2649 969 parte
2693 894 2792 951 de-

464 978 677 1037 lendis
752 978 848 1036 Ad
893 996 991 1037 eos
1036 979 1339 1053 pertinent
1380 981 1442 1038 et
1483 998 1546 1037 v.
1597 977 1931 1035 120—124

721 1091 788 1154 ἐκ
831 1090 898 1154 δὲ
941 1089 1190 1174 κτήματ’
1238 1092 1481 1174 ι’ίειραν,
1525 1086 1564 1153 δι’
1609 1092 1672 1152 οἱ
1709 1093 1973 1170 Φαίηκες
2016 1088 2232 1173 ἀγαυοὶ

718 1178 970 1239 ὤπασαν
1015 1175 1217 1239 οἴκαδ’
1267 1178 1421 1238 ι’όντι
1465 1169 1564 1238 διὰ
1607 1177 1964 1257 μεγάθυμον
2001 1174 2314 1256 Ἀθήνην·

715 1263 817 1325 καὶ
861 1256 929 1323 τὰ
973 1264 1085 1342 μὲν
1127 1255 1240 1325 οὖν
1283 1253 1444 1366 παρὰ
1485 1260 1751 1341 πυθμέν’
1802 1261 2001 1341 ἐλαίης
2042 1260 2244 1340 ἀθρόα
2286 1268 2495 1341 θῆκαν

714 1339 876 1420 ἐκτὸς
920 1344 1099 1427 ὁδοῦ,
1154 1343 1235 1427 μή
1278 1370 1396 1409 που
1439 1370 1525 1421 τις
1571 1340 1829 1408 ὁδιτάων
1872 1342 2217 1427 ἀνθρώπων

712 1434 855 1513 πρίν
896 1430 956 1512 γ’
1000 1429 1250 1512 Ὀδυσῆ’
1299 1433 1618 1513 ἔγρεσθαι,
1666 1424 1938 1493 ἐπελθών
1980 1430 2320 1513 δηλήσαιτο,

356 1559 423 1607 21
456 1559 519 1613 et
562 1574 614 1613 v.
667 1555 788 1613 136
1718 1618 1729 1623 -

711 1669 936 1748 χαλκόν
978 1692 1039 1731 τε
1082 1669 1299 1750 χρυσόν
1343 1692 1403 1730 τε
1447 1665 1576 1742 ἅλις
1620 1667 1852 1747 ἐσθῆτά
1895 1665 1963 1732 θ’
2011 1663 2321 1751 ὑφαντήν,

458 1809 609 1866 quos
655 1792 832 1851 simul
876 1811 1011 1851 cum
1055 1812 1090 1847 ν
1139 1792 1386 1850 10-15
1450 1795 1582 1850 tum
1627 1792 1866 1851 demum
1911 1794 2146 1854 additos
2191 1813 2320 1853 esse
2377 1796 2571 1868 patet,
2628 1797 2795 1869 post-

457 1894 636 1951 quam
679 1880 884 1936 nostro
929 1877 1176 1935 carmini
1233 1894 1483 1953 sequens
1528 1876 1710 1952 illud,
1771 1879 1931 1953 quod
1975 1878 2113 1938 inde
2159 1899 2194 1937 a
2238 1900 2275 1936 ν
2325 1880 2439 1937 187
2486 1897 2673 1953 usque
2719 1879 2796 1936 ad

459 1958 488 2031 ξ
533 1961 654 2019 583
713 1963 1083 2037 extenditur,
1143 1960 1439 2020 adnexum
1493 1966 1624 2037 est,
1695 1963 1755 2021 in
1815 1982 1932 2037 quo
1989 1963 2192 2023 Ulixes
2248 1963 2550 2039 plurime,
2612 1983 2795 2038 quam

453 2048 658 2104 nostro
703 2046 766 2104 in
811 2047 1104 2121 carmine,
1150 2047 1497 2106 muneribus
1555 2050 1764 2106 auctus
1797 2066 1832 2101 ν
1866 2049 2007 2108 203.
2056 2050 2177 2106 217
2209 2068 2301 2124 sq.
2351 2049 2491 2105 363.
2543 2047 2666 2105 368
2701 2066 2793 2122 sq.

456 2129 726 2206 fingitur.
801 2130 1052 2190 Illorum
1107 2135 1306 2189 autem
1351 2132 1482 2190 loco
1542 2133 1700 2190 inter
1741 2153 1800 2190 v.
1851 2134 1970 2191 119
2016 2137 2078 2191 et
2125 2133 2244 2190 125
2291 2131 2524 2191 collatis
2569 2134 2618 2187 θ
2666 2133 2792 2189 424

453 2217 515 2274 et
558 2216 688 2274 440
733 2214 1137 2276 huiuscemodi
1184 2216 1329 2276 olim
1378 2234 1584 2275 versus
1630 2217 1858 2291 posissos
1904 2216 2090 2276 fuisse
2133 2220 2314 2293 puto:

703 2330 768 2391 ἐκ
814 2329 874 2392 ‹5’
925 2326 1064 2412 ἆρα
1108 2328 1332 2409 χηλὸν
1372 2328 1584 2410 ἄειραν
1626 2328 2040 2410 ἀριπρεπέ’,
2085 2325 2127 2415 ᾗ
2172 2331 2285 2393 ἔνι
2328 2338 2534 2393 κεῖτο

704 2413 907 2496 δῶρ’,
954 2411 1178 2493 ἐσθὴς
1220 2414 1494 2496 χρυσός
1536 2437 1640 2495 τε,
1686 2414 1761 2476 τά
1806 2415 1870 2475 οἱ
1911 2418 2177 2495 Φαίηκες
2223 2416 2531 2479 ἔδωκαν.

620 2538 932 2598 Postremo
977 2558 1035 2598 v.
1089 2539 1208 2598 185

854 2647 936 2726 ὥς
980 2655 1041 2713 οἳ
1082 2652 1193 2732 μέν
1237 2650 1298 2735 ῤ’
1358 2652 1603 2734 εὔχοντο
1648 2654 2022 2717 Ποσειδάωνι
2062 2652 2281 2718 ἄνακτι

447 2795 568 2835 non
612 2777 889 2853 primitus
943 2777 1130 2836 nostri
1177 2778 1455 2836 carminis
1512 2777 1620 2835 fini
1675 2779 2013 2839 adhaesisse
2073 2779 2178 2838 sed
2234 2779 2309 2838 ad
2367 2779 2793 2839 conectendam

449 2865 798 2937 sequentem
841 2861 1219 2936 rhapsodiam
1248 2865 1459 2936 postea
1486 2862 1868 2923 infieriectum
1913 2883 2039 2923 esse
2085 2865 2435 2940 simpliciter
2477 2865 2785 2923 monuisse

449 2945 690 3005 sufficit.

621 3030 749 3089 Nec
793 3032 1036 3090 omnino
1083 3049 1233 3106 opus
1276 3031 1515 3090 videtur
1560 3033 1850 3107 „verbum
1894 3033 2149 3108 amplius
2193 3031 2420 3091 unum“
2465 3033 2682 3091 addere
2713 3033 2793 3092 ad

446 3114 598 3173 hanc
640 3117 974 3173 nostram
1022 3113 1436 3191 Odysseam
1482 3117 2040 3191 commendandam,
2087 3117 2205 3176 nisi
2249 3117 2398 3176 illud
2443 3118 2637 3193 ipsum
2669 3117 2791 3176 He-

447 3199 635 3274 siodi,
682 3199 844 3274 quod
885 3219 1079 3276 nuper
1122 3200 1355 3259 Iliadi
1399 3220 1671 3276 parvae
1717 3200 2101 3276 praemittere
2148 3220 2271 3261 non
2317 3202 2618 3262 dubitavi:

445 3315 781 3373 NHHIOI
824 3316 1052 3375 ΟΤΔΕ
1097 3319 1422 3377 ΙΣΑΣΙΝ
1456 3319 1680 3376 ΟΣΩΙ
1722 3319 2031 3377 ΠΛΕΟΝ
2062 3320 2370 3378 ΗΜΙΣΤ
2406 3319 2789 3378 ΠΑΝΤΟΣ.
