3132 5129
1311 405 1449 432 ,--
1542 368 1661 430 146
1751 387 1827 414 -“

432 541 542 599 que
601 523 775 582 sociis
831 524 1242 600 Hypsenorem
1301 543 1332 581 e
1388 523 1600 583 bellico
1657 524 1923 582 tumultu
1982 522 2402 599 eripientibuS‚
2448 557 2532 568 —
2577 524 2650 583 de
2707 544 2779 583 eo

431 609 618 684 igitur
674 609 834 668 exitu
892 613 1049 669 recte
1121 609 1240 667 iam
1309 607 1746 668 dubitationem
1811 608 2000 668 movit
2055 608 2354 684 Kayserus
2413 609 2453 671 1.
2509 628 2554 671 c.
2612 629 2670 684 p.
2721 612 2779 667 7.

430 691 521 751 Ne
577 694 798 752 multa:
862 692 1100 754 videtur
1164 692 1260 751 hic
1317 693 1507 751 exitus
1563 712 1637 751 ex
1694 692 2192 768 Epinausimache
2250 693 2515 768 episodio
2572 698 2779 753 nostro

430 777 636 836 allitus
680 796 805 837 esse
846 778 923 837 ab
971 797 1071 853 eo,
1117 779 1220 852 qui
1264 780 1455 836 totam
1502 777 1682 851 hanc,
1732 777 1803 836 de
1850 797 1969 854 qua
2013 779 2075 836 in
2119 778 2230 836 hoc
2270 778 2474 837 libello
2517 779 2775 854 agimuS,

434 880 784 939 compagem
831 863 1286 939 conglutinavit.

600 948 852 1006 Restant
881 948 1018 1022 iam,
1052 948 1125 1006 de
1154 946 1372 1022 quibus
1405 945 1657 1021 dicatur,
1705 949 1858 1025 tres
1890 947 2071 1021 loci,
2117 965 2370 1021 quorum
2400 948 2517 1006 duo
2546 948 2776 1024 priores

432 1031 526 1090 vel
574 1032 770 1103 obiter
812 1033 1070 1091 intuenti
1114 1032 1374 1130 aliquam
1419 1035 1481 1089 et
1521 1031 1863 1107 argumenti
1910 1034 1971 1091 et
2028 1032 2303 1091 dictionis
2360 1033 2776 1108 cognationem

432 1117 652 1175 habere
698 1117 1007 1192 videntur,
1053 1118 1314 1192 primum
1358 1117 1562 1174 213—
1573 1118 1724 1176 216·

733 1225 855 1276 τοῖν
898 1211 984 1293 δ’,
1030 1214 1206 1276 ’ὅσον
1249 1213 1324 1275 ἐκ
1368 1237 1575 1294 νηων
1616 1210 1754 1274 άπὸ
1802 1214 2093 1294 πύργου
2137 1212 2414 1319 τάφρος
2459 1214 2645 1296 ἔεργε,

733 1305 973 1379 πλῆθεν
1015 1296 1172 1378 ὁμῶς
1219 1300 1424 1359 ’ἵππων
1466 1322 1526 1360 τε
1570 1298 1670 1359 καὶ
1714 1294 1974 1398 ἀνδρῶν
1997 1296 2346 1360 ἀσπιστάων

736 1383 1085 1462 εἰλομένων·
1132 1384 1278 1445 εἴλει
1322 1383 1386 1446 δὲ
1419 1389 1563 1485 θοῷ
1606 1380 1930 1457 ἀτάλαντος
1959 1376 2137 1464 ’Ἄρηι

710 1468 949 1549 ’Έκτωρ
997 1470 1371 1549 Πριαμίδης,
1414 1465 1512 1530 ὅτε
1521 1446 1624 1529 οἱ
1658 1469 1811 1542 Ζεὺς
1854 1468 2038 1542 κῦδος
2084 1467 2284 1531 ἔδωκε.

426 1584 555 1640 tum
613 1583 969 1658 335—349,
1015 1601 1268 1657 quorum
1317 1587 1436 1641 tres
1482 1582 1685 1641 345-
1696 1583 1816 1641 347
1865 1585 2111 1656 excepta
2153 1601 2273 1641 una
2300 1583 2514 1642 vocula
2559 1571 2667 1658 (ὃς
2714 1583 2777 1641 οἳ

425 1661 535 1740 μὲν
573 1685 684 1740 pro
729 1664 790 1723 οἳ
830 1661 941 1741 μὲν
984 1663 1091 1744 δὴ)
1134 1667 1353 1743 integri
1397 1667 1460 1725 in
1504 1667 1797 1726 emblema
1839 1667 1957 1726 iam
1988 1687 2025 1726 a
2052 1667 2436 1728 Lachmanno
2467 1668 2773 1726 sublatum

431 1750 482 1807 Ο
532 1751 870 1811 367-369
916 1753 1137 1827 recepti
1182 1755 1350 1811 sunt.

585 1859 685 1907 335
727 1846 824 1924 αψ
871 1843 925 1908 δ’
973 1843 1143 1922 αὖτις
1193 1845 1493 1928 Τρωεσσιν
1527 1845 1842 1928 Ὀλύμπιος
1887 1872 1954 1911 εν
2002 1847 2178 1955 μένος
2222 1842 2444 1930 ὦρσεν·

729 1936 800 1994 οἳ
843 1931 897 1993 δ’
947 1926 1129 2007 ἰθυς
1174 1934 1492 2014 τάφροιο
1535 1936 1855 2015 βαθείης
1900 1927 2101 1996 ὦσαν
2137 1932 2515 2014 Ἀχαιούς,

708 2012 943 2096 ”Εκτωρ
989 2016 1049 2080 6’
1098 2018 1166 2080 ἐν
1207 2016 1491 2100 πρωτοισι
1534 2021 1626 2080 κίε
1671 2018 1885 2080 σθένεϊ
1924 2020 2319 2098 βλεμεαίνων·

728 2101 811 2178 ὥς
859 2101 914 2164 δ’
962 2098 1055 2166 ότε
1100 2104 1187 2178 τίς
1230 2127 1290 2165 τε
1335 2101 1504 2165 κύων
1546 2094 1694 2177 συὸς
1739 2100 1951 2184 άγρίου
1995 2101 2065 2183 ἠὲ
2108 2103 2339 2178 λέοντος

729 2182 981 2269 α’πτηται
1026 2187 1358 2250 κατόπισθε
1399 2188 1580 2250 ποσὶν
1624 2187 1894 2268 ταχέεσσι
1940 2187 2176 2251 διώκων

585 2283 687 2332 340
730 2275 890 2376 ἰσχία
935 2297 995 2335 τε
1038 2275 1322 2354 γλουτούς
1367 2297 1458 2353 τε,
1506 2271 1885 2353 ἑλισσόμενόν
1928 2296 1988 2335 τε
2037 2273 2300 2349 δοκευει,

731 2384 811 2433 ως
837 2358 1073 2438 Ἕκτωρ
1119 2359 1313 2434 ωπαζε
1356 2355 1848 2439 καρηκομόωντας
1888 2355 2193 2438 Ἀχαιούς,

729 2443 862 2506 dclv
903 2441 1273 2506 ἀποκτείνων
1318 2442 1422 2505 τὸν
1463 2441 1809 2506 ὀπίστατον·
1856 2445 1917 2504 οἳ
1962 2441 2022 2502 6’
2073 2443 2377 2522 ἐφέβοντο.

901 2526 1140 2611 αὖταρ
1185 2527 1349 2592 ἐπεὶ
1382 2525 1496 2614 διά
1526 2551 1596 2592 τε
1627 2528 1994 2603 σκόλοπας
2025 2529 2147 2592 καὶ
2178 2527 2468 2610 τάφρον
2497 2527 2777 2608 ἔβησαν

730 2614 1167 2695 φεύγοντες,
1211 2615 1468 2677 πολλοὶ
1514 2612 1592 2677 δὲ
1637 2615 1872 2693 δάμεν
1919 2610 2141 2694 Τρωων
2185 2612 2327 2675 ὑπὸ
2374 2616 2667 2694 χερσίν,

588 2711 688 2759 345
732 2700 805 2760 οἳ
845 2700 978 2777 μὲν
1021 2699 1105 2778 δὴ
1150 2697 1346 2779 παρὰ
1392 2697 1664 2779 νηυσὶν
1708 2695 2113 2780 ἐρητύοντο
2154 2698 2542 2778 μένοντες,

727 2782 1037 2863 ἀλλήλοισί
1073 2806 1132 2845 τε
1175 2785 1548 2863 κεκλόμενοι,
1594 2784 1696 2845 καὶ
1738 2794 1887 2845 πᾶσι
1928 2790 2123 2846 θεοῖσι

728 2875 926 2949 χεῖρας
969 2867 1310 2976 ἀνίσχοντες
1353 2866 1547 2951 μεγάλ’
1596 2864 1949 2948 εὐχετόωντο
1994 2867 2273 2943 ἕκαστος·

710 2953 945 3035 ’Έκτωρ
990 2949 1052 3015 δ’
1049 2951 1634 3061 ἀμφιπεριστρώφα
1677 2954 2044 3034 καλλίτριχας
2090 2954 2346 3031 ἵππους,

733 3042 998 3121 Γοργοῦς
1043 3037 1260 3120 ομματ’
1308 3040 1460 3121 ἔχων
1499 3035 1571 3121 ηὲ
1613 3042 1988 3121 βροτολοιγοῦ·
2020 3038 2257 3118 ”.Αρηος

593 3151 684 3211 De
740 3151 1039 3229 Hectori8‚
1094 3173 1273 3230 quam
1327 3154 1422 3213 hic
1474 3152 1791 3228 habemus,
1850 3152 2247 3228 descriptione
2300 3151 2458 3211 infra
2513 3151 2769 3211 dicetur.

427 3237 541 3295 Sed
573 3240 769 3297 cetera
800 3239 848 3295 si
879 3239 996 3296 iam
1028 3257 1456 3314 comparamu8‚
1509 3238 1797 3297 habemus
1840 3237 2107 3312 profecto
2137 3241 2257 3297 tres
2288 3237 2551 3295 eiusdem
2583 3237 2767 3295 Achi-

429 3341 634 3382 vorum
666 3323 849 3381 cladis
893 3324 1061 3398 quasi
1105 3327 1273 3383 actus
1316 3324 1496 3383 alium
1541 3342 1613 3382 ex
1656 3324 1774 3381 alio
1819 3322 2229 3396 succedentes,
2276 3341 2528 3398 quorum
2572 3322 2770 3397 primo

427 3407 515 3465 illi
546 3408 609 3465 in
654 3407 900 3482 spatio
946 3408 1148 3467 inter
1190 3428 1392 3469 suam
1438 3409 1711 3468 fossam
1756 3410 1972 3481 atque
2018 3407 2226 3466 urbis
2270 3407 2565 3465 moenia
2609 3407 2769 3465 sito

428 3493 500 3550 ab
544 3492 800 3551 Hectore
845 3492 1003 3552 Iovis
1061 3494 1373 3552 voluntate
1427 3493 1633 3552 adiuto
1692 3495 2011 3568 urgentur,
2069 3491 2328 3551 secundo
2384 3494 2593 3549 recta
2646 3492 2770 3550 via

325 3586 388 3631 32
425 3596 623 3635 suam
668 3576 746 3635 ad
793 3577 1069 3635 fossam
1114 3578 1189 3637 ab
1232 3578 1438 3638 eodem
1471 3577 1827 3649 truduntur,
1873 3578 2050 3635 tertio
2096 3576 2296 3635 fossa
2340 3594 2495 3635 cum
2544 3576 2770 3635 vallis

429 3665 784 3737 superata
828 3663 1031 3721 inter
1073 3664 1279 3739 ipsas
1322 3681 1546 3722 naves
1586 3662 1847 3722 divinam
1883 3679 2057 3736 opem
2089 3660 2395 3737 desperate
2426 3662 2771 3721 invocantes

427 3748 798 3806 resistere
853 3752 1167 3806 conantur.
1260 3747 1693 3819 Quaerentibus
1751 3750 1948 3805 autem
2004 3745 2205 3821 nobis,
2266 3747 2431 3805 cuius
2490 3746 2773 3804 carminis
2868 3810 2875 3815 .

426 3835 566 3907 apta
608 3832 749 3891 haec
804 3832 985 3891 fuisse
1029 3833 1306 3892 videatur
1361 3831 1665 3909 gradati0‚
1723 3850 1831 3890 nec
1885 3830 2067 3906 longa
2121 3830 2434 3889 meditatio
2492 3831 2610 3889 erit
2662 3849 2771 3889 nec

426 3917 636 3976 timida
680 3917 993 3991 dubitatio,
1040 3917 1185 3993 quin
1229 3917 1512 3992 Apatae
1557 3917 1790 3991 saepius
1833 3916 1969 3989 iam,
2017 3916 2106 3973 uti
2149 3915 2433 3988 vidimuS‚
2481 3933 2518 3973 a
2560 3920 2766 3974 nostro

427 4002 899 4061 consarcinatore
943 4003 1230 4077 spoliatae
1275 4003 1453 4061 etiam
1499 4002 1607 4061 illa
1648 4002 1983 4079 fragmenta
2026 3999 2320 4058 subducta
2375 4017 2500 4058 esse
2543 4003 2766 4059 statua-

428 4106 577 4146 mus.
651 4086 722 4145 In
752 4085 864 4146 hoc
909 4088 1065 4147 enim
1111 4087 1369 4146 carmine
1415 4106 1594 4163 quam
1639 4088 1909 4145 accurate
1954 4085 2171 4160 duplex
2214 4103 2411 4143 rerum
2460 4086 2767 4144 conversio

427 4170 501 4228 ad
547 4171 698 4229 illud
742 4190 977 4248 pugnae
1020 4172 1258 4231 initium
1305 4172 1639 4247 adaptetur,
1686 4172 1801 4229 iam
1848 4169 1993 4228 mihi
2024 4169 2180 4228 vide.
2256 4168 2581 4244 Consopito
2626 4169 2768 4228 Iove

426 4258 747 4331 postquam
793 4256 1111 4332 Neptunus
1157 4257 1284 4316 vice
1328 4277 1500 4317 versa
1545 4256 1941 4314 Troianorum
1989 4273 2112 4312 rem
2156 4254 2489 4329 inclinavit,
2535 4258 2603 4312 ut
2647 4255 2763 4312 iarn

425 4340 629 4399 eadem
684 4340 783 4398 via
836 4342 1132 4418 fugientes
1197 4345 1606 4415 revertantur,
1679 4339 1731 4396 Ο
1778 4343 1806 4397 1
1835 4358 1965 4415 sqq.
2019 4358 2222 4399 eorum
2292 4339 2477 4398 cladis
2534 4357 2767 4397 summa

425 4426 634 4484 iisdem
676 4425 877 4485 verbis
919 4431 1101 4502 atque
1144 4446 1327 4502 supra
1369 4426 1735 4485 Achivorum
1780 4424 2159 4500 depingitur:
