3132 5129
1400 1261 1586 1346 XX.

711 1451 803 1521 De
840 1449 1058 1522 Nonni
1096 1451 1660 1539 Dionysiacornm
1695 1451 1872 1522 libro
1911 1450 2187 1522 XXXIX
2201 1396 2276 1546 ¹)·.

497 1621 567 1680 In
612 1620 832 1682 Nonno
877 1622 974 1681 vel
1019 1626 1159 1696 post
1201 1622 1502 1697 egregiam
1549 1620 1766 1681 Graefii
1822 1641 2064 1697 operam
2120 1622 2461 1681 etiamnunc
2518 1622 2662 1681 satis
2685 1630 2718 1677 3

327 1707 552 1765 multos
595 1724 817 1766 naevos
859 1707 1117 1782 relinqui
1174 1711 1243 1764 ut
1284 1725 1476 1781 nuper
1533 1709 1594 1765 in
1653 1707 1912 1766 secundo
1967 1708 2487 1767 coniectaneorum
2541 1708 2658 1782 epi·

329 1809 532 1850 corum
580 1790 859 1849 fasciculo
906 1791 1233 1866 professus,
1292 1792 1380 1848 ita
1423 1792 1656 1866 saepius
1701 1811 1879 1868 quam
1925 1791 2138 1850 vellem
2183 1791 2294 1851 hoc
2335 1793 2469 1866 ipso
2514 1796 2660 1851 tem·

324 1894 466 1951 pore
512 1879 789 1951 expertus
834 1894 992 1949 sum,
1039 1870 1109 1934 eit
1139 1894 1257 1950 quo
1302 1874 1678 1935 Teubneri
1723 1877 1838 1935 viri
1870 1877 1943 1934 de
1974 1877 2194 1935 nostris
2237 1876 2457 1935 litteris
2489 1878 2659 1935 meri-

324 1960 539 2017 tissimi
587 1962 647 2018 in
694 1978 863 2018 usum
894 1978 1109 2019 novam
1154 1960 1317 2018 illius
1359 1964 1572 2035 poetae
1602 1961 1926 2019 editionem
1957 1980 2161 2036 parare
2193 1962 2380 2035 coepi.
2454 1961 2660 2038 Neque

325 2063 395 2102 ex
442 2044 747 2103 codicibus
792 2045 972 2102 ullam
1020 2045 1229 2103 salutis
1288 2045 1479 2102 lucem
1537 2045 1726 2103 eidem
1773 2047 2122 2120 sperandam
2180 2064 2305 2104 esse
2360 2045 2537 2104 hodie
2594 2050 2662 2103 ut

325 2129 467 2187 olim
512 2129 654 2187 mihi
702 2147 1050 2204 persuasum
1105 2131 1216 2187 est.
1293 2128 1546 2187 Strenue
1603 2134 1801 2188 tamen
1856 2148 1962 2200 pro
2020 2129 2178 2189 virili
2236 2132 2404 2204 parte
2459 2130 2659 2188 enisus

324 2231 484 2287 sum,
557 2217 625 2272 ut
678 2216 873 2288 poesis
929 2211 1289 2271 Graecorum
1332 2214 1531 2289 epicae
1585 2215 1947 2273 novissimus
2001 2218 2206 2272 auctor
2260 2214 2350 2272 sui
2409 2215 2660 2273 similior

326 2298 621 2356 evaderet.
695 2298 786 2356 Ac
832 2316 980 2372 quos
1025 2296 1294 2372 singulos
1338 2297 1499 2355 locos
1541 2302 1649 2356 aut
1690 2299 1944 2357 aliorum
1981 2300 2089 2356 aut
2117 2298 2263 2355 meis
2308 2299 2659 2358 coniecturis

324 2382 668 2441 emendatos
715 2382 884 2457 dedi,
944 2400 1147 2442 eorum
1193 2382 1446 2440 indicem
1504 2382 1857 2456 praefationi
1903 2381 2207 2442 includere
2251 2383 2396 2441 satis
2440 2382 2655 2443 habeo:

326 2467 561 2525 de'uno
605 2466 802 2541 aliquo
853 2466 1041 2540 libro,
1098 2465 1264 2524 cuius
1321 2466 1464 2524 ordo
1520 2467 1820 2541 seriesque
1861 2466 2217 2525 narrationis
2273 2468 2423 2525 miro
2482 2467 2656 2525 modo

328 2551 604 2610 turbatus
650 2551 1003 2628 laxatusque
1047 2550 1310 2626 videtur,
1368 2550 1475 2608 hac
1521 2550 1663 2610 data
1707 2551 2153 2627 opportunitate
2198 2550 2484 2610 disserere
2526 2552 2658 2611 ani-

325 2655 455 2695 mus
511 2640 645 2712 est,
689 2637 970 2712 quoniam
1025 2654 1133 2695 nec
1192 2639 1430 2693 tantum
1476 2636 1621 2694 mihi
1678 2654 1884 2710 sumo,
1954 2639 2022 2694 ut
2073 2636 2232 2695 ultro
2297 2636 2443 2694 mibi
2498 2637 2658 2695 credi

322 2720 651 2797 postulem,
697 2723 759 2778 et
800 2722 979 2795 paulo
1023 2721 1353 2780 accuratius
1412 2738 1623 2778 causae
1668 2724 2041 2796 exponantur
2085 2738 2319 2780 necesse
2364 2724 2486 2795 est,
2533 2721 2658 2796 qui·

320 2805 435 2864 bus
480 2805 692 2863 ductus
737 2806 882 2864 satis
926 2805 1205 2863 audacter
1251 2803 1446 2862 obiter
1505 2824 1631 2862 rem
1676 2805 1934 2864 intuenti
1982 2805 2139 2863 haud
2186 2804 2659 2880 improbabiliter

319 2890 587 2966 penitius
630 2889 1020 2967 investiganti
1068 2907 1272 2948 versus
1320 2890 1800 2965 transponendos
1843 2891 2070 2965 putavi.

494 2973 675 3032 Liber
740 2977 833 3032 est
898 2974 1390 3048 Dionysiacorum
1458 2973 2310 3050 undequadragesimus,
2389 2994 2509 3049 quo
2586 2976 2659 3033 de

321 3077 527 3134 pugna
570 3059 769 3117 navali
814 3058 1014 3134 agitur
1058 3059 1215 3115 inter
1259 3057 1476 3116 Bacchi
1531 3062 1714 3134 atque
1760 3059 2037 3117 Deriadis
2080 3061 2281 3134 copias
2325 3060 2656 3120 commissa.

324 3141 562 3200 Etenim
609 3161 742 3200 cum
790 3161 896 3217 per
952 3146 1182 3217 septem
1238 3142 1361 3199 sere
1412 3161 1601 3201 annos
1656 3142 1908 3218 bellum,
1968 3144 2125 3219 quod
2182 3143 2447 3202 Bacchus
2490 3143 2657 3203 Indis

322 3226 558 3301 intulit,
606 3226 769 3298 vario
813 3230 1031 3285 eventu
1077 3230 1316 3302 gestum
1362 3230 1547 3310 esset,
1597 3227 1741 3287 deus
1771 3228 2036 3287 vaticinii
2083 3247 2117 3285 a
2147 3228 2311 3286 Rhea
2353 3228 2656 3303 quondam

323 3307 435 3369 sibi
483 3311 608 3369 dati
653 3329 881 3369 memor
926 3310 1362 3385 RhadamaneS,
1407 3330 1558 3385 quae
1604 3331 1750 3387 gens
1795 3332 1830 3370 a
1871 3313 2071 3370 Minoe
2116 3330 2147 3369 e
2192 3311 2370 3370 Creta
2412 3313 2658 3387 expulsa

322 3396 383 3453 in
444 3394 726 3453 Arabiam
787 3395 1348 3470 transmigraverat,
1419 3413 1602 3454 naves
1658 3397 1770 3453 sibi
1829 3396 2107 3455 fabricari
2164 3396 2418 3455 iusserat
2473 3396 2654 3472 (XXI,

324 3481 595 3538 301—7.
641 3478 912 3555 XXXVI,
961 3475 1345 3555 397—421).
1424 3479 1538 3549 Qui
1597 3499 1729 3538 cum
1776 3499 1955 3540 naves
2001 3485 2238 3556 paratas
2298 3485 2657 3555 ornatasque

322 3563 711 3638 adducerent,
759 3563 1042 3622 Deriades
1088 3565 1150 3622 et
1206 3564 1332 3639 ipse
1387 3565 1819 3639 trecentarum,
1880 3564 2098 3640 quibus
2143 3565 2500 3640 imperabat,
2562 3565 2654 3623 in·

322 3649 589 3707 sularum
635 3646 736 3723 (cs.
768 3646 983 3723 XXVI,
1018 3649 1118 3706 38.
1168 3648 1308 3704 222.
1356 3646 1507 3723 227)
1539 3649 1762 3707 incolas
1807 3650 1931 3709 suis
1976 3668 2109 3707 cum
2155 3648 2406 3709 navibus
2451 3650 2657 3708 adesse

322 3734 499 3792 iussit
543 3728 839 3812 (XXXIX,
878 3735 985 3789 1—
1002 3727 1131 3811 30).
1209 3730 1338 3801 Quo
1385 3732 1540 3791 facto
1585 3753 1718 3792 cum
1763 3738 2015 3810 uterque
2062 3734 2180 3791 dux
2225 3734 2495 3809 longiore
2526 3752 2654 3791 ora·

322 3820 485 3876 tione
532 3817 863 3876 classiarios
910 3817 1258 3876 adhortatus
1315 3817 1501 3875 aciem
1559 3819 1834 3878 navalem
1890 3818 2299 3892 instruxisset,
2356 3817 2657 3892 utrimque

322 3903 529 3977 tubae,
587 3902 767 3960 tibiae
818 3903 1051 3977 aliaque
1107 3900 1168 3959 id
1226 3919 1414 3977 genus
1469 3901 1868 3961 instrumenta
1921 3902 2339 3962 resonantibus
2396 3902 2655 3977 undique

320 3986 684 4063 imaginibus
734 3987 1161 4060 concinuerunt
1202 3983 1313 4062 (ib.
1360 4005 1416 4045 v.
1466 3983 1811 4063 30—130).

492 4071 573 4128 Et
613 4071 728 4129 huc
772 4088 957 4147 usque
1001 4069 1272 4146 quidem,
1320 4069 1421 4128 ubi
1469 4068 1588 4129 iam
1629 4072 1843 4147 proelii
1886 4070 2152 4129 nondum
2200 4070 2498 4130 commissi
2544 4071 2656 4128 ini·

322 4155 475 4214 tium
531 4155 786 4215 describi
831 4158 1270 4229 exspectamus,
1331 4155 1529 4213 omnia
1574 4157 1795 4231 optime
1852 4155 2197 4231 procedunt.
2287 4153 2404 4213 Sed
2462 4155 2655 4230 prima

321 4242 530 4299 statim
579 4259 731 4316 quae
777 4243 1111 4316 sequuntur
1157 4239 1339 4298 verba
1384 4238 1803 4300 difficultatem
1846 4243 2120 4299 movent:

457 4407 507 4461 1)
522 4402 742 4523 §Index
781 4402 937 4455 lectt.
974 4401 1029 4455 in
1066 4401 1174 4458 litt.
1220 4403 1370 4455 univ.
1422 4401 1608 4456 Turio.
1650 4403 1781 4457 inde
1829 4420 1863 4455 a
1897 4403 1950 4455 d.
1986 4401 2132 4460 XVI.
2184 4420 2250 4455 m.
2290 4403 2424 4472 Apr.
2476 4420 2653 4472 usque

321 4469 394 4523 ad
431 4470 486 4527 d.
580 4470 728 4524 vm.
777 4488 848 4524 m.
887 4472 1030 4539 Aug.
1066 4467 1407 4525 MDCCCLV
1444 4469 1873 4540 habendarum]
