3132 5129
319 1812 415 1860 707

1382 321 1844 385 -344-

444 501 571 539 sese
629 480 935 554 effudisse,
1014 478 1260 538 offendit
1332 478 1668 555 epitheton:
1745 471 1826 548 ὥς
1896 476 1954 534 οἳ
2029 473 2235 556 ἴσανῑ)
2298 474 2501 533 πολλοί
2565 495 2627 533 τε
2691 472 2792 534 καὶ

444 562 478 623 ὅ
492 566 531 641 β
545 583 785 666 ριμόι,
830 563 989 663 §1⁰0⁶
1019 566 1359 638 corruptum
1405 562 1644 622 videtur
1691 582 1762 621 ex
1806 582 1894 638 eo,
1941 562 2100 639 quod
2146 581 2331 621 unum
2376 561 2601 638 optime
2647 580 2792 636 qua-

445 651 1015 810 dratcogzggrzgm
1066 751 1217 809 quae
1260 732 1482 808 legitur
1527 751 1581 791 v.
1615 733 1735 791 298
1769 751 1854 807 sq.
1890 733 1960 792 de
1994 732 2400 808 Thrasymede
2444 735 2507 791 et
2535 731 2794 807 Phereo,

447 822 828 880 Memnonem
873 818 1420 895 expavescentibuS,
1467 817 1682 876 melius
1729 818 2060 894 conveniet,
2107 818 2158 876 si
2204 816 2543 893 scripseris:

708 970 784 980 —-
834 970 907 979 —
957 969 1039 978 —
1086 935 1146 994 οἳ
1190 922 1246 994 δ’
1296 931 1399 994 ἅτε
1444 933 1571 993 θῶε

700 1013 858 1097 ἄμφ’
908 1018 1132 1093 ἔλαφον
1173 1019 1457 1098 βεβαῶτα
1503 1016 1688 1099 μέγαν
1737 1015 2027 1097 φοβέοντο
2071 1014 2277 1077 λέοντα

701 1104 837 1165 οὔτι
880 1104 1093 1182 πρόσω
1136 1112 1470 1182 μεμαῶτες
1514 1100 1904 1182 ἐπελθέμεν.

449 1227 533 1286 Ut
579 1226 744 1285 thoes
790 1225 1066 1285 accedere
1111 1225 1328 1284 timent
1371 1225 1444 1283 ad
1492 1227 1709 1284 leonem
1752 1243 1911 1284 cervo
1944 1229 2240 1298 prostrato
2285 1226 2647 1293 adstantem,
2716 1225 2803 1283 ita

447 1312 708 1370 Phereus
764 1312 825 1369 et
880 1309 1311 1386 Thrasymedes
1365 1329 1486 1368 non
1540 1309 1763 1368 audent
1819 1309 2192 1368 Memnonem
2241 1310 2517 1406 aggredi,
2563 1316 2802 1370 mortuo

447 1396 751 1456 Antilocho
808 1415 979 1455 arma
1036 1396 1460 1465 detrahentem;
1524 1395 1603 1454 cf.
1662 1414 1718 1453 v.
1766 1394 1886 1452 295
1919 1413 2010 1469 sq.
2068 1388 2223 1470 ἀμφὶ
2280 1389 2338 1450 δ’
2399 1386 2503 1469 αρ’
2566 1387 2739 1452 αὐτοῦ
2779 1389 2799 1496 Ι

448 1478 643 1560 χερσὶν
671 1474 785 1538 ὑπ’
818 1474 1159 1560 ἀκαμάτῃσι
1191 1473 1351 1537 λύων
1377 1471 1718 1555 παγχαλκεα
1749 1471 1942 1554 τεύχη.
1991 1479 2146 1537 Tum
2168 1479 2327 1556 quod
2370 1497 2478 1555 pro
2509 1497 2720 1555 μεμαω
2739 1472 2795 1536 τ’

449 1564 484 1625 ἔ
489 1588 552 1623 τι
585 1560 836 1640 ἐλθέμεν
864 1565 1063 1624 hiatus
1093 1565 1323 1625 vitandi
1355 1583 1530 1624 causa
1560 1565 1771 1640 scripsi
1800 1562 2090 1639 μεμαῶτε
2109 1585 2139 1634 ς
2172 1558 2537 1640 ἐπελθέμεν,
2571 1564 2800 1623 factum

449 1653 508 1710 id
557 1654 648 1710 est
691 1650 837 1708 duce
882 1651 1144 1724 Monac„
1207 1649 1272 1708 in
1325 1668 1441 1724 quo
1494 1656 1837 1723 μεμαῶτες
1895 1645 1997 1706 ἔτι
2042 1643 2292 1718 ἐλθέμεν
2336 1650 2575 1726 legitur.
2669 1649 2803 1708 Iam

454 1735 834 1793 Hermannus
882 1735 957 1793 ad
1004 1734 1189 1809 Orph.
1236 1754 1295 1810 p.
1344 1735 1463 1792 742
1510 1727 1786 1811 μεμαῶτ’
1850 1727 1930 1790 ἔτ’
1992 1729 2320 1810 ἐπελθέμεν
2362 1734 2647 1793 coniecit:
2696 1733 2806 1794 sed

453 1838 647 1878 meum
694 1819 957 1878 metricis
1004 1817 1213 1890 Quinti
1256 1818 1593 1878 rationibus
1636 1818 1828 1895 magis
1874 1819 2176 1878 convenit.
2252 1818 2344 1878 Ob
2374 1818 2630 1878 eandem
2663 1838 2802 1877 cau-

451 1924 575 1964 sam
636 1922 816 1979 supra
869 1924 927 1963 v.
976 1905 1096 1964 206
1154 1922 1275 1962 non
1331 1922 1464 1962 cum
1509 1902 1818 1962 Gerhardo
1875 1904 2019 1962 lectt.
2063 1902 2252 1977 Apoll.
2296 1923 2353 1978 p.
2406 1905 2524 1962 156
2590 1899 2806 1971 ἵπποις

453 1985 554 2047 καὶ
600 1981 961 2064 ὀχήμασι,
1006 1988 1108 2048 sed
1155 2007 1290 2048 cum
1334 1987 1679 2048 Wernickio
1724 1988 1796 2047 ad
1845 1987 2076 2064 Tryph.
2121 2009 2180 2065 p.
2220 1991 2337 2047 176
2382 1992 2508 2047 not.
2558 1984 2805 2047 ἵπποισι

452 2071 553 2133 καὶ
594 2069 874 2150 ἅρμασι
919 2072 1318 2134 scribendum.

628 2157 849 2219 Omnes
893 2158 1134 2234 quidem
1165 2158 1321 2233 libri,
1370 2160 1663 2234 quantum
1696 2158 1833 2233 sci0,
1868 2178 1923 2217 v.
1957 2160 2078 2217 393
2106 2177 2192 2233 sq.
2226 2158 2317 2217 his
2352 2159 2549 2217 verbis
2579 2159 2804 2218 Nesto-

452 2265 577 2303 rem
633 2244 862 2303 faciunt
902 2244 1197 2302 Achillem
1254 2243 1622 2318 hortantem,
1683 2246 1749 2303 ut
1792 2243 2099 2302 Antilochi
2155 2261 2373 2319 corpus
2427 2242 2804 2304 irruentibus

457 2329 732 2389 Troianis
776 2329 1060 2404 eriperet:

756 2439 907 2505 αλλὰ
953 2449 1120 2517 θοῶς
1163 2436 1492 2520 ἐπάμυνον,
1539 2441 1665 2505 ἐπεὶ
1713 2436 1980 2522 φίλος,
1962 2437 2026 2516 ός
2068 2466 2156 2514 τις
2201 2442 2437 2518 ἑταίρου

757 2527 1044 2608 μέμνηται
1090 2528 1404 2609 κταμένοιο
1446 2529 1547 2592 και
1591 2552 1844 2608 αχνυται
1889 2518 2089 2590 ουκέτ’
2136 2521 2352 2602 ἐόντος.

419 2641 706 2728 ⁸Semper
737 2656 937 2711 tamen
984 2652 1291 2711 offensioni
1337 2652 1483 2711 mihi
1529 2653 1664 2727 fuit,
1711 2651 1872 2727 quod
1915 2650 2089 2709 amici
2132 2654 2368 2710 tantum
2412 2651 2523 2709 hoc
2567 2671 2801 2711 memo-

456 2741 624 2796 ratur
669 2736 933 2795 officium
980 2737 1298 2795 memoriae
1348 2740 1409 2795 et
1451 2737 1830 2796 lacrimarum
1879 2736 1954 2795 ob
2001 2735 2381 2794 interfectum
2412 2736 2653 2795 socium.
2731 2736 2802 2794 Id

456 2822 651 2897 ipsum
697 2839 836 2880 vero
880 2825 943 2880 et
985 2821 1368 2879 mulierculae
1413 2824 1744 2897 praestant,
1804 2839 1913 2880 nec
1968 2825 2165 2879 tamen
2230 2820 2301 2879 de
2358 2839 2606 2896 corpore
2666 2841 2805 2880 cum

456 2906 729 2966 hostibus
774 2909 1060 2982 pugnant.
1153 2904 1310 2974 Quid
1355 2906 1531 2982 dices,
1580 2906 1630 2965 si
1676 2906 1751 2965 ob
1799 2925 1927 2964 eam
1972 2923 2204 2964 causam
2253 2905 2585 2966 coniecero:

713 3057 798 3066 —
844 3057 920 3065 —
974 3057 1049 3066 --
1096 3017 1224 3080 ἐπεὶ
1270 3023 1473 3098 φίλος,
1519 3014 1682 3094 ὅστις
1727 3018 1960 3097 ἑταίρου

711 3104 998 3186 μέμνηται
1044 3105 1417 3185 κταμένου
1463 3130 1564 3166 και
1607 3100 1984 3183 ἀμύνεται
2027 3098 2225 3166 οὖκετ’
2279 3103 2491 3179 ἐόντος.

629 3229 745 3288 Pro
791 3246 880 3303 e0,
927 3228 1087 3326 quod
1118 3248 1174 3287 v.
1207 3229 1327 3287 401
1364 3227 1657 3288 editiones
1703 3227 1967 3288 obsidet.
2014 3247 2046 3282 ο
2093 3220 2154 3284 δ’
2203 3220 2302 3302 ἄρ’
2351 3225 2536 3287 εἵλετο
2582 3227 2801 3306 χείρεσι

460 3309 699 3389 πέτρην,
744 3317 1023 3388 corrupte
1069 3314 1132 3372 in
1177 3314 1406 3372 Monac.
1452 3314 1702 3390 legitur:
1758 3306 1799 3370 ὁ
1853 3299 1903 3368 δ’
1965 3303 2097 3370 οὖν
2143 3309 2280 3416 (sic)
2325 3310 2528 3372 εἵλετο.
2620 3315 2801 3373 Utra-

460 3420 575 3476 que
632 3399 926 3473 scriptura
982 3402 1352 3475 comparata,
1410 3398 1722 3475 probabile
1777 3402 1895 3474 est,
1948 3401 2188 3474 poetam
2241 3395 2279 3455 0⁸
2334 3389 2387 3454 ὁ
2458 3389 2805 3458 ἀνείλετο

463 3484 804 3640 Scripsgsffgd
848 3568 1088 3627 Aurora
1130 3567 1237 3626 filii
1285 3571 1473 3628 morte
1519 3568 1867 3627 exacerbata
1910 3568 2058 3628 dicit
2105 3588 2158 3627 v.
2194 3569 2312 3628 621

715 3673 902 3763 αὐτὰρ
950 3681 1079 3760 ἐμοὶ
1126 3679 1447 3745 στονόεσσα
1489 3679 1641 3762 μετ’
1690 3677 2024 3762 οὐρανὸν
2069 3681 2287 3745 εὔαδεν
2331 3680 2562 3763 ὄρφνη,

462 3807 524 3864 id
582 3825 703 3865 non
759 3808 917 3865 recte
975 3806 1348 3865 intellectum
1405 3810 1496 3866 est
1552 3806 1627 3864 ab
1682 3806 2033 3865 editoribus.
2122 3805 2586 3866 Rhodomannus
2643 3808 2798 3866 enim

464 3892 678 3951 vert-it:
737 3893 888 3950 caelo
930 3892 1277 3965 posthabito.
1369 3891 1495 3951 Hoc
1568 3910 1707 3950 vero
1764 3910 1885 3950 non
1931 3891 2090 3950 inest
2134 3890 2255 3949 illis
2298 3892 2515 3951 verbis,
2607 3893 2802 3952 Minus

465 3976 648 4036 etiam
692 3980 848 4036 recte
891 3976 1262 4052 Tychsenius
1305 3980 1517 4051 poetae
1562 3976 1745 4036 verba
1789 3976 2116 4051 intellexit3
2180 3976 2299 4036 vid.
2347 3978 2802 4037 dissmatiovwm

466 4063 592 4120 eius
640 4062 711 4120 de
742 4060 809 4130 Q.
841 4080 900 4136 p.
937 4064 1020 4121 50
1041 4081 1149 4137 sq„
1196 4061 1298 4120 ubi
1342 4062 1443 4120 ille
1488 4062 1686 4121 locum
1730 4061 1816 4120 ita
1859 4061 2145 4136 explicat:
2181 4063 2417 4135 placent
2460 4064 2607 4122 mihi
2650 4068 2800 4123 tenc-

607 4260 655 4322 1)
694 4257 781 4309 Ita
826 4257 974 4310 enim
1012 4274 1081 4312 ex
1119 4258 1243 4312 Tua
1278 4259 1629 4324 coniectura,
1665 4259 1819 4312 facta
1866 4258 1922 4310 in
1959 4257 2144 4312 Mant.
2182 4274 2235 4339 p.
2274 4266 2375 4313 ⁰16
2416 4258 2801 4324 scribendum3

470 4325 762 4401 sequentia
802 4329 993 4378 autem
1042 4319 1194 4393 ἀμφὶ
1242 4324 1300 4379 δ
1357 4322 1570 4395 dymni
1617 4321 1964 4380 στείνοντ’
2011 4321 2339 4394 ἐσσυμένων
2385 4327 2630 4396 legenda
2664 4344 2804 4392 esse,

470 4391 660 4445 monui
696 4391 752 4442 in
792 4392 1040 4446 emendd.
1076 4398 1126 4446 et
1160 4394 1371 4451 adnott.
1409 4412 1466 4463 p.
1509 4400 1623 4450 182.
