3132 5129
1369 347 1826 411 -278—

431 506 679 565 93—97
737 504 986 564 eandem
1041 504 1113 563 de
1169 505 1427 580 duobus,
1489 504 1593 580 qui
1649 505 1869 580 partim
1921 503 2165 564 eosdem
2220 505 2442 580 partim
2497 504 2765 565 diversos

430 608 638 651 versus
696 590 1041 664 habuerint,
1097 589 1337 666 hymnis
1391 590 1812 649 contaminatis
1870 590 2210 666 opinionem
2268 590 2361 649 bis
2416 589 2519 649 sed
2575 590 2765 650 diver·

430 676 667 735 sissima
709 675 940 734 ratione
997 694 1279 734 exornare
1325 675 1578 735 studuit.

601 760 684 818 Et
725 763 902 819 antea
945 760 1187 836 quidem
1233 761 1546 836 utriusque
1578 759 1783 836 hymni
1831 760 1918 819 ita
1961 759 2085 819 fere
2131 759 2474 835 incipientis
2514 752 2767 818 Ἀείδω

424 836 743 920 Ἑκάτην
786 842 1196 922 Περσηίδα,
1253 840 1366 920 τὴν
1408 842 1542 922 περὶ
1596 843 1841 903 πάντων
1885 848 1993 907 etc.
2048 844 2160 903 hoc
2219 863 2529 904 commune
2585 845 2768 904 fuisse

432 930 642 989 statuit
684 930 1079 1005 primordium
1122 950 1180 989 v.
1213 931 1573 990 411—415.
1618 929 1986 1003 421—-425,
2034 930 2128 988 cui
2174 930 2237 987 in
2281 929 2481 1004 priore
2526 930 2765 1004 quidem

435 1013 544 1093 (A)
591 1033 800 1074 versus
844 1015 967 1074 448
1000 1034 1091 1090 sq.
1153 1015 1511 1073 431—435.
1571 1016 1694 1073 439
1726 1034 1816 1090 sq.
1874 1015 2015 1072 442.
2076 1015 2435 1073 444—447.
2494 1016 2649 1089 452,
2707 1016 2769 1073 in

431 1100 757 1175 posteriore
804 1095 911 1178 (B)
968 1118 1107 1159 vero
1166 1101 1524 1159 416-420,
1581 1100 1726 1158 427.
1783 1099 1929 1158 426.
1992 1099 2138 1158 428.
2196 1099 2324 1158 450
2355 1119 2444 1175 sq.
2505 1100 2628 1157 429
2676 1118 2766 1174 sq.

439 1184 798 1243 434—445.
849 1185 971 1242 447
1018 1184 1210 1243 additi
1255 1185 1496 1244 fuerint.
1570 1183 1643 1243 In
1687 1183 1778 1244 his
1824 1203 1957 1243 cum
2002 1182 2240 1259 singula
2271 1183 2557 1260 quaedam
2602 1203 2768 1260 saga·

435 1269 584 1328 citer
629 1273 803 1328 eruta
858 1270 1008 1343 sint,
1068 1273 1138 1328 ut
1189 1269 1562 1345 Goettlingio
1618 1269 1766 1328 duce
1821 1269 1884 1327 in
1928 1269 1980 1327 B
2032 1287 2238 1328 versus
2291 1270 2415 1327 416
2449 1288 2574 1344 sqq.
2632 1272 2772 1345 post

433 1355 558 1413 425
603 1355 820 1429 positi,
867 1355 990 1413 426
1024 1356 1085 1413 ct
1112 1354 1236 1413 428
1280 1358 1515 1413 remoto
1562 1375 1619 1413 v.
1651 1354 1775 1412 427
1808 1354 2139 1428 coniuncti,
2187 1357 2315 1412 tum
2361 1354 2425 1412 in
2470 1354 2524 1412 A
2555 1372 2610 1413 v.
2642 1353 2761 1411 441

435 1440 718 1514 omissus,
767 1439 827 1497 in
871 1439 923 1497 B
968 1439 1096 1499 450
1126 1459 1213 1514 sq.
1271 1442 1411 1498 ante
1455 1440 1580 1498 429
1624 1439 1833 1514 locati,
1891 1440 2019 1499 430
2061 1442 2123 1497 et
2164 1439 2288 1497 434
2334 1440 2770 1498 consentientes

433 1526 787 1599 argumento
833 1527 1008 1599 atque
1065 1541 1337 1583 sermone
1381 1525 1546 1582 iuxta
1602 1525 1809 1599 positi,
1864 1526 1951 1583 ita
2005 1525 2285 1583 universo
2342 1542 2520 1599 opere
2575 1525 2771 1582 virum

433 1608 1020 1685 praestantissimum
1065 1607 1353 1667 excidisse
1397 1608 1672 1683 pluribus
1726 1609 2133 1669 demonstrare
2182 1609 2349 1667 nefas
2393 1611 2579 1682 esset,
2638 1626 2766 1667 cum

434 1695 560 1769 ipse
604 1694 668 1752 in
711 1693 903 1752 altera
957 1693 1377 1753 dissertatione
1421 1712 1661 1768 prorsus
1704 1694 1938 1753 abiecto
1984 1694 2087 1752 illo
2132 1697 2350 1753 conatu
2405 1692 2569 1752 aliud
2626 1693 2766 1752 duo·

434 1796 566 1835 rum
612 1778 1119 1837 restituendorum
1164 1778 1521 1855 hymnorum
1585 1779 1915 1854 periculum
1959 1778 2196 1854 fecerit,
2256 1782 2325 1837 ut
2377 1778 2472 1838 hic
2529 1796 2769 1854 quoque

436 1863 830 1922 amoebaea
874 1864 1132 1922 carmina
1174 1863 1248 1922 ab
1293 1864 1733 1924 alternantibus
1778 1866 1840 1923 et
1884 1863 2251 1924 certantibus
2294 1863 2638 1923 auctoribus
2680 1883 2768 1921 re·

437 1948 622 2007 citata
665 1948 922 2007 inveniri
968 1948 1081 2006 sibi
1136 1948 1518 2023 persuaserit.
1607 1944 1780 2017 Quod
1836 1967 1982 2007 num
2039 1948 2170 2007 aliis
2216 1967 2452 2025 quoque
2510 1949 2590 2009 sit
2644 1967 2771 2023 per·

436 2052 748 2108 suasurus,
794 2051 918 2092 non
961 2032 1160 2091 minus
1203 2033 1298 2091 hic
1341 2052 1520 2108 quam
1578 2032 1642 2091 in
1696 2033 1800 2093 illo
1845 2034 2147 2093 Musarum
2194 2034 2496 2108 prooemio
2544 2032 2771 2108 dubito,

442 2138 575 2178 cum
624 2117 932 2177 considero
977 2118 1085 2175 illa
1133 2119 1422 2192 carmina,
1483 2136 1737 2193 quorum
1783 2119 1836 2176 A
1882 2137 1952 2177 ex
1996 2119 2355 2177 411—-413.
2412 2119 2770 2177 416-420.

435 2204 579 2262 427.
613 2204 757 2261 426.
791 2204 933 2263 428.
969 2203 1326 2261 431-433.
1357 2204 1481 2261 435
1513 2221 1606 2278 sq.
1637 2204 1759 2263 439
1775 2222 1865 2278 sq.
1923 2203 2068 2261 442.
2113 2203 2470 2261 444-446.
2529 2204 2653 2263 448
2686 2222 2773 2277 sq.

437 2289 581 2362 452,
613 2288 665 2346 Β
694 2306 765 2346 ex
795 2288 918 2345 414
950 2306 1038 2363 sq.
1083 2288 1439 2346 421—425.
1481 2287 1606 2346 429
1632 2307 1723 2363 sq.
1754 2288 1901 2346 434.
1935 2289 2057 2347 437
2098 2305 2185 2363 sq.
2231 2289 2380 2346 441.
2421 2288 2569 2347 443.
2628 2288 2773 2346 447.

437 2375 565 2432 450
605 2391 694 2448 sq.
750 2376 1021 2432 constare
1078 2373 1326 2448 dicitur,
1393 2391 1500 2432 nec
1568 2372 1807 2449 singula
1872 2374 2153 2432 continuo
2211 2372 2313 2432 filo
2367 2372 2621 2433 deducta
2671 2371 2776 2431 sed

440 2451 611 2534 quasi
658 2477 690 2516 e
734 2457 989 2535 singulis
1033 2458 1305 2534 partibus
1351 2458 1761 2517 consarcinata
1803 2477 1910 2517 nec
1952 2457 2161 2516 eodem
2203 2476 2483 2517 versuum
2525 2476 2775 2517 numero

437 2545 542 2602 aut
597 2543 936 2620 argumenti
993 2543 1118 2604 sive
1187 2542 1579 2604 similitudine
1637 2544 1762 2604 sive
1817 2542 2164 2603 diversitate
2220 2543 2415 2620 poesis
2473 2542 2775 2603 amoebaei

440 2628 688 2704 speciei,
734 2647 911 2703 quam
955 2647 1113 2688 nunc
1158 2628 1398 2705 quidem
1429 2629 1736 2703 novimus,
1785 2629 2194 2706 congruentia.
2288 2630 2660 2704 Quamquam
2702 2648 2777 2687 ne

440 2714 534 2772 hic
579 2712 820 2789 quidem
865 2713 1087 2772 frustra
1129 2714 1232 2772 ille
1275 2714 1599 2790 laboravit,
1645 2713 1868 2790 quippe
1912 2714 2013 2789 qui
2058 2716 2120 2772 et
2162 2733 2220 2773 v.
2267 2714 2413 2771 441.
2461 2714 2604 2772 443.
2655 2714 2776 2772 447

442 2798 671 2857 scilicet
716 2797 889 2856 alteri
934 2799 1164 2857 auctori
1211 2798 1383 2858 datos
1428 2817 1460 2857 e
1506 2801 1841 2858 ceterorum
1884 2816 2165 2858 versuum
2212 2799 2423 2858 ordine
2467 2817 2774 2858 removen-

443 2883 549 2942 dos
594 2883 843 2959 viderit,
892 2900 1149 2958 quorum
1193 2884 1480 2959 postremi
1527 2883 1645 2942 duo

697 2999 829 3079 ῥεῖα
873 2992 936 3059 δ’
980 2992 1255 3075 ἀφείλετο
1300 2997 1674 3078 φαινομένην
1717 2993 2008 3059 ἐθέλουσά
2052 3021 2118 3078 γε
2163 3004 2377 3083 θυμῷ,

695 3083 755 3158 ἐξ
800 3080 1018 3163 ὀλίγων
1059 3080 1256 3165 βριάει
1298 3080 1413 3143 κάκ
1455 3089 1695 3144 πολλῶν
1735 3083 1944 3162 μείονα
1986 3085 2178 3164 θῆκε,

444 3223 636 3284 scabri
681 3223 770 3281 illi
815 3226 877 3282 et
920 3223 1075 3282 male
1120 3222 1267 3282 facti
1297 3222 1544 3283 eandem
1590 3222 1833 3298 sapiunt
1860 3221 2128 3281 nasutuli
2171 3222 2617 3298 interpolatoris
2645 3241 2777 3281 con-

439 3310 687 3369 trariam
733 3309 1092 3369 sententiam
1139 3308 1452 3368 inferentis
1497 3307 1935 3384 arrogantiam,
1981 3324 2101 3418 qua
2142 3307 2326 3366 etiam
2373 3308 2521 3367 duos
2568 3308 2631 3366 in
2662 3307 2781 3367 He

438 3394 590 3454 siodi
630 3390 803 3472 ἔργα
848 3395 1119 3454 invectos
1164 3412 1291 3454 esse
1336 3411 1542 3454 versus

612 3520 707 3569 179
779 3504 910 3570 ἄλλ’
961 3507 1148 3589 ἔμπης
1191 3507 1295 3570 καὶ
1338 3514 1488 3570 τοῖσι
1529 3507 1827 3588 μεμίξεται
1872 3505 2061 3569 ἐσθλὰ
2106 3513 2345 3568 xancton

805 3590 822 3614 ἱ
910 3593 922 3615 Q
1032 3591 1047 3610 0
1136 3591 1154 3615 2

440 3733 739 3793 Lehrsii
788 3733 1015 3793 detexit
1055 3752 1305 3793 acumen
1358 3732 1423 3793 in
1467 3731 1884 3792 dissertatione
1928 3732 2036 3791 illa
2079 3732 2532 3807 quaestionibus
2591 3733 2779 3808 epicis

442 3819 666 3878 inserta
710 3837 769 3893 p.
817 3819 937 3878 236
956 3863 971 3894 ,
1032 3838 1150 3896 qua
1194 3819 1616 3879 dissertatione
1671 3817 1746 3876 ad
1793 3817 2232 3878 restituendum
2274 3818 2338 3876 et
2381 3816 2779 3893 interpretan-

442 3903 586 3962 dum
641 3902 792 3962 illud
849 3923 1084 3963 carmen
1140 3904 1296 3964 viam
1351 3908 1414 3962 et
1468 3904 1739 3979 apertam
1796 3905 1857 3962 et
1911 3902 2202 3962 munitam
2263 3920 2393 3961 esse
2450 3920 2638 3961 unum
2691 3904 2784 3963 est

443 3989 711 4047 omnium
754 3989 857 4063 qui
904 3988 1161 4048 iudicare
1217 3991 1470 4065 possunt
1521 3986 1825 4047 iudicium.
1901 3987 1997 4046 Ad
2054 3986 2311 4046 Hecates
2365 3987 2656 4063 hymnum
2711 3990 2783 4045 ut

444 4073 562 4131 iam
608 4076 879 4132 revertar
897 4119 912 4150 ,
968 4077 1140 4149 patet
1180 4073 1573 4134 sufficientem
1617 4072 1952 4148 materiam,
2014 4092 2134 4148 qua
2177 4072 2295 4130 duo
2352 4091 2423 4131 ex
2481 4091 2601 4132 uno
2659 4071 2784 4131 effi·

448 4157 683 4216 ciantur
727 4160 1018 4235 carmina,
1065 4159 1127 4217 in
1172 4177 1243 4218 eo
1287 4176 1408 4218 non
1452 4159 1675 4233 inesse,
1723 4157 1796 4215 de
1842 4176 1961 4232 qua
2003 4158 2299 4217 sententia
2337 4176 2415 4216 ne
2444 4155 2782 4217 Gerhardus

449 4242 690 4317 quidem
738 4243 1145 4320 cogitavisset,
1193 4244 1243 4304 si
1288 4243 1661 4319 simplicibus
1692 4242 1843 4300 illud
1873 4242 2242 4303 athetesibus
2273 4242 2612 4319 integritati
2643 4261 2784 4302 suae

451 4331 635 4402 atque
681 4329 1070 4402 perpetuitati
1113 4329 1350 4389 restitui
1394 4332 1618 4404 posset.
1698 4326 1793 4386 Ad
1855 4346 2033 4403 quam
2089 4345 2214 4387 rem
2271 4328 2452 4387 etiam
2511 4331 2783 4402 transpo-

453 4411 770 4472 sitionibus
816 4431 968 4488 opus
1012 4433 1139 4474 esse
1194 4417 1256 4474 et
1298 4431 1502 4474 omnes
1547 4411 1735 4472 critici
1779 4412 2162 4472 consentiunt
2217 4415 2278 4472 et
2323 4412 2414 4474 vel
2471 4430 2629 4472 unus
2683 4411 2784 4471 ille
