3132 5129
1229 380 1688 443 ...355-

457 531 943 627 [σμερδαλέον
984 530 1045 593 δ’
1089 529 1463 610 ἀνέφηνεν
1509 532 1965 595 ἐπισκύνιον
2008 531 2511 614 βλοσυρῶπις]

452 612 760 695 μειδιόωσ
810 616 1108 697 ἕρατεινόν
1153 627 1262 681 eto.

285 744 345 799 et
387 737 685 815 quomodo
731 740 782 797 is
827 740 1022 799 omitti
1079 741 1345 816 potuerit
1399 745 1462 800 et
1517 761 1697 817 quam
1753 744 1889 817 apte
1946 741 2115 799 illum
2170 741 2479 814 sequentia
2524 760 2620 797 ex-

283 826 509 900 cipiant
552 825 928 900 perspicitur.
1018 826 1184 896 Quod
1231 830 1431 885 autem
1475 826 1696 885 dicitur
1738 823 1892 902 μειδ.
1938 822 2093 902 ἕρατ.
2110 866 2129 901 ,
2174 826 2246 883 iis
2291 826 2489 884 verbis
2533 825 2619 882 in-

290 910 525 968 dicatur
568 910 665 968 vel
721 909 981 969 terrifico
1040 911 1339 987 supercilii
1395 912 1683 987 adspectu
1738 911 1988 1004 aliquid
2022 911 2267 1007 gratiae
2298 910 2479 969 fuisse
2524 910 2623 967 ad-

287 996 563 1052 mixtum.
637 992 1016 1054 Contrarium
1061 1015 1201 1056 sane
1246 996 1318 1073 X,
1355 997 1474 1055 182
1523 997 1766 1055 dicitur:
1812 986 2035 1072 λυγρὸν
2078 987 2192 1053 ὑπ’
2240 985 2461 1073 ὀφρύσι
2505 1014 2622 1069 μει-

285 1077 532 1136 διόωσαι
566 1076 579 1158 1
617 1077 944 1155 πορδάλιες.

455 1164 664 1223 Tertio
710 1164 839 1223 loco
886 1184 941 1226 v.
979 1166 1099 1224 247

539 1277 874 1360 Ἰδομενεὺς
919 1279 985 1342 δὲ
1026 1280 1381 1382 Βρέμουσαν
1426 1278 1672 1363 ἐνήρατο
1718 1280 1965 1361 δούρατι
2008 1290 2221 1366 μακρω

544 1363 841 1447 δεξιτερὸν
884 1359 1048 1444 παρὰ
1089 1364 1274 1446 μαζὸν
1315 1402 1399 1413 -

288 1505 421 1546 cum
467 1485 813 1562 Spitznerus
872 1488 935 1545 in
990 1487 1312 1547 observatt.
1358 1507 1419 1563 p.
1459 1491 1533 1547 19
1591 1489 1904 1549 abhorrere
1959 1487 2127 1547 verbi
2183 1482 2438 1560 ἐνήρατο
2492 1504 2625 1544 cum

294 1571 603 1631 vulnerata
645 1574 913 1649 corporis
960 1576 1128 1665 parte
1171 1574 1507 1633 iuncturam
1553 1574 1628 1632 ab
1672 1576 1841 1649 epica
1869 1573 2295 1632 consuetudine
2324 1572 2557 1646 probe
2542 1591 2628 1629 m-

293 1656 621 1716 tellexisset
662 1658 921 1733 indeque
974 1648 1220 1735 δούρατι
1276 1655 1523 1732 τύψας
1566 1659 1663 1719 vel
1721 1659 1913 1718 simile
1969 1658 2112 1733 quid
2171 1658 2312 1716 olim
2368 1656 2630 1715 adfuisse

292 1742 632 1816 suspicatus
676 1746 862 1820 esset,
908 1744 1107 1802 nescio
1152 1761 1228 1802 an
1260 1745 1641 1803 verisimilior
1683 1744 2011 1802 Hermanni
2058 1744 2139 1803 sit
2166 1744 2507 1803 coniectura
2536 1741 2632 1799 hic

292 1845 533 1902 quoque
576 1846 814 1888 versum
860 1828 1148 1888 excidisse
1192 1830 1513 1888 statuentis
1557 1830 1621 1888 in
1667 1848 1888 1887 recens,
1935 1828 1976 1886 1.
2007 1848 2065 1904 p.
2101 1828 2242 1890 259.

466 1912 540 1971 Ιιι
585 1913 909 1973 secundo
954 1913 1151 1973 libro
1180 1933 1238 1975 v.
1270 1915 1395 1975 230
1423 1915 1486 1973 in
1517 1914 1677 1989 Ald.,
1723 1931 1972 1990 quacum
2021 1913 2166 1971 facit
2196 1914 2443 1985 Monac.,
2490 1912 2632 1970 haec

306 1997 617 2073 leguntur.

550 2104 716 2175 εὖτε
760 2114 982 2215 γαίης
1025 2109 1425 2193 μελάθροισιν
1467 2111 1864 2213 υποχθονίοις
1911 2110 2206 2215 ἕπορούσῃ
2676 2125 2704 2171 ’1

551 2198 804 2278 λα’βρος,
848 2222 1013 2278 αφαρ
1060 2197 1125 2259 δέ
1172 2222 1229 2259 τε
1277 2200 1476 2260 πάντα
1523 2223 1673 2260 κατα
1716 2194 1936 2279 χθονὸς
1981 2176 2336 2298 ἆμφιχέηιαι

553 2282 616 2344 ἐκ
661 2282 1010 2363 θεμέθλων·
1056 2282 1214 2365 μάλα
1257 2281 1371 2367 γάρ
1417 2286 1492 2366 ῥα
1539 2282 1899 2363 περιτρομὲει
1947 2274 2105 2364 βαρυ
2146 2287 2305 2363 γαῖα.

296 2404 366 2464 Ιιι
412 2407 673 2464 extremo
704 2424 880 2464 versu
925 2403 1132 2481 βαθύ
1177 2411 1336 2469 recte
1382 2407 1647 2466 restituit
1690 2405 1968 2465 Bonitius
2016 2400 2288 2484 [Annall.
2320 2403 2511 2478 antiq.
2544 2402 2635 2460 ΙΙΙ

303 2486 524 2568 (1836)
581 2510 640 2567 p.
678 2486 898 2571 1229].
999 2491 1116 2551 Sed
1172 2494 1428 2569 primum
1481 2511 1723 2552 versum
1789 2489 2013 2567 triplici
2079 2488 2292 2547 mendo
2357 2487 2635 2546 affectum

297 2594 470 2635 nemo
510 2577 651 2634 dum
698 2577 948 2636 sanavit.
1039 2578 1195 2637 Nam
1240 2581 1304 2637 et
1345 2581 1599 2638 metrum
1645 2576 2085 2654 pessumdatur,
2143 2573 2300 2650 quod
2346 2575 2447 2649 qui
2494 2575 2636 2633 scri-

298 2661 491 2720 bendo
547 2649 691 2720 εὖτ’
752 2658 927 2737 αἴης
984 2662 1418 2722 restituendum
1485 2665 1720 2722 censeat
1771 2662 2069 2720 neminem
2131 2661 2283 2719 latet
2336 2659 2636 2735 quomodo

299 2746 649 2805 refutandus
707 2747 815 2821 sit,
882 2751 944 2806 et
997 2748 1327 2807 subiectum
1384 2749 1778 2822 desideratur,
1847 2750 1911 2804 et
1951 2737 2344 2820 μελάθροισιν
2388 2744 2639 2802 offendit

301 2849 434 2890 cum
479 2834 724 2906 propter
766 2831 1166 2907 significatum
1213 2838 1339 2891 tum
1384 2837 1631 2910 propter
1659 2833 2015 2892 insolentem
2044 2829 2335 2891 secundae
2369 2829 2636 2904 syllabae

300 2917 737 2991 correptionem
782 2913 926 2992 (qua
972 2917 1045 2976 de
1093 2936 1157 2976 re
1203 2919 1438 2977 monuit
1467 2918 1857 2994 Spitznerus'
1842 2936 1905 2975 111
1936 2916 2092 2976 obss.
2123 2935 2182 2992 p.
2217 2911 2348 2991 62).
2405 2913 2641 2972 Rhodo-

179 3050 199 3065 .
301 3019 556 3060 mannus
600 3001 674 3059 ad
729 3020 969 3060 sensum
1026 3002 1172 3062 bene
1218 2992 1367 3061 εὖτ’
1433 2999 1707 3077 ανεμος
1750 2995 2153 3079 βαθροισιν
2195 3001 2473 3074 coniecit,
2535 2998 2639 3057 sed

301 3104 508 3145 verum
551 3086 623 3145 ab
670 3104 738 3145 eo
783 3086 1096 3145 inventum
1142 3107 1269 3147 esse
1301 3089 1400 3150 vix
1444 3088 1755 3192 probabile
1798 3091 1914 3161 est,
1962 3103 2319 3160 quamquam
2350 3105 2420 3144 ea
2450 3083 2641 3160 Spitz-

301 3171 430 3230 neri
476 3172 770 3230 sententia
818 3171 931 3229 fuit
974 3172 1015 3229 1.
1064 3192 1116 3232 c.
1166 3171 1334 3241 Quod
1385 3175 1543 3232 enim
1589 3171 1763 3249 γαίης
1805 3173 2101 3249 glossema
2154 3188 2282 3229 esse
2325 3169 2643 3246 perhibent

302 3256 377 3314 ad
422 3244 810 3332 ὑποχθονίοις
848 3256 1258 3354 adscriptum
1245 3279 1360 3317 iam
1390 3262 1635 3334 propter
1663 3259 1956 3334 poeticam
1987 3257 2238 3314 formam
2270 3253 2639 3331 incredibile.

304 3341 477 3399 Illam
526 3342 922 3400 coniecturam
971 3343 1072 3417 qui
1119 3343 1321 3419 inepte
1351 3344 1720 3419 vituperavit
1757 3341 2035 3401 Pauwius
2077 3373 2159 3382 ——
2206 3342 2400 3398 terrae
2441 3342 2640 3397 motus

309 3425 468 3484 enim
515 3425 918 3485 subterraneis
964 3429 1160 3486 ventis
1207 3447 1339 3488 cum
1383 3427 1518 3487 aliis
1561 3432 1633 3486 nt
1672 3427 1828 3486 Plin.
1863 3426 1940 3484 N.
1972 3426 2049 3484 H.
2082 3425 2141 3483 II
2188 3421 2227 3500 ἓ
2257 3426 2397 3483 192.
2443 3423 2640 3481 Νοιιιι.

307 3511 487 3568 Dion.
535 3510 692 3585 XXI,
742 3512 1034 3572 90—104
1079 3507 1179 3592 (cf.
1212 3512 1418 3572 Lehrs.
1465 3515 1724 3588 quaestt.
1773 3530 1903 3587 epp.
1946 3530 2002 3585 p
2039 3507 2189 3586 301)
2237 3511 2416 3568 etiam
2465 3508 2644 3579 Quin·

306 3598 406 3653 tus
451 3599 514 3654 et
555 3595 653 3654 hic
697 3600 759 3654 et
803 3595 1209 3671 111,63—65
1254 3597 1545 3657 adscribit
1587 3629 1669 3639 —
1714 3597 1906 3654 multo
1951 3595 2122 3670 peius
2169 3582 2316 3652 εὖτ’
2364 3582 2504 3668 αήρ
2546 3611 2644 3667 με·

311 3675 637 3778 λαθροισιν
668 3673 1076 3780 ὖπρχθόνιος
1119 3683 1456 3758 proposuit,
1502 3682 1660 3740 unde
1700 3680 2074 3756 Tychsenius
2120 3699 2284 3739 suam
2329 3680 2649 3739 lectionem

307 3765 504 3825 effecit
558 3748 692 3824 εὖτ
748 3759 1024 3843 α’νεμος
1076 3764 1470 3843 μελαθροισιν
1511 3758 1983 3842 ὖποχθόνιος
2038 3756 2366 3844 ἐπορούσῃ,
2420 3765 2482 3822 in
2529 3781 2646 3837 qua

312 3852 557 3910 ultimae
601 3851 764 3909 illius
809 3851 1086 3911 adiectivi
1133 3852 1399 3928 syllabae
1442 3852 1759 3927 ploductio
1800 3853 1959 3909 certe
1990 3868 2025 3906 a
2056 3849 2263 3919 Quinti
2293 3869 2401 3908 usu
2435 3847 2646 3906 abhor-

309 3939 417 3999 ret.
520 3935 779 3994 Omnino
838 3937 991 3996 nibil
1050 3938 1368 4012 excogitari
1424 3941 1657 4011 potest,
1729 3953 1846 4011 quo
1891 3951 2096 3993 versus
2154 3934 2469 3992 adiuvetur
2525 3950 2647 3990 ιιοιι

307 4023 537 4079 tantum
584 4024 902 4096 corruptus
946 4022 1048 4080 sed
1095 4027 1296 4097 aperte
1340 4040 1413 4080 ex
1457 4021 1692 4080 duobus
1722 4019 2028 4079 conflatus,
2104 4019 2305 4077 Facile
2350 4019 2510 4077 enim
2540 4036 2646 4076 sua

310 4105 665 4181 amplificare
720 4107 918 4181 potuit·
969 4107 1257 4181 Quintus,
1324 4111 1395 4165 ut
1449 4109 1697 4181 apparet
1748 4104 2114 4179 comparanti
2167 4103 2448 4163 Nonnum
2490 4103 2531 4160 l.
2575 4121 2644 4179 c.,

311 4191 412 4249 sed
445 4191 737 4267 quomodo
769 4189 830 4249 id
860 4191 1068 4251 fecerit
1097 4210 1231 4250 cum
1260 4191 1440 4267 plane
1470 4192 1551 4250 sit
1582 4190 1916 4263 obscurum,
1948 4206 2057 4247 nec
2085 4208 2230 4247 num
2254 4188 2444 4248 altero
2470 4206 2646 4249 versu

310 4276 524 4354 γαίης
566 4271 760 4352 μέν
727 4268 784 4352 ρ’
817 4270 862 4334 ὅ
879 4289 1218 4368 ντροισιν
1247 4270 1643 4352 ὑποχθονίοις
1673 4272 2101 4334 emendandum
2133 4275 2227 4348 sit,
2273 4292 2381 4332 nec
2410 4292 2554 4332 num
2585 4273 2646 4331 in

312 4362 504 4436 primo
548 4380 725 4422 versu
769 4353 1161 4439 μελαθροισιν
1202 4362 1465 4436 positum
1496 4361 1679 4420 fuerit
1706 4356 2175 4433 intellegendum
2208 4357 2356 4417 illud
2386 4358 2459 4417 de
2490 4356 2648 4416 aedi-

315 4447 423 4506 bus
468 4446 701 4506 inferno
745 4448 986 4507 turbine
1032 4448 1468 4521 conquassatis,
1516 4449 1586 4504 ut
1629 4445 1906 4506 similiter
1949 4442 2199 4502 Nonnus
2243 4446 2464 4504 v.100

2134 4543 2240 4594 23*
