3132 5129
421 3284 484 3331 22

512 523 940 605 δυσχόρτουςίί,
985 525 1202 599 inquit,
1251 525 1654 599 „interpretor
1685 524 2020 597 sterilcS,
2070 524 2304 581 omnis
2349 522 2843 581 amoenitatis

512 610 925 685 expertes.“
1013 610 1140 667 Hoc
1195 610 1242 667 si
1301 609 1429 667 fieri
1485 612 1716 683 posset,
1776 628 1850 667 ne
1904 608 2078 667 aedes
2125 607 2397 682 quidem,
2458 606 2561 666 sed
2605 609 2841 664 tantum

510 698 703 772 campi
748 697 834 754 ita
878 695 1231 768 dicerentur,
1277 713 1484 753 verum
1530 712 1639 753 nec
1682 693 1808 753 fieri
1853 695 2076 768 potest:
2123 688 2473 769 ὃύσχορτος,
2521 692 2568 749 si
2613 710 2683 750 ex
2730 711 2839 750 usu

511 781 837 856 Euripiden
882 780 1228 855 explicatur,
1276 798 1391 854 quo
1438 773 1645 855 χόρτος
1692 797 1979 853 equorum
2023 777 2371 853 pabulum
2418 777 2666 835 denotat
2709 776 2838 834 Alc.

513 866 634 924 495
695 869 756 924 et
799 865 973 923 Rhes.
1023 866 1139 922 771
1206 867 1266 922 et
1322 864 1381 921 in
1429 862 1596 938 Cycl.
1644 864 1765 923 507
1811 883 1847 921 a
1890 862 2258 938 Polyphemo
2316 862 2540 921 comica
2593 862 2844 919 transla-

513 953 673 1009 tione
719 983 798 992 —
844 944 1040 1026 χόρτος
1085 945 1328 1046 εὔφρων
1374 980 1455 991 --
1486 948 1560 1005 ad
1607 968 1782 1007 suum
1828 948 2024 1007 cibum
2070 946 2445 1021 transfertur,
2493 947 2643 1005 nihil
2684 946 2846 1004 aliud

513 1035 842 1111 significare
897 1036 1097 1110 potest
1151 1035 1297 1092 nisi:
1367 1033 1631 1108 pabuli
1689 1033 1944 1107 inopia
1999 1036 2103 1089 aut
2152 1032 2341 1089 mala
2395 1031 2846 1089 condicione

512 1120 901 1195 laborans,
970 1120 1060 1178 sin
1115 1118 1430 1176 Homerico
1497 1118 1764 1192 exemplo
1821 1120 1883 1173 A
1932 1117 2053 1175 774
2119 1119 2182 1174 et
2238 1115 2301 1171 Ω.
2350 1119 2473 1174 640
2537 1109 2727 1189 αὐλῆς
2784 1111 2847 1171 ἐν

511 1202 697 1284 χόρτῳ
757 1206 850 1263 vel
904 1200 1190 1280 χόρτοισι,
1248 1202 1408 1277 quod
1461 1206 1696 1261 secutus
1741 1201 2058 1276 Euripides
2116 1219 2294 1275 supra
2352 1220 2405 1258 v.
2444 1202 2563 1258 134
2623 1194 2847 1297 χόρτων

514 1284 850 1366 ευδένδρων
894 1290 966 1348 (10
1010 1288 1268 1347 arbustis
1314 1287 1462 1346 dixit
1506 1290 1673 1362 septo
1706 1287 1932 1361 cinctis,
1981 1286 2369 1361 intellegitur,
2415 1285 2635 1344 aedes
2666 1286 2847 1361 signi·

512 1375 649 1433 fleat
692 1375 881 1433 malo
929 1376 1145 1449 septo
1191 1374 1313 1432 sive
1359 1372 1657 1431 stabulo
1703 1372 2150 1429 instructas.
2235 1370 2373 1429 Sive
2420 1370 2528 1428 hac
2573 1372 2698 1429 sive
2743 1371 2848 1428 illa

513 1461 746 1518 ratione
803 1452 1296 1533 interpretamur,
1359 1476 1566 1517 vaccae
1624 1460 1751 1515 tum
1807 1475 1927 1515 non
1984 1455 2234 1530 virginis
2282 1456 2520 1513 nomine
2566 1459 2627 1513 et
2670 1474 2846 1514 sensu

515 1545 801 1619 conqueri
860 1543 1224 1603 sacerdotem
1282 1543 1499 1600 rustice
1555 1542 1660 1601 sed
1715 1541 1872 1599 haud
1928 1541 2142 1600 iniuria
2200 1541 2434 1597 monuit
2478 1540 2847 1615 Hartungus.

515 1630 646 1704 Ipse
699 1629 857 1703 quod
915 1628 1156 1702 scripsit
1210 1624 1717 1705 δυσχαρίτους,
1776 1629 1836 1684 et
1892 1646 1925 1683 a
1981 1626 2172 1683 forma
2226 1624 2453 1699 aliquid
2510 1626 2852 1684 offensionis

514 1715 693 1771 habet
735 1732 843 1771 nec
891 1713 1046 1787 quod
1094 1714 1450 1770 sententiam
1495 1711 1715 1769 attinet
1761 1711 2136 1769 dubitatione
2168 1713 2344 1770 caret.
2407 1709 2660 1785 Propius
2690 1728 2852 1768 acce-

517 1798 681 1856 deret
735 1798 1107 1872 probumque
1165 1815 1402 1854 sensum
1456 1795 1770 1871 praeberet
1826 1790 2268 1872 ὁυσχοὶρτους,
2326 1812 2686 1869 quamquam
2742 1813 2853 1852 1100

517 1882 625 1939 1100
682 1882 827 1939 alibi
888 1882 1207 1940 invenitur.
1294 1880 1386 1939 Ne
1431 1882 1649 1939 multa:
1707 1880 2023 1954 Euripides
2085 1879 2179 1937 hic
2222 1897 2457 1953 quoque
2503 1883 2851 1938 consuetum

518 1960 904 2044 συγχόρτους
950 1967 1213 2040 scripsit,
1263 1966 1421 2041 quod
1468 1964 1802 2041 Aeschylus
1849 1964 2057 2039 Suppl.
2108 1966 2142 2022 6
2189 1959 2387 2038 χθόνα
2432 1955 2853 2059 σύγχορτον

519 2050 713 2132 Συρία
770 2051 1004 2125 dativo,
1062 2050 1376 2125 Euripides
1437 2050 1614 2109 Herc.
1676 2050 1790 2107 fur.
1853 2051 1970 2107 371
2034 2040 2437 2125 σύγχορτοί
2491 2043 2561 2104 θ’
2614 2037 2856 2125 Ομόλας

517 2132 752 2194 εναυλοι
797 2140 857 2194 et
902 2096 1189 2197 An’drom.
1240 2138 1311 2193 16
1338 2154 1426 2210 sq.
1479 2132 1684 2203 Φθίας
1730 2128 1795 2191 δὲ
1839 2131 2014 2209 τῆσδε
2059 2129 2157 2189 καὶ
2205 2126 2426 2202 πόλεως
2472 2131 2845 2212 Φαρσαλίας1

519 2219 892 2299 σύγχορτα
938 2218 1113 2279 πεδία
1157 2218 1308 2277 ναίω
1353 2220 1632 2296 genetivo
1678 2220 1892 2276 iunxit.

689 2307 930 2366 Frustra
953 2306 1205 2381 denique
1232 2305 1550 2363 defendere
1575 2309 1631 2362 et
1657 2304 1948 2379 explicare
1970 2303 2326 2361 studuerunt
2346 2304 2488 2362 haec
2505 2323 2560 2363 v.
2580 2303 2701 2360 225
2719 2322 2847 2377 sqq.

1092 2419 1485 2501 αἱμόρραντον
1531 2416 1943 2505 δυσφόρμιγγα

1089 2507 1298 2581 ξείνων
1341 2501 1693 2586 αἱμάσσουσ’
1742 2504 1895 2564 ὅταν
1930 2495 2204 2583 βωμούς,

519 2632 621 2689 ubi
665 2630 892 2705 aliquid
936 2634 1242 2704 peccatum
1288 2648 1413 2687 esse
1459 2630 1577 2686 iam
1620 2630 1876 2686 metrum
1922 2626 2183 2686 ostendit
2224 2644 2342 2683 una
2385 2625 2689 2684 duabusve
2726 2627 2846 2701 syl·

518 2716 668 2773 labis
715 2717 1043 2772 oneratum.
1105 2715 1231 2783 Quo
1277 2715 1473 2772 minus
1520 2715 1678 2772 enim
1722 2731 1854 2771 cum
1886 2711 2084 2783 libris,
2132 2729 2280 2785 quos
2312 2711 2688 2774 Hermannus
2720 2711 2848 2767 alii-

519 2819 634 2874 que
666 2800 851 2857 secuti
883 2791 1325 2874 311111,βωμούς
1355 2798 1429 2856 ad
1461 2797 1772 2872 sequentia
1801 2797 2121 2870 trahamuS,
2169 2797 2350 2853 trium
2382 2797 2485 2870 qui
2518 2797 2851 2869 sequuntur

518 2904 793 2943 versuum
838 2883 1112 2941 absoluta
1157 2902 1289 2942 cum
1333 2885 1524 2941 metro
1571 2882 1865 2942 sententia

1096 2979 1336 3061 οἰκτράν
1381 2977 1439 3040 τ’
1488 2974 1813 3053 αἰαζόντων
1858 2975 2087 3056 αὐδαν,

1096 3065 1333 3146 οἰκτρόν
1380 3062 1431 3125 τ’
1482 3062 1888 3144 ἐκβαλλόντων
1933 3059 2222 3141 δακρυον·

1093 3151 1194 3211 καὶ
1237 3152 1353 3212 νῦν
1395 3151 1613 3229 κείνων
1654 3148 1764 3229 μέν
1807 3171 1905 3227 μοι
1948 3148 2143 3226 λάθα,

522 3279 645 3333 tam
691 3277 891 3349 aperte
937 3274 1174 3348 clamat,
1222 3277 1291 3330 ut
1321 3274 1392 3331 de
1422 3273 1632 3331 horum
1664 3271 1905 3346 quidem
1942 3270 2230 3329 mutanda
2261 3269 2642 3329 distinetione
2674 3269 2849 3328 hodie

524 3361 820 3419 neminem
865 3358 1122 3432 amplius
1168 3358 1569 3434 cogitaturum
1599 3357 1877 3415 arbitrer.
1936 3355 2061 3414 Nec
2090 3356 2380 3413 minorem
2413 3355 2847 3413 dubitationem

526 3446 630 3503 illa
672 3444 840 3504 verbi
883 3439 1198 3519 αἱμάσσειν
1242 3463 1374 3502 011111
1422 3442 1645 3516 duplici
1689 3442 2023 3500 accusativo
2069 3438 2276 3510 ξείνων
2316 3460 2469 3496 αταν
2513 3444 2571 3498 et
2615 3433 2852 3515 βωμούς

525 3529 864 3588 coniunctio
929 3529 1101 3604 facit,
1168 3528 1240 3586 ad
1302 3547 1480 3602 quam
1532 3526 1883 3600 firmandam
1939 3544 2088 3600 quae
2143 3525 2327 3584 allata
2379 3528 2521 3583 sunt
2581 3525 2851 3599 exempla

523 3618 887 3690 quantopere
944 3613 1245 3686 differant,
1304 3631 1423 3671 non
1469 3612 1651 3670 latuit
1697 3611 2031 3669 Seidlerum
2076 3616 2204 3669 cate
2248 3611 2388 3669 haec
2432 3609 2845 3668 adnotantem:

524 3701 750 3774 ,nostri
819 3700 929 3757 loci
998 3697 1410 3756 difficultatem
1479 3699 1661 3788 auget
1726 3697 1921 3754 minus
1985 3697 2242 3755 usitatus
2308 3695 2625 3752 verborum
2684 3695 2848 3752 ordo.

521 3745 877 3843 ’praeoedere
933 3784 1090 3842 enim
1147 3782 1399 3840 debebat
1451 3773 1722 3856 βωμούς,
1777 3781 2059 3876 postponi
2114 3772 2283 3837 α’ταν.
2290 3779 2330 3812 “
2418 3778 2657 3837 Scilicet
2714 3797 2848 3836 011111

523 3871 644 3928 suis
688 3869 999 3944 epithetis!
1062 3866 1263 3925 Unum
1308 3866 1643 3926 adscribere
1688 3866 1910 3926 sufficit
1951 3865 2014 3924 in
2058 3885 2122 3924 re
2151 3867 2359 3939 aperta
2387 3865 2583 3922 10011111
2617 3863 2848 3922 similli-

523 3975 686 4011 mum
731 3973 800 4012 ex
845 3952 1056 4012 Oreste
1102 3973 1156 4012 v.
1191 3954 1314 4014 960
1336 3972 1462 4027 sqq.

1013 4049 1381 4130 κατάρχομαι
1426 4047 1781 4129 στεναγμόν,
1828 4040 1878 4110 ὦ
1925 4048 2263 4127 Πελασγία,

1011 4143 1247 4199 τιθεῖσα
1293 4134 1501 4197 λευκὸν
1544 4133 1736 4214 ὄνυχα
1784 4132 1880 4196 διὰ
1922 4135 2264 4214 παρηίδων,

1097 4220 1508 4301 αἱματηρὸν
1551 4217 1755 4280 ὅταν.

525 4343 738 4417 Itaque
784 4362 888 4401 suo
918 4344 1183 4419 profecto
1217 4343 1342 4401 iure
1372 4344 1724 4417 Hartungus
1754 4338 1993 4418 βωμούς
2025 4340 2246 4398 delevit
2275 4339 2501 4397 scilicet
2530 4357 2565 4396 a
2593 4339 2846 4414 quodam

528 4427 946 4502 interpolatore
992 4429 1343 4502 profectum,
1390 4429 1492 4501 qui
1544 4427 1846 4485 insolitum
1872 4426 2019 4483 illud
2052 4424 2152 4483 sed
2184 4424 2315 4482 aliis
2348 4425 2508 4482 locus
2539 4427 2609 4480 ut
2629 4424 2848 4481 Phoen.

791 4749 954 4860 “x
