3132 5129
1383 355 1840 418 —316—

616 506 691 566 V.
741 510 884 569 308.

755 607 989 670 Αὐτίκα
1036 606 1092 669 δ’
1141 604 1406 692 ἀγκύλον
1449 608 1618 692 ἕρκος
1664 609 2096 692 ἐνιπλήξασα
2140 612 2450 692 λαφύσσει.

449 741 655 801 Verba
698 725 962 810 ἀγκύλον
1005 727 1170 810 ἕρκος
1215 732 1369 791 male
1413 733 1709 793 intellexit
1750 734 2176 797 Rittershusius
2225 738 2297 796 de
2346 741 2503 798 testa
2554 739 2779 816 polypi.

452 822 930 902 Intellegendum
974 838 1103 879 esse
1147 814 1314 891 ἕρκος
1361 810 1655 892 ὀδόντων,
1700 823 1760 878 et
1804 839 1873 878 ex
1918 821 2106 881 totius
2151 822 2265 881 loci
2311 823 2780 883 conformatione

448 920 513 977 ‘³‘
558 933 626 972 ⁰¹
671 910 719 984 1²
768 908 888 966 5⁰5
935 899 1039 961 καὶ
1083 898 1292 961 ἔνδοθι
1336 894 1633 979 ndpxoepov
1676 898 1843 979 ἓἐ’κος
1889 910 2155 981 apparet.
2228 906 2379 965 Tum
2425 899 2782 983 ἐνιπλήξασα

451 1013 811 1079 quamquam
842 988 1079 1049 defendi
1123 989 1351 1064 poterit
1394 988 1466 1048 de
1511 987 1788 1047 dentibus
1834 1007 1966 1049 cum
2008 993 2067 1049 ‘bi
2108 993 2333 1051 iniectis
2376 1011 2447 1051 ΒΧ
2490 993 2583 1068 iis,
2631 1012 2781 1069 quae

449 1081 655 1145 monui
697 1080 762 1138 in
807 1073 1129 1135 emendatt.
1171 1073 1247 1132 ad
1293 1071 1584 1142 Quintum
1627 1072 1703 1131 ad
1733 1073 1835 1149 IX,
1885 1075 2036 1151 259,
2084 1079 2282 1136 tamen
2325 1082 2387 1136 et
2428 1078 2782 1138 insolentior

451 1175 543 1230 est
596 1163 814 1225 locutio
869 1164 932 1219 et
986 1159 1104 1218 alio
1161 1158 1371 1217 ducere
1427 1157 1708 1218 videntur
1761 1158 2159 1235 discrepantes
2203 1161 2375 1221 codd.
2432 1162 2778 1239 scripturae.

448 1255 604 1313 Nam
648 1252 709 1309 iu
754 1246 883 1305 Pal.
934 1249 998 1319 1,
1055 1242 1241 1302 Paris,
1294 1245 1322 1300 1
1373 1245 1433 1301 et
1476 1242 1665 1318 Mosq.
1723 1238 2117 1321 ἐνιπλήσασα,
2172 1247 2237 1304 in
2279 1246 2405 1305 Pal.
2455 1248 2491 1304 2
2539 1242 2781 1323 ἐπιπλή-

449 1352 639 1412 σασα,
683 1335 747 1393 in
791 1332 948 1390 Iunt.
982 1328 1121 1387 Ald.
1170 1327 1454 1404 Sylburg.
1500 1317 1860 1405 ἕνιπρήσασα
1904 1329 2142 1406 legitur.
2217 1331 2388 1390 Unde
2432 1336 2777 1392 consuetum

451 1418 838 1497 ἕνιπρίσασα
894 1412 1329 1472 restituendum
1397 1412 1686 1487 arbitror,
1753 1413 1913 1488 quod
1978 1416 2310 1490 explicatur
2362 1417 2546 1477 schol.
2608 1419 2778 1495 Sylb.

448 1504 800 1583 ἐμβαλοῦσα·
891 1499 982 1558 Cf·
1026 1498 1147 1572 111²
1198 1498 1317 1557 608
1374 1491 1627 1573 ‘mystas’
1678 1493 2027 1574 ἐνΠῑῐθίουσι.
2117 1498 2287 1569 Quod
2344 1503 2662 1562 scholiasta
2718 1503 2781 1561 in

449 1594 581 1653 Pal.
635 1593 665 1647 1
713 1584 1096 1662 participium
1161 1600 1269 1656 per
1330 1574 1616 1654 ἀνοίξασα
1683 1582 2111 1660 interpretatus
2176 1589 2297 1663 est,
2364 1586 2617 1647 fortasse
2680 1587 2780 1646 1110

444 1672 899 1742 ἀναπτύξασα
945 1666 1174 1726 habuit.
1273 1668 1278 1673 ’

732 1852 854 1926 ‘⁸529
896 1851 1014 1933 ἄρα
1057 1850 1158 1912 καὶ
1199 1849 1502 1930 μύραιναν
1546 1847 1678 1913 ἕλεν
1721 1848 1939 1930 χόλος
1983 1849 2328 1938 ἀφραδίῃσι.

443 1983 581 2042 Non
625 1982 871 2045 iratam,
932 1974 1034 2034 sed
1080 1976 1324 2033 occisam
1365 1991 1495 2033 esse
1539 1993 1885 2032 muraenam
1928 1975 2116 2050 ipsius
2160 1977 2450 2053 stultitia,
2496 1980 2626 2037 toto
2669 1978 2779 2038 hoc

443 2070 573 2127 loco
617 2062 951 2140 exponit-ur.
1024 2057 1234 2134 Itaque
1281 2059 1539 2116 alienum
1584 2058 1644 2116 h.
1677 2059 1717 2117 1.
1764 2059 2118 2119 vocabulum
2165 2054 2347 2137 χόλος.
2426 2063 2628 2122 Sensit
2668 2063 2780 2123 hoc

343 2162 410 2210 24
451 2154 571 2212 iam
624 2151 688 2209 in
747 2146 1006 2206 editione
1063 2144 1249 2219 priori
1302 2142 1716 2213 Sclmeidms,
1784 2145 1886 2219 qui
1941 2142 2123 2221 μόρος
2178 2146 2573 2207 desiderabat.
2662 2147 2779 2208 Sed

453 2255 650 2298 veram
683 2233 782 2292 ille
812 2247 1018 2291 vocem
1048 2247 1169 2288 non
1198 2228 1438 2288 videtur
1477 2247 1604 2287 esse
1635 2233 1959 2289 assecutus.
2029 2230 2336 2306 Oppianus
2377 2234 2535 2292 enim
2578 2234 2778 2308 potius

444 2318 573 2382 ἕλεν
627 2314 833 2386 τέλος
891 2313 1195 2390 scripsisse
1252 2313 1504 2372 videtur.
1606 2312 1697 2372 cf.
1756 2332 1933 2390 supra
1975 2335 2032 2375 v.
2064 2317 2186 2374 217
2246 2317 2454 2392 κλῦτε,
2514 2351 2590 2359 --
2650 2308 2781 2376 οἷον

446 2403 608 2476 τέλος
653 2397 981 2481 ἀφραδίῃσι
1020 2397 1029 2477 Ι
1072 2390 1444 2475 λαιμάργοις,
1491 2403 1552 2457 et
1593 2397 1712 2473 III,
1766 2400 1882 2457 115
1927 2395 2206 2474 κεστρεὺς
2252 2394 2396 2478 ἐδάη
2441 2397 2613 2473 τέλος.

613 2488 688 2547 V.
737 2489 855 2546 391
883 2504 970 2561 sq.

749 2621 831 2631 -—
919 2620 1001 2629 —
1087 2579 1272 2660 ἡνίκα
1315 2577 1428 2663 γάρ
1470 2606 1577 2660 μιν
1620 2578 1743 2644 ὖπό
1788 2579 2133 2645 σπιλάδεσσι
2177 2583 2360 2671 νοήσῃ

749 2667 946 2742 αὕτως
991 2663 1347 2749 ἀτρεμὲοντα
1390 2668 1513 2730 καὶ
1552 2664 1799 2746 ἥμενον.

444 2794 780 2871 Displicent
819 2791 977 2867 apud
1009 2790 1352 2865 Oppianum
1384 2789 1528 2849 haec
1573 2790 1689 2849 duo
1735 2792 2045 2868 participia
2086 2811 2195 2868 per
2236 2795 2510 2869 copulam
2556 2795 2776 2858 iuncta.

445 2882 688 2941 Poetam
734 2876 966 2936 dedisse
1021 2879 1200 2951 puto:
1258 2869 1689 2952 καθήμενον,
1749 2876 1788 2935 i.
1835 2897 1888 2936 e.
1937 2877 2079 2953 „ubi
2137 2896 2272 2937 eum
2317 2878 2551 2938 viderit·
2579 2898 2780 2938 secure

444 2961 809 3026 sedentem.“

617 3045 692 3105 V.
724 3047 844 3105 401
872 3066 964 3122 sq.

747 3178 830 3189 —-
922 3180 998 3188 —
1087 3177 1170 3188 —
1256 3141 1447 3222 αὐτὰρ
1492 3137 1584 3228 ὅγ’
1636 3143 1769 3205 οὔτι
1813 3148 1950 3227 βίης
1994 3148 2277 3225 μεθίησιν
2318 3143 2569 3226 ἄεθλον,

746 3227 908 3310 ὄφρα
955 3228 983 3289 ἕ
1025 3234 1336 3308 τεθνηῶτα
1381 3234 1520 3315 λίπῃ
1564 3223 1734 3310 ψυχή
1777 3255 1836 3293 τε
1882 3232 1982 3293 καὶ
2024 3226 2199 3309 ἀλκή.

445 3356 541 3414 Ita
586 3354 635 3413 si
694 3351 944 3429 legitur,
1001 3370 1205 3411 sensus
1262 3353 1357 3412 hic
1414 3352 1592 3411 debet
1638 3372 1794 3412 esse:
1849 3356 1984 3422 „ille
2024 3348 2338 3434 (polypus)
2384 3373 2503 3412 non
2547 3353 2778 3414 roboris

446 3444 749 3500 certamen
792 3437 1063 3511 remittit,
1111 3436 1298 3496 donec
1340 3441 1535 3512 ipsum
1577 3442 1878 3497 mortuum
1924 3440 2050 3498 vita
2091 3438 2459 3514 reliquerit.“
2530 3439 2615 3497 At
2658 3457 2779 3497 non

446 3526 610 3602 prius
644 3542 678 3580 a
724 3521 1171 3596 comprimendo
1202 3524 1410 3582 carabo
1442 3522 1681 3582 desistit
1726 3523 2009 3600 polypus,
2057 3523 2245 3583 donec
2288 3523 2388 3582 ille
2419 3523 2499 3583 sit
2529 3524 2772 3585 occisuS.

443 3610 669 3749 Itaque
700 3607 1006 3752 efffgdes:
1052 3601 1211 3685 ὄφρα
1256 3627 1333 3666 κε
1377 3610 1691 3682 τεθνηῶτα
1735 3612 1846 3668 etc.

677 3740 689 3752 .
883 3711 972 3768 sq.

751 3792 833 3852 Οἳ
879 3788 935 3848 δ’
982 3788 1106 3869 ἅμα
1148 3789 1257 3870 μὲν
1299 3787 1545 3896 καμάτῳ
1589 3814 1651 3853 τε
1694 3790 1795 3851 καὶ
1840 3786 2148 3873 ἀκρήτοισι
2200 3794 2447 3878 βολῇσιν

745 3873 916 3956 ἠέρος
961 3872 1313 3955 ῖδρώουσιν,
1358 3874 1671 3953 ανιάζουσί
1710 3901 1769 3940 τε
1813 3883 1981 3957 μυῖαι

746 3958 1077 4042 ἐκπάγλως·
1124 3963 1191 4022 αἳ
1235 3960 1294 4022 δ’
1344 3959 1525 4024 οὐδὲν
1568 3957 1877 4042 ἀναιδείης
1920 3957 2193 4044 χαλόωσι.

445 4087 817 4160 Quamquam
850 4105 959 4161 per
989 4105 1050 4144 se
1095 4085 1242 4144 nihil
1288 4085 1564 4161 impedit,
1612 4086 1932 4161 quominus
1975 4078 2199 4157 ἀνιάζω
2229 4086 2422 4146 activa
2452 4086 2512 4145 vi
2541 4086 2772 4144 dicatur

395 4233 405 4246 ‚
449 4168 545 4248 (ut
567 4187 754 4243 supra
785 4187 841 4227 v.
871 4170 1039 4247 374),
1084 4170 1180 4229 hic
1224 4174 1425 4229 tamen
1470 4174 1532 4230 et
1560 4172 1844 4231 orationis
1874 4170 2243 4231 concinnitas
2275 4172 2339 4229 in
2370 4170 2769 4229 membrorum

443 4252 821 4328 oppositione
845 4256 1175 4331 conspicua,
1201 4256 1263 4314 et
1283 4255 1468 4314 verba
1491 4275 1642 4330 quae
1661 4260 2022 4332 sequuntur:
2054 4255 2131 4314 αἳ
2155 4249 2212 4311 δ’
2240 4249 2419 4314 οὐδὲν
2438 4258 2547 4313 etc.
2568 4258 2771 4330 postu-

443 4338 565 4397 lare
594 4337 902 4416 videntur,
934 4344 1003 4398 ut
1031 4340 1325 4399 scribatur
1354 4332 1660 4408 ἀνιάζουσί
1676 4351 1745 4397 ’τε
1775 4338 2049 4416 μυίαις.
2107 4341 2600 4399 Emendationem
2633 4358 2769 4398 con-

443 4423 646 4481 firmat
675 4422 852 4482 etiam
875 4423 1042 4484 varia
1062 4424 1201 4483 Par.
1235 4429 1263 4483 1
1292 4425 1497 4484 lectio:
1530 4422 1665 4499 μυί
1670 4446 1707 4481 α
1720 4447 1769 4497 ς.
1817 4425 1905 4486 Cf.
1931 4427 2042 4503 111,
2073 4429 2194 4485 150
2213 4427 2410 4506 πληγῇ
2431 4415 2770 4495 ἀνιάζουσα.

503 4753 674 4866 Ἣ,
