3132 5129
1328 320 1702 381 ..6.-

528 476 600 535 V.
636 477 733 533 73.
780 475 919 533 Vid.
954 476 986 546 ζ
1017 478 1135 536 126
1181 469 1314 533 ἀλλ’
1363 466 1461 554 ἄγ’
1513 472 1666 554 ἐγών
1710 470 1889 547 αὐτὸς
1935 469 2308 553 πειρήσομαι,
2354 479 2416 535 et
2458 476 2692 551 saepius

354 564 509 623 idem
557 561 804 621 verbum
836 562 1041 620 eodem
1073 563 1133 620 in
1164 563 1314 638 pede
1344 562 1588 638 legitur.
1668 561 1818 620 Tum
1851 562 2179 621 clausulam
2223 555 2266 637 ἢ
2307 556 2485 637 θέμις
2530 557 2696 619 ἐστίν

354 650 604 725 petitam
647 664 719 704 ex
770 646 839 701 Ψ
876 646 1019 703 581.
1066 647 1130 703 Ω
1176 648 1315 705 652.
1363 668 1398 723 γ
1442 648 1544 705 45.
1591 649 1623 703 λ
1664 647 1783 704 451
1832 647 1927 705 hic
1983 648 2222 722 quidem
2270 664 2447 705 sensu
2491 665 2693 705 carere

355 736 473 792 iam
518 732 929 790 Lachmannus
977 730 1145 802 dixit,
1194 731 1287 789 cui
1331 732 1608 807 imperite
1660 732 1976 791 oblocutus
2023 734 2116 790 est
2163 730 2509 789 Hoffmann.
2555 732 2596 788 l.
2642 750 2691 789 c.

358 839 417 893 p.
451 819 596 889 200,
639 833 756 873 non
806 815 881 872 ad
922 812 1278 892 πειρήσομαι
1322 817 1425 874 sed
1471 818 1545 874 ad
1591 822 1793 892 πρῶτα
1838 810 1900 873 δ’
1964 811 2118 893 ἐγών
2160 816 2320 873 illam
2370 816 2691 874 formulam

355 899 727 960 referenda-m
757 918 900 971 esse,
932 919 1049 975 qua
1075 901 1220 976 quid
1265 920 1493 960 summo
1539 902 1883 977 imperatori
1931 901 2265 959 faciendum
2313 904 2486 971 esset,
2533 900 2690 959 indi-

358 990 607 1045 caretur.
669 984 893 1043 Verum
937 1004 1007 1043 ex
1052 987 1349 1044 constanti
1390 1005 1519 1059 usu,
1569 1005 1744 1061 quem
1785 1005 1856 1044 ex
1898 985 2018 1045 illis
2060 986 2206 1045 locis
2238 1003 2577 1062 cognoscas,
2624 1005 2696 1043 ea

360 1072 613 1131 formula
665 1070 736 1127 ad
796 1073 990 1128 totum
1035 1071 1366 1129 membrum
1422 1072 1686 1142 pertinet
1729 1071 1931 1146 itaque
1974 1070 2033 1128 h.
2079 1072 2120 1131 l.
2166 1071 2254 1129 fas
2300 1088 2428 1129 esse
2473 1070 2692 1140 innuit,

357 1161 426 1215 ut
486 1157 895 1232 Agamemnon
957 1174 1191 1230 semper
1248 1157 1569 1214 exercitum
1628 1157 1888 1231 primum
1947 1156 2145 1215 verbis
2203 1158 2413 1224 tentet,
2490 1160 2692 1212 ulrum

358 1260 623 1318 pugnare
652 1240 800 1297 velit
828 1241 1043 1299 necne!
1092 1237 1576 1299 Obscuraverunt
1605 1240 2022 1299 difficultatem
2052 1240 2416 1299 Baeumlein.
2449 1261 2506 1316 p.
2541 1241 2691 1299 331:

361 1327 725 1399 „Uebriycns
764 1326 945 1396 findet
1001 1343 1059 1383 es
1099 1323 1506 1400 Ayamemnon
1558 1328 1640 1383 in
1693 1327 1816 1385 der
1863 1324 2214 1400 ordnung]
2267 1325 2415 1384 und
2468 1326 2694 1393 recht,

362 1411 497 1481 dass
541 1412 642 1468 der
687 1402 1091 1480 Oberfeldlzerr
1127 1413 1285 1468 scine
1338 1410 1775 1485 Umeryebenen
1820 1410 1939 1481 auf
1972 1412 2064 1469 die
2106 1411 2297 1469 Probe
2346 1410 2571 1478 stelle,·“
2633 1413 2695 1467 et

360 1493 786 1570 Naegelsbach.
820 1513 878 1567 p.
906 1495 1054 1551 143:
1091 1493 1399 1569 ῃ(Αραυι.)
1428 1496 1644 1569 siff-ioht
1673 1496 1781 1554 das
1811 1494 2108 1553 Vorhaben
2137 1514 2267 1569 aua,
2298 1496 2410 1553 den
2439 1494 2695 1568 Kamps-

360 1581 523 1638 muth
580 1580 677 1636 des
727 1578 970 1646 Heeres’,
1028 1598 1171 1638 was
1226 1583 1342 1637 ein
1397 1581 1622 1639 Recht
1678 1581 1799 1639 des
1842 1581 2254 1639 Feldherrn
2308 1598 2459 1654 Sey,
2517 1580 2700 1638 durch

358 1667 473 1723 den
513 1664 832 1721 verstellten
858 1663 1016 1721 Rath
1058 1682 1135 1723 zu
1175 1665 1448 1723 schneller
1482 1666 1798 1724 Heimkehr
1841 1665 1961 1736 auf
1994 1667 2085 1723 die
2114 1665 2306 1724 Probe
2334 1682 2410 1724 zu
2438 1666 2698 1724 stellen.“

529 1747 603 1805 V.
640 1748 716 1805 74
764 1766 833 1804 ex
880 1768 935 1805 v.
972 1750 1088 1806 175
1136 1750 1199 1806 et
1241 1749 1478 1808 aliunde
1524 1750 1756 1808 ductus.

528 1831 603 1888 V.
641 1833 719 1889 75
765 1833 978 1891 tertius
1026 1834 1191 1891 locus
1222 1836 1358 1909 est,
1406 1835 1526 1909 qui,
1575 1853 1751 1909 quam
1797 1834 2051 1893 absurde
2099 1833 2433 1892 Homericis
2479 1833 2700 1891 abusus

360 1920 439 1977 sit
481 1918 761 1987 imitator,
809 1921 1009 1990 aperte
1057 1918 1334 1976 ostendit.
1411 1917 1704 1988 Quoniam
1734 1920 1894 1977 enim
1939 1919 2036 1977 hic
2080 1937 2272 1977 sermo
2317 1921 2412 1977 est
2444 1918 2516 1976 de
2562 1936 2701 1976 con-

358 2004 539 2077 tione,
586 2004 646 2060 in
690 2020 806 2075 qua
850 2001 1044 2059 media
1089 2005 1312 2061 stantes
1359 2006 1623 2062 oratores
1670 2004 1892 2079 singuli
1939 2004 2214 2078 deinceps
2260 2003 2454 2061 dicere
2486 2003 2700 2071 solent,

361 2106 602 2162 prorsus
654 2086 940 2144 absonum
998 2090 1090 2145 est
1153 2083 1416 2145 ἄλλοθεν
1469 2082 1681 2161 ἄλλος,
1748 2089 1965 2163 quibus
2027 2088 2226 2146 verbis
2288 2091 2700 2164 Agamemnon

362 2173 540 2230 duces
579 2171 812 2229 iuberet
857 2170 1100 2229 solitum
1148 2172 1380 2231 dicendi
1426 2172 1692 2231 ordinem
1753 2177 1814 2231 et
1857 2191 2082 2231 morem
2108 2173 2501 2247 perturbare.
2577 2171 2704 2230 Nec

363 2258 685 2333 quidquam
731 2254 978 2329 prodest
1022 2254 1213 2315 Curtii
1262 2258 1597 2329 sententia,
1653 2258 1756 2333 qui
1814 2258 1874 2315 in
1921 2257 2134 2319 Philol.
2181 2257 2222 2315 l.
2270 2276 2318 2315 c.
2368 2277 2428 2332 p.
2482 2259 2577 2329 11,
2625 2275 2701 2314 ne

359 2344 773 2418 Agamemnon
833 2341 1111 2415 superbia
1153 2342 1544 2418 vincendique
1592 2361 1697 2416 spe
1757 2343 2086 2401 certissima
2145 2342 2335 2401 elatus
2396 2342 2702 2401 videretur

362 2427 662 2485 infelicem
724 2426 1070 2485 tentationis
1133 2430 1409 2486 eventum
1470 2427 1838 2503 praesagire,
1892 2446 2011 2486 non
2069 2424 2289 2502 λαούς,
2335 2427 2439 2486 sed
2485 2421 2585 2502 ἐμέ
2627 2426 2703 2483 ad

299 2527 330 2574 9
362 2507 632 2588 ἐρητύειν
688 2511 1047 2587 cogitatione
1108 2511 1535 2572 adsumendum
1592 2513 1858 2587 putavit,
1917 2530 2034 2588 quo
2080 2512 2240 2571 facto
2289 2512 2477 2589 magis
2524 2512 2703 2570 etiam

363 2598 563 2656 contio
609 2597 898 2654 exercitus
950 2597 1011 2654 in
1057 2597 1359 2671 privatum
1404 2598 1619 2656 ducum
1664 2615 1796 2656 cum
1843 2598 2291 2674 Agamemnone
2339 2598 2702 2672 colloquium

363 2682 765 2757 degeneraret.
828 2680 1025 2738 Facile
1059 2682 1335 2740 omnibus
1366 2683 1696 2741 carebimus
1742 2682 2180 2757 interpretandi
2225 2682 2513 2741 machinis
2543 2681 2703 2757 apud

361 2769 655 2838 nostrum,
700 2766 803 2840 qui
847 2784 1044 2824 crassa
1089 2767 1360 2826 Minerva
1404 2787 1425 2822 ι
1455 2768 1579 2826 493

617 2916 697 2925 -—
746 2917 828 2926 --
873 2916 953 2925 —-
997 2877 1156 2959 ἀμφὶ
1201 2878 1265 2942 δ’
1316 2881 1533 2961 ἑταῖροι

617 2966 916 3045 μειλιχίοις
963 2963 1312 3028 ἐπέεσσιν
1357 2967 1673 3047 ἐρήτυον
1715 2966 2049 3029 ἄλλοθεν
2091 2966 2312 3040 ἄλλος

369 3089 430 3147 in
477 3108 649 3148 suum
699 3087 1071 3146 commodum
1118 3091 1434 3150 convertit.

537 3173 610 3232 V.
647 3175 723 3231 76
772 3174 951 3230 etiam
998 3175 1057 3229 A
1090 3175 1167 3231 68
1215 3177 1275 3232 et
1317 3174 1461 3232 alibi
1507 3173 1785 3233 occurrit.

540 3257 608 3314 V.
644 3260 720 3315 77
767 3259 1002 3315 inanem
1062 3259 1328 3317 continet
1373 3260 1623 3316 membri
1666 3259 1906 3318 relativi
1950 3259 2392 3333 abundantiam,
2454 3260 2546 3317 cui
2606 3279 2703 3317 ex-

368 3342 589 3417 plendo
635 3342 784 3400 illud
832 3342 1055 3406 tritum
1089 3339 1301 3400 Πύλου
1345 3337 1720 3419 ἠμαθόεντος
1765 3343 2054 3402 adhibuit.

374 3496 381 3500 -
537 3426 608 3486 V.
646 3427 722 3485 78
771 3446 840 3484 ex
886 3428 944 3483 A
992 3429 1070 3485 73
1118 3431 1178 3486 et
1217 3428 1347 3487 aliis
1393 3429 1571 3500 locis,
1628 3447 1685 3486 v.
1738 3430 1815 3486 79
1861 3447 1931 3485 ex
1977 3430 2040 3484 A
2085 3429 2205 3487 276
2252 3433 2314 3486 et
2370 3429 2501 3488 aliis
2558 3429 2707 3488 locis

370 3512 671 3586 desumpti
717 3513 873 3570 sunt.

536 3594 610 3654 V.
637 3598 885 3656 80-82
917 3598 1152 3673 insigne
1185 3599 1494 3656 continent
1524 3598 1855 3672 exemplum
1887 3598 2077 3656 malae
2107 3598 2481 3658 imitationis.
2547 3599 2709 3670 Quae

370 3683 525 3740 enim
556 3681 828 3740 Priamus
859 3681 923 3737 Ω
955 3683 1078 3740 220
1108 3701 1235 3758 sqq.
1308 3682 1485 3742 Iridis
1529 3684 1742 3741 nuntio
1789 3683 1976 3742 fretus
2022 3682 2327 3757 aptissime
2374 3682 2520 3742 dicit
2560 3702 2710 3742 uxo-

371 3787 492 3825 rem
541 3767 986 3826 consolaturus:

625 3896 861 3972 εἰμὲν
903 3893 1011 3979 γάρ
1057 3898 1164 3971 τίς
1209 3895 1275 3977 μ’
1322 3898 1537 3972 ἄλλος
1584 3899 2057 3978 ἐπιχθονίων
2101 3897 2482 3979 ἐκέλευεν,

623 3981 665 4062 ἢ
708 3985 767 4043 οἳ
810 3982 1049 4062 μάντιές
1095 3985 1229 4060 εἰσι,
1275 3984 1565 4045 θυοσκόοι
1609 3982 1651 4063 ἢ
1695 3988 1917 4066 ἱερῆες,

625 4069 907 4143 ψεῦδός
954 4089 1086 4129 κεν
1130 4075 1405 4148 φαῖμεν
1449 4068 1574 4129 καὶ
1623 4071 2173 4148 νοσφιζοίμεθα
2217 4074 2527 4148 μᾶλλον·

627 4163 766 4215 νῦν
810 4151 869 4213 δ’
912 4190 982 4198 -—
1019 4150 1197 4226 αὐτὸς
1228 4153 1341 4234 γὰρ
1372 4154 1606 4215 ἄκουσα
1635 4157 1786 4216 θεοῦ
1818 4154 1917 4214 καὶ
1962 4153 2376 4234 ἐσέδρακον
2404 4155 2601 4234 ἄντην
2626 4193 2703 4201 ——-

626 4232 764 4317 εἶμι,
810 4237 909 4298 καὶ
955 4234 1061 4317 οὐχ
1105 4237 1275 4300 ἅλιον
1317 4239 1453 4313 ἔπος
1494 4239 1739 4318 ἔσσεται,

375 4397 443 4436 ea
486 4378 761 4437 mutilata
804 4397 980 4452 quam
1028 4380 1179 4437 male
1225 4380 1286 4437 in
1333 4399 1497 4438 suam
1541 4398 1665 4437 rem
1712 4382 1916 4437 noster
1960 4379 2323 4452 adhibuerit,
2373 4379 2568 4455 quivis
2619 4381 2706 4438 in-
