3132 5129
1325 383 1402 392 ——
1493 346 1620 408 343
1710 383 1785 393 -

393 502 529 561 Tibi
573 501 835 563 indicare
881 503 1092 563 inutile
1138 507 1257 578 est,
1317 522 1449 561 cum
1496 503 1924 563 Rhodomanno
1981 507 2043 563 et
2087 505 2330 564 Pauwio
2374 506 2721 566 emendatis.

393 587 510 646 Sed
565 589 810 647 restant·
847 589 980 647 alia.
1080 588 1278 647 Primo
1337 606 1512 647 versu
1570 589 1943 651 scribendum
1997 590 2215 649 fuisse:
2283 587 2493 647 πεδίον
2546 589 2717 647 πᾶν·

391 668 503 730 τοὶ
546 662 608 729 δ’
656 666 965 749 ἐκέχυντο,
1013 674 1128 732 iam
1173 673 1550 732 Hermannus
1596 673 1748 732 vidit
1791 674 1865 733 ad
1915 673 2098 749 Orph.
2142 695 2201 751 p.
2251 676 2394 734 713.
2483 675 2565 733 Et
2607 673 2728 733 τοί

389 757 615 834 legitur
656 759 720 817 in
764 758 901 818 Ald.
934 761 997 817 et
1034 759 1263 817 Monac.
1341 758 1495 815 Tum
1543 758 1732 817 altero
1776 778 1954 818 versu
1996 759 2151 817 idem
2201 761 2383 819 codex
2425 779 2544 819 non
2590 779 2723 820 con-

390 842 591 902 firmat
633 842 922 918 optimam
964 844 1168 903 Pauwi
1224 842 1697 902 emendationem
1757 840 2246 920 πυροβόροις,
2299 844 2478 903 habet
2529 845 2717 905 enim.

388 920 589 1006 ἀκρίσι
646 921 1047 1005 προβόλοις
1116 923 1580 1005 ἕναλίγκιον;
1650 927 1753 987 sed
1808 948 1883 987 ne
1935 929 2078 988 haec
2134 930 2372 1004 quidem
2430 931 2723 1021 scriptura

391 1033 503 1072 usu
532 1018 712 1071 caret.
790 1013 1174 1088 Comparanti
1203 1013 1364 1072 enim
1395 1032 1523 1071 eam
1554 1031 1689 1071 cum
1717 1013 1971 1072 Aldinae
2015 1013 2270 1073 lectione
2313 1004 2720 1090 προβόλοισιν,

388 1103 452 1158 et
515 1099 859 1173 respicienti
926 1096 1132 1168 Quinti
1198 1098 1684 1157 consuetudinem
1749 1117 1870 1159 non
1927 1098 2170 1157 dubium
2233 1102 2350 1174 est,
2413 1100 2559 1175 quin
2619 1101 2722 1160 ille

389 1183 723 1259 scripserit.
753 1180 975 1262 α’κρίσι
1005 1174 1455 1258 πυροβόροισιν
1496 1175 1863 1260 ἀλίγκιον.
1940 1182 2097 1241 Illud
2143 1183 2300 1241 enim
2330 1186 2595 1259 postulat
2624 1205 2721 1244 ars

388 1269 514 1327 eius
560 1269 836 1343 metrica,
883 1287 1001 1344 qua
1044 1268 1170 1344 ille,
1219 1269 1553 1344 ubicunque
1599 1270 1829 1343 potuit,
1889 1285 2190 1326 caesuram
2235 1270 2299 1327 in
2342 1269 2522 1327 tertio
2569 1270 2719 1343 pede

387 1353 744 1412 trochaicam
798 1353 1100 1429 praetulit.
1186 1346 1428 1430 Αλίγκ
1445 1372 1560 1411 ιον
1615 1358 1843 1429 autem,
1904 1353 2062 1429 quod
2121 1358 2212 1412 est
2257 1353 2524 1413 adverbii
2571 1354 2717 1430 loc0,

387 1440 587 1497 utrum
634 1444 894 1513 ponatur
923 1457 999 1496 an
1030 1437 1388 1497 adiectivum
1434 1424 1798 1516 ἆλίγκιοι,
1845 1438 2159 1497 discrimen
2191 1440 2301 1497 est.
2374 1438 2531 1497 Illud
2563 1439 2718 1497 enim

386 1523 757 1583 solummodo
802 1523 879 1582 ad
924 1524 1171 1582 verbum
1218 1523 1523 1599 pertinens
1551 1522 1793 1597 indicat,
1843 1522 2086 1581 tertium
2122 1525 2280 1598 quod
2312 1523 2529 1583 dicitur
2558 1543 2717 1583 com-

386 1609 712 1684 parationis
744 1609 1007 1683 positum
1038 1627 1164 1668 csse
1195 1609 1257 1667 in
1288 1628 1356 1666 ea
1390 1611 1627 1666 tantum
1657 1609 1918 1683 notione,
1969 1626 2118 1683 quae
2149 1609 2329 1668 verbo
2360 1609 2716 1668 continetur.

386 1692 627 1768 Contra,
675 1693 778 1752 ubi
825 1694 1070 1768 ponitur
1110 1693 1492 1768 adiectivum,
1539 1692 1688 1768 ipsa,
1737 1693 1810 1758 de
1855 1712 1971 1768 qua
2015 1693 2230 1769 agitur,
2278 1712 2371 1753 res
2405 1697 2533 1752 tota
2563 1711 2717 1753 com-

383 1780 630 1853 paratur
674 1797 806 1836 cum
851 1797 918 1836 ea
972 1797 1066 1854 re,
1124 1798 1273 1854 quae
1320 1778 1381 1835 in
1436 1779 1937 1853 comparationem
1992 1778 2253 1837 affertur.
2342 1778 2441 1838 Ita
2485 1798 2719 1854 semper

385 1864 605 1923 dicitur
667 1852 787 1931 ἶσος
839 1859 1048 1938 Ἄρηι,
1116 1859 1266 1935 θηρὶ
1325 1855 1532 1932 ἐοικώς
1588 1866 1649 1921 et
1702 1882 1854 1938 quae
1907 1866 2048 1921 sunt
2104 1864 2339 1925 similia.
2428 1865 2715 1939 Apparet,

384 1948 588 2007 multis
633 1948 780 2007 locis
825 1967 1033 2023 parum
1079 1948 1325 2023 referre,
1387 1947 1496 2007 hoc
1550 1967 1626 2006 an
1681 1947 1830 2007 illud
1890 1948 2203 2010 scribatur.
2295 1948 2412 2007 Sed
2456 1968 2523 2007 eo
2569 1950 2714 2024 loco,

381 2051 556 2109 quem
603 2036 945 2108 tractamuS,
993 2033 1191 2108 aptius
1237 2037 1329 2092 est
1368 2024 1666 2110 ἆλίγκιονε
1717 2033 1957 2092 Troiani
1988 2034 2144 2091 enim
2190 2051 2258 2091 eo
2304 2036 2538 2092 tantum
2585 2053 2716 2092 cum

381 2118 628 2178 locustis
672 2121 1113 2194 comparantur,
1160 2118 1320 2193 quod
1352 2118 1591 2193 utrique
1624 2120 1807 2176 densa
1837 2120 1899 2175 et
1927 2121 2098 2176 vasta
2129 2118 2512 2178 multitudine
2543 2139 2718 2195 super

384 2222 657 2279 campum
702 2203 1106 2262 effunduntur.
1199 2202 1436 2261 Similes
1481 2206 1624 2261 sunt
1666 2204 1725 2261 hi
1771 2203 1885 2261 loci
1931 2201 1978 2277 1,
2013 2203 2092 2261 58
2116 2221 2205 2278 sq.

685 2352 769 2367 —-
803 2308 895 2364 ⁸—
939 2354 1022 2365 -
1065 2354 1150 2365 —
1193 2314 1301 2378 ὑπ’
1350 2308 1570 2393 ὀφρύσι
1615 2315 1673 2377 δ’
1723 2314 2046 2423 ἶμερόεντες

685 2397 992 2482 ὀφθαλμοὶ
1037 2401 1371 2483 μάρμαιρον
1416 2397 1765 2482 ἀλίγκιον
1804 2403 2163 2465 ακτίνεσσιν.

380 2526 459 2604 II,
507 2528 628 2587 206
661 2546 749 2604 sq.
2747 2535 2846 2587 706

686 2663 762 2672 —
811 2662 894 2672 —-
937 2662 1022 2673 —
1064 2635 1171 2687 τοῦ
1214 2615 1274 2687 δ’
1322 2647 1438 2702 apa
1481 2620 1658 2704 τεύχη

681 2711 879 2790 πάντη
922 2712 1360 2793 μαρμαίρεσκον
1403 2703 1748 2791 ἀλίγκιον
1789 2705 2206 2793 ἀστεροπῇσιν.

384 2851 558 2911 Oculi
605 2870 737 2910 cum
783 2852 924 2910 solis
969 2851 1183 2925 radiis,
1230 2869 1390 2908 arma
1438 2868 1570 2908 cum
1617 2849 1968 2908 fulminibus
2014 2851 2262 2924 propter
2302 2852 2487 2910 solum
2527 2853 2711 2924 splen-

379 2937 574 2996 dorem
619 2939 1053 3013 comparantur.
1143 2935 1487 3010 Eodemque
1531 2934 1705 2994 modo
1750 2934 1828 3009 II,
1878 2935 2000 2993 624

682 3061 761 3141 ὡς
806 3066 1075 3146 φαμένης
1121 3066 1218 3147 ῥ’έε
1261 3066 1455 3147 δάκρυ
1500 3060 1631 3126 κατ’
1678 3062 2022 3145 ἀμβροσίοιο
2064 3061 2407 3147 προσώπου,

679 3147 875 3236 ἆεναῳ
920 3157 1164 3235 ποταμῷ
1208 3150 1644 3233 ἐναλίγκιον

379 3293 525 3351 illud
573 3288 1018 3368 ἐναλίγκιον
1063 3291 1136 3349 ad
1181 3292 1426 3351 verbum
1473 3291 1695 3366 refero,
1753 3291 2032 3366 quoniam
2076 3291 2317 3349 lacrima
2359 3310 2430 3350 eo
2477 3293 2708 3349 tantum

379 3398 512 3436 cum
559 3379 739 3436 fluvio
787 3377 1041 3437 conferri
1089 3380 1313 3453 potest,
1371 3375 1529 3451 quod
1585 3395 1773 3451 aeque
1829 3380 2010 3451 atque
2066 3376 2168 3434 ille
2224 3381 2511 3452 perpetuo
2557 3375 2706 3433 fluit.

377 3463 466 3520 Ex
511 3463 619 3521 hac
664 3462 1077 3522 observatione
1132 3462 1247 3519 iam
1304 3462 1566 3537 aliquem
1624 3462 1923 3536 capiamus
1968 3461 2247 3519 fructum.
2337 3459 2507 3529 Quod
2552 3459 2709 3518 enim

375 3548 486 3624 111,
543 3549 657 3605 177
691 3567 778 3623 sq.
828 3548 901 3606 de
944 3547 1178 3606 Achille
1222 3547 1473 3622 legitur:

626 3677 839 3760 ἤριπεν
881 3671 1036 3758 ἀμφι
1087 3677 1368 3741 νέκυσσιν
1410 3675 1750 3759 ἀλίγκιος
1796 3670 1965 3755 ουρεὶ
2001 3678 2241 3761 μακρῷ·

625 3771 767 3844 γαῖα
811 3761 871 3825 δ’
919 3759 1370 3844 ὖπεπλατάγησε
1414 3764 1512 3824 καὶ
1556 3762 1818 3826 ἄσπετον
1862 3762 2067 3844 ἔβραχε
2110 3763 2319 3842 τεύχη,

372 3904 433 3961 id
480 3905 606 3962 iure
650 3922 756 3962 suo
805 3904 1104 3979 vituperat
1146 3904 1452 3979 Pauwius,
1509 3904 1679 3978 quasi
1726 3903 1969 3961 eandem
2015 3919 2149 3960 cum
2192 3905 2395 3959 monte
2441 3900 2705 3959 altitudi-

372 4008 510 4046 nem
567 3988 846 4048 habuerit
887 3989 1171 4048 Achilles.
1264 3988 1381 4047 Sed
1437 3988 1814 4047 scribendum
1857 3978 2147 4063 ἀλίγκιον.
2237 3985 2506 4044 Pertinet
2550 4005 2704 4043 com-

371 4075 603 4147 paratio
659 4092 757 4148 e0,
815 4074 975 4149 quod
1020 4073 1286 4132 Achilles
1346 4073 1527 4132 armis
1585 4076 1834 4131 onustus
1892 4090 2026 4131 cum
2070 4089 2286 4146 magno
2333 4070 2590 4145 pondere
2637 4090 2706 4128 ac

372 4158 605 4233 fragore
649 4159 954 4218 corruerit.

542 4241 656 4300 Sed
715 4262 835 4302 non
887 4262 1130 4318 possum
1189 4244 1263 4302 ab
1319 4263 1418 4318 e0,
1478 4242 1635 4300 unde
1684 4261 1960 4317 egressus
2006 4259 2166 4314 sum,
2214 4240 2343 4299 loco
2390 4240 2704 4316 discedere,

370 4326 518 4402 quin
576 4327 706 4385 'I'uo
764 4328 981 4387 iudicio
1037 4328 1214 4387 aliam
1270 4346 1603 4403 proponam
1662 4326 2122 4385 dubitationem.
2213 4324 2304 4383 Ibi
2359 4326 2517 4384 enim
2574 4345 2703 4384 cum

373 4411 445 4470 de
503 4431 571 4471 eo
636 4417 868 4471 tantum
928 4417 1170 4490 agatur,
1229 4413 1519 4472 Troianos
1576 4413 1919 4488 frequentes
1965 4416 2024 4474 et
2069 4410 2375 4471 ordinibus
2420 4410 2703 4474 consertis
