3132 5129
1321 427 1403 436 -
1499 392 1657 453 109·
1708 429 1784 437 «-

539 548 668 607 Nec
723 525 987 606 melioris
1040 547 1266 605 farinae
1322 551 1442 605 est.
1472 549 1658 607 totius
1713 549 2065 624 rhapsodias
2111 549 2304 608 exitus
2352 551 2704 624 279-312,

371 634 527 692 unde
576 638 777 691 tamen
822 632 1058 706 potiora
1103 635 1335 691 tantum
1378 651 1691 708 excerpere
1720 634 1935 709 placet.
2011 633 2082 692 In
2113 633 2276 692 Idaei
2306 634 2707 695 admonitione
2740 645 2804 691 25

369 719 656 777 miramur
701 717 897 778 subito
941 720 1179 775 noctem
1223 718 1533 794 ingruere:
1583 718 1809 778 scilicet
1850 718 2283 777 obversabatur
2332 719 2385 777 Θ
2414 721 2534 779 502

677 828 808 892 ἀλλ’
856 824 898 911 ἦ
942 853 1030 892 τοι
1076 841 1194 893 νῦν
1235 831 1346 912 μὲν
1390 832 1841 910 πειθώμεθα
1889 833 2103 895 νυκτὶ
2142 836 2390 919 μελαίνῃ

370 955 549 1014 simul
607 974 740 1014 cum
798 975 834 1030 y
885 957 1002 1014 196
1057 943 1347 1031 ἀγαθὸν
1408 950 1510 1012 καὶ
1563 952 1753 1012 παῖδα
1800 988 1880 997 -—
1923 951 2281 1014 λιπέσθαι.
2380 956 2450 1015 In
2508 958 2706 1016 Aiacis

375 1040 764 1114 responsione
793 1040 886 1098 bis
916 1058 977 1099 se
1007 1041 1205 1115 ipsum
1235 1040 1485 1113 repetit:
1535 1040 1658 1098 285
1691 1059 1759 1097 ex
1797 1042 1935 1112 150,
1970 1041 2092 1098 286
2123 1059 2195 1098 ex
2227 1042 2371 1098 232.
2432 1041 2707 1101 Hectoris

372 1125 586 1198 verba,
632 1125 850 1199 quibus
895 1124 1235 1182 certaminis
1292 1124 1424 1182 finis
1470 1124 1639 1182 Aiaci
1685 1125 2162 1196 commendatur,
2213 1125 2496 1185 famosam
2543 1127 2709 1184 illam

377 1210 438 1266 in
487 1215 748 1267 mentem
792 1209 965 1267 nobis
1009 1213 1294 1267 revooent
1336 1209 1574 1283 piorum
1607 1211 1980 1284 quorundam
2011 1210 2545 1281 ratiocinationem,
2590 1230 2709 1286 qua

373 1294 698 1368 „quoniam
755 1293 848 1352 leo
904 1293 1187 1352 terribilis
1250 1293 1438 1352 bestia
1494 1293 1597 1364 sit,
1653 1311 1869 1352 novam
1926 1295 2078 1351 inire
2134 1295 2320 1352 vitam
2377 1296 2705 1354 iubemu1·“.

376 1378 601 1448 Quidni
649 1377 825 1435 vero?
913 1377 1189 1436 Habebat
1231 1381 1429 1436 tamen
1475 1378 1667 1451 locos,
1729 1397 1799 1435 ex
1843 1378 2059 1454 quibus
2105 1398 2212 1436 sua
2256 1382 2705 1455 contaminaret,

374 1470 445 1520 ut
491 1462 552 1519 N
587 1464 707 1520 775
735 1458 975 1538 ’Έκτορ,
1022 1458 1196 1520 ἐπεί
1235 1482 1348 1520 τοι
1391 1495 1506 1537 -,
1565 1463 1709 1520 ibid.
1749 1465 1865 1520 727
1914 1457 2135 1521 οὕνεκα
2193 1484 2305 1520 τοι
2346 1461 2481 1540 περὶ
2523 1464 2708 1523 δῶκε

371 1543 545 1616 θεὸς
594 1581 694 1618 -,
740 1544 931 1605 δ415
977 1540 1216 1624 κάρτος
1270 1567 1340 1605 τε
1393 1545 1514 1624 βίη
1574 1567 1674 1621 τε,
1736 1568 1774 1604 υ
1808 1551 1887 1605 70
1917 1568 2004 1623 sq.
2052 1544 2223 1621 περὶ
2271 1580 2342 1590 -
2391 1546 2580 1607 δῶκε
2633 1582 2705 1591 -

369 1622 530 1701 εἶδος
562 1628 690 1688 καὶ
732 1629 1092 1708 πινυτήν,
1137 1638 1369 1707 μῆκος
1415 1626 1475 1688 δ’
1524 1625 1690 1708 ἔπορ’
1724 1664 1828 1704 -,
1863 1633 1912 1688 Β
1942 1635 2063 1691 389
2095 1629 2227 1709 περὶ
2270 1625 2328 1688 δ’
2374 1629 2579 1710 ἔγχεϊ
2608 1666 2709 1707 —·‚

371 1718 432 1773 A
465 1718 583 1774 581
632 1711 785 1773 πολὺ
850 1709 1207 1793 φέρτατός
1265 1712 1481 1773 ἐστιν.
1573 1715 1724 1774 Tum
1771 1717 1990 1775 iterum
2035 1718 2105 1774 ad
2154 1737 2216 1775 se
2261 1718 2455 1792 ipsum
2500 1719 2708 1776 rediit:

372 1803 504 1860 290
531 1820 618 1876 sq.
650 1827 732 1850 ==
765 1802 842 1860 29
876 1821 988 1877 sq„
1037 1801 1110 1860 de
1138 1802 1355 1876 quibus
1387 1803 1460 1859 cf.
1493 1820 1680 1875 supra
1707 1822 1766 1876 p.
1804 1803 1901 1876 95,
1950 1802 2105 1860 male
2150 1802 2245 1860 hic
2287 1802 2362 1860 ad
2408 1804 2709 1879 singulare

371 1888 675 1944 certamen
730 1886 1067 1957 transtulit,
1114 1886 1273 1961 quod
1318 1887 1527 1944 vitium
1576 1904 1694 1944 non
1741 1887 2091 1944 emendatur
2145 1888 2246 1945 sed
2303 1891 2563 1963 augetur
2617 1889 2708 1957 iis,

376 1989 532 2045 quae
579 1969 790 2029 deinde
834 1970 1083 2029 affinxit?
1119 2002 1187 2013 —

1592 2052 1676 2123 εἰς
1720 2048 1753 2112 ὅ
1797 2075 1860 2112 κε
1906 2052 2139 2130 δαίμων

679 2136 836 2215 ἄμμε
878 2137 1178 2220 διακρίνῃ,
1223 2136 1349 2219 δώῃ
1393 2132 1454 2195 δ’
1504 2134 1835 2212 ἑτέροισί
1872 2159 1937 2215 γε
1982 2137 2178 2215 νίκην,
2214 2137 2221 2146 ’

374 2277 528 2334 quae
574 2259 842 2332 profecto
887 2259 1099 2316 melius
1142 2277 1319 2332 quam
1365 2259 1490 2332 ipse
1534 2260 1744 2315 auctor
1789 2259 2231 2316 consarcinator
2276 2258 2430 2317 infra
2474 2260 2593 2317 377
2621 2279 2709 2334 sq.

377 2345 501 2402 397
535 2362 627 2418 sq.
673 2344 999 2418 usurpavit.
1090 2342 1244 2400 Tum
1291 2343 1412 2401 293
1445 2367 1525 2389 =
1559 2343 1700 2403 282.

557 2427 645 2484 De
676 2428 818 2502 295,
865 2428 915 2486 si
961 2428 1022 2485 in
1069 2428 1224 2485 bono
1255 2430 1433 2502 poeta
1463 2446 1853 2498 versaremur,
1900 2428 2211 2502 probarem
2243 2427 2710 2486 Alexandrinos:

374 2506 680 2570 ἆθετεῖται
723 2505 804 2580 ὥς
849 2509 1164 2589 καθαιρῶν
1208 2508 1275 2568 τὰ
1322 2506 1718 2588 προειρημένα
1774 2505 1900 2585 ,,ὦς
1959 2509 2036 2570 σύ
2090 2504 2143 2568 τ’
2202 2507 2510 2593 ἐυφρήνῃς
2555 2508 2710 2570 πάν-

379 2597 548 2667 τας“.
637 2593 749 2672 ἔχει
806 2592 873 2654 δὲ
931 2593 1030 2654 καὶ
1084 2594 1354 2673 διλογίαν
1408 2593 1540 2666 ἔτας
1595 2594 1697 2654 καὶ
1752 2591 2035 2673 ἑταίρους.
2127 2595 2244 2655 Sed
2299 2602 2500 2656 noster
2553 2597 2711 2656 haud

380 2683 503 2741 scio
548 2701 622 2740 an
667 2686 857 2741 certos
903 2682 1263 2757 quaesiverit
1304 2682 1589 2756 homineS,
1637 2681 1855 2756 quibus
1885 2685 2210 2757 opponeret
2240 2682 2359 2741 297
2400 2683 2603 2758 Τρῶας
2635 2676 2705 2725 ἑ-

381 2763 482 2823 καὶ
520 2764 802 2841 Τρωάδας
848 2762 1297 2834 ἑλκεσιπέπλους
1341 2786 1410 2824 ex
1442 2766 1491 2821 Z
1521 2767 1643 2822 442
1691 2765 1802 2824 huc
1847 2767 2181 2828 collocatos,
2257 2766 2542 2825 Troianas
2589 2787 2713 2825 mu-

379 2852 556 2909 lieres
622 2870 788 2909 suam
847 2852 908 2909 in
967 2851 1218 2927 gratiam
1280 2851 1556 2909 similiter
1612 2854 1679 2908 ut
1731 2851 1791 2908 in
1853 2850 2116 2909 Homilia
2181 2851 2405 2926 templa
2468 2850 2710 2910 deorum

385 2935 677 2994 adeuntes
723 2936 837 2995 sibi
884 2936 1075 3010 finxit,
1123 2936 1224 2994 sed
1270 2954 1445 3009 quam
1491 2935 1731 2994 insulsis
1777 2934 1974 2994 verb‘is
2020 2935 2414 2995 id'indicavit
2459 2937 2613 2995 298:

684 3051 758 3111 αἴ
795 3074 854 3112 τε
896 3073 995 3129 μοι
1038 3040 1354 3129 εὐχόμεναι
1397 3056 1572 3111 θεῖον
1617 3049 1899 3109 δύσονται
1943 3047 2178 3129 ἆγῶναέ

384 3172 624 3231 Scilicet
673 3173 1099 3232 obversabatur
1144 3172 1340 3230 2311
1397 3166 1481 3240 ὥς
1537 3165 1708 3241 ἔφατ’
1770 3164 2133 3247 εὐχομένη
2190 3171 2276 3247 (et
2317 3172 2390 3233 cf.
2442 3172 2494 3228 K
2532 3167 2712 3251 295),

384 3257 487 3315 scd
531 3276 649 3315 non
695 3258 987 3333 cogitavit
1031 3261 1167 3315 vota
1212 3258 1576 3331 nuncupari,
1621 3257 1725 3315 ubi
1771 3260 1840 3314 ut
1881 3256 2106 3330 aliquid
2153 3256 2291 3313 boni
2338 3255 2443 3314 fiat
2485 3256 2579 3315 dci
2627 3257 2711 3314 in-

387 3346 704 3415 vocentur,
762 3341 862 3400 sed
924 3342 1105 3416 solvi,
1161 3342 1264 3399 ubi
1318 3341 1611 3416 quidquid
1670 3341 1811 3398 boni
1869 3342 2272 3415 optaverimus
2321 3342 2437 3399 iam
2491 3341 2713 3399 factum

385 3426 487 3485 sit.
573 3425 823 3484 Prorsus
878 3427 1077 3501 inepte
1132 3429 1330 3483 autem
1401 3426 1547 3483 illud
1617 3427 1828 3482 θεῖον
1893 3417 2255 3483 δύσονται
2321 3419 2570 3502 ἀγῶνα
2642 3443 2711 3483 ex

385 3510 449 3565 Σ
472 3512 593 3569 376
637 3514 973 3585 surreptum
1015 3529 1142 3569 esse
1183 3529 1290 3569 nec
1318 3510 1582 3586 antiquis
1614 3510 1927 3568 obscurum
1960 3509 2093 3581 fuit,
2138 3510 2242 3584 qui
2273 3514 2378 3567 aut
2422 3510 2712 3603 interpre-

384 3595 568 3653 tando
609 3626 690 3637 —
738 3589 827 3653 ὅτι
881 3590 1070 3664 οὕτως
1128 3590 1238 3670 τὴν
1291 3585 1508 3671 ὅγυριν
1552 3589 1652 3650 καὶ
1699 3589 2055 3669 συναγωγὴν
2099 3600 2219 3651 τῶν
2260 3596 2460 3666 θεῶν,
2506 3591 2605 3649 δια
2653 3587 2716 3649 τὸ

384 3681 622 3737 πολλῶν
671 3682 842 3738 θεοῖν
896 3675 963 3737 ἕν
1016 3672 1211 3760 ταύτῷ
1267 3670 1416 3737 εἶναι
1475 3671 1777 3754 ἀγάλματα
1823 3710 1905 3720 —-·
1950 3682 2053 3737 aut
2098 3678 2383 3736 mutando
2428 3673 2715 3735 δύσονται

385 3766 448 3821 in
491 3757 747 3822 θύονται
776 3766 888 3823 loci
940 3764 1195 3839 ineptias
1241 3766 1463 3822 frustra
1508 3763 1718 3822 tollere
1763 3764 1957 3822 conati
2002 3769 2157 3825 sunt.
2244 3762 2314 3819 In
2361 3763 2452 3837 iis,
2499 3763 2715 3836 quibus

389 3848 544 3907 dona
587 3854 796 3908 mutuo
842 3849 1038 3908 danda
1082 3848 1588 3922 commendantur,
1637 3848 1969 3907 299-302
2015 3866 2223 3906 rursus
2266 3848 2331 3904 in
2372 3847 2715 3905 universum

386 3953 450 3992 se
510 3934 704 4008 ipsum
749 3935 828 3993 87
862 3953 989 4010 sqq.
1037 3934 1302 3992 imitatus
1360 3937 1452 3991 est
1507 3932 1707 3991 verbis
1763 3931 1978 4007 partim
2033 3931 2273 3990 aliunde
2329 3930 2715 4006 depromptis,

390 4022 457 4075 ut
499 4016 660 4094 δῶρα
695 4051 770 4060 —
804 4015 1121 4095 περικλυτα
1167 4038 1236 4076 ex
1281 4019 1341 4073 Σ
1363 4019 1508 4091 449,
1555 4013 1744 4094 ἔριδος
1787 4012 1922 4093 πέρι
1963 4008 2326 4092 θυμοβόροιο
2369 4035 2439 4073 ex
2482 4015 2545 4071 11
2573 4017 2716 4074 476.

397 4102 613 4178 Y253,
660 4098 969 4181 διέτμαγεν
1013 4122 1082 4161 ex
1131 4104 1190 4159 A
1221 4104 1363 4161 531.
1454 4101 1572 4160 Sed
1615 4095 2001 4178 ἀρθμήσαντε
2044 4101 2230 4176 ipsius
2275 4103 2383 4159 est.

559 4188 756 4246 Etiam
802 4189 1093 4247 donorum
1139 4187 1504 4245 enumeratio
1551 4186 1760 4245 alienis
1806 4185 2002 4244 verbis
2048 4187 2331 4259 concepta
2376 4188 2498 4243 est:
2554 4182 2723 4257 ξίφος
2753 4191 2819 4238 26

388 4266 757 4350 ἀργυρόηλον
812 4274 947 4349 quis
1004 4273 1234 4331 nescit?
1317 4272 1438 4331 304
1472 4298 1553 4319 =
1592 4270 1834 4345 Ψ825,
1895 4271 2016 4329 305
2050 4295 2131 4317 =
2164 4270 2212 4325 Z
2249 4270 2388 4327 219.
2474 4269 2599 4329 Nec
2655 4271 2719 4327 in

390 4357 619 4416 ultimis
649 4377 684 4415 a
714 4378 773 4416 se
806 4357 1085 4416 descivit:
1133 4358 1255 4415 306
1287 4382 1369 4403 =
1408 4356 1605 4412 Υ212
1642 4354 1718 4430 -Ι-
1753 4355 1810 4410 Ε
1840 4354 1981 4428 573,
2030 4355 2151 4413 307
2185 4373 2272 4429 sq.
2308 4350 2393 4411 τοὶ
2426 4389 2501 4396 --
2535 4368 2715 4431 προσ-

390 4437 559 4499 ιόντα
589 4469 671 4491 =
705 4442 759 4497 E
789 4443 910 4499 514
944 4461 1053 4516 sq.,
1102 4443 1222 4501 309
1256 4467 1338 4489 ==
1371 4441 1419 4496 Z
1450 4442 1573 4499 502
1607 4439 1684 4516 -l-
1721 4441 1802 4496 M
1829 4440 1966 4515 166,
2015 4440 2133 4497 311
2169 4466 2250 4487 =
2285 4439 2339 4494 Ε
2364 4441 2503 4501 668.
