3132 5129
1242 375 1536 438 —293
1632 411 1703 419 —

457 529 622 593 Ibid.
666 531 810 591 575.

557 663 638 674 -
683 666 765 675 -
814 667 889 676 -
918 630 1170 739 οἴγοντο
1211 629 1324 713 γὰρ
1365 623 1596 704 αὖθις

554 712 795 796 ἄνδιχα,
840 716 978 790 τοὺς
1023 711 1087 778 δ’
1136 715 1415 789 ἐλάοντας
1461 714 1592 794 ἔχεν
1635 714 1865 796 τρόμος,
1911 711 2075 797 ὄφρα
2118 740 2224 797 μιν
2265 707 2483 789 αὖτις

553 800 892 882 πλημμυρις
934 803 1292 881 παλίνορσος
1334 797 1699 881 ἀνερχομένη
1742 799 2081 862 κατένεικεν

554 885 700 947 εἴσω
742 886 1031 967 πετράων.

469 1008 836 1085 Indigneris,
893 1008 943 1068 si
1003 1008 1091 1067 fas
1148 1008 1229 1068 sit
1272 1007 1572 1085 indignari
1617 1009 1873 1083 mortuo,
1920 1006 2245 1069 Wellaueri
2288 1010 2549 1114 ineptas
2567 1009 2641 1068 de

294 1094 406 1153 hoc
463 1093 597 1153 loco
655 1093 859 1170 legens
917 1092 1356 1153 adnotationes.
1448 1092 1707 1167 Scripsit
1760 1092 1917 1151 enim
1973 1093 2046 1150 ad
2102 1114 2160 1153 v.
2209 1096 2365 1153 574.
2423 1085 2639 1170 „ming

293 1178 565 1237 Brunck.
611 1179 738 1237 sine
780 1177 1018 1237 libris.“
1062 1182 1126 1237 et
1169 1178 1241 1235 ad
1287 1198 1344 1237 v.
1391 1180 1533 1253 575,
1580 1181 1893 1274 postquam
1938 1177 2200 1237 Bruncki
2243 1180 2641 1239 coniecturam

295 1257 559 1321 αὐτῶν
600 1281 710 1338 pro
754 1253 971 1334 αὖτις
1026 1282 1096 1321 ex
1140 1252 1337 1333 αὖτω,
1398 1223 1558 1339 quo‘d
1615 1262 1677 1321 in
1720 1262 1868 1338 Reg.
1917 1261 1961 1321 C
2009 1263 2266 1339 legitur,
2324 1263 2639 1324 scribentis

301 1348 626 1408 refutavit.
682 1348 943 1424 „Neque
999 1349 1241 1407 omnino
1300 1350 1393 1407 est
1446 1347 1708 1405 eiusdem
1763 1347 2036 1406 vocabuli
2091 1350 2398 1423 repetitiO,
2457 1368 2641 1424 quum

292 1450 474 1493 versu
533 1433 924 1508 praecedente
981 1453 1050 1491 ex
1108 1433 1398 1491 librorum
1456 1431 1813 1491 auctoritate
1868 1421 2056 1502 αὖθις
2112 1432 2168 1491 le
2213 1433 2432 1492 endum
2498 1432 2639 1492 sit.“

292 1519 507 1578 Risum
552 1518 785 1577 teneas!
848 1516 1021 1587 Quod
1051 1520 1253 1576 autem
1298 1517 1399 1576 ille
1443 1537 1501 1576 v.
1535 1517 1658 1575 574
1705 1535 1816 1592 „ex
1859 1516 2071 1576 libris“
2115 1539 2153 1574 α
2202 1521 2306 1589 θις
2350 1518 2637 1594 reposuit,

293 1607 364 1662 ut
407 1606 471 1663 et
513 1601 562 1678 1,
609 1603 752 1663 838.
796 1601 909 1678 ΙΙΙ,
959 1603 1100 1662 654.
1150 1604 1294 1661 741.
1342 1601 1448 1677 IV,
1500 1603 1683 1676 1777,
1705 1562 1892 1660 nmale
1936 1602 2158 1662 factum
2205 1607 2316 1664 est.
2407 1603 2489 1661 Et
2531 1621 2639 1679 po-

295 1693 523 1749 stremo
567 1687 807 1763 quidem
867 1687 996 1746 loco
1040 1677 1210 1757 αὖτις
1253 1686 1512 1746 Brunck.
1560 1705 1631 1745 ex
1674 1686 1854 1745 Vind.
1901 1690 1971 1745 ut
2014 1688 2254 1748 videtur
2298 1689 2640 1763 scripserat,

296 1792 554 1850 quocum
612 1772 757 1831 facit
811 1770 1013 1848 Vrat.²
1085 1773 1243 1831 idem
1299 1776 1497 1830 autem
1555 1771 1878 1846 Apollonio
1932 1771 2152 1848 ubique
2206 1772 2641 1833 restituendum

298 1879 431 1918 esse
488 1857 704 1917 docent
761 1857 816 1932 Ι,
866 1858 1008 1916 698.
1076 1859 1256 1917 1018.
1320 1859 1502 1917 1030.
1554 1856 1736 1916 1088.
1788 1856 1972 1915 1258.
2015 1857 2107 1932 Π,
2156 1860 2300 1919 851.
2346 1858 2449 1933 IV,
2498 1859 2639 1930 579,

292 1944 515 2020 quibus
571 1963 640 2001 ea
694 1941 886 2002 forma
940 1943 1004 2001 in
1061 1941 1364 2016 omnibus,
1432 1946 1492 2001 et
1541 1940 1604 2014 Ι,
1653 1942 1796 2000 807.
1853 1942 1998 2001 888.
2044 1903 2149 2016 IV,
2213 1944 2395 2003 1038.
2458 1945 2638 2019 1418,

293 2028 512 2105 quibus
567 2028 631 2086 in
686 2027 994 2087 nonnullis
1053 2026 1354 2086 codicibus
1413 2025 1655 2102 legitur.
1746 2024 2003 2086 Omnino
2047 2017 2217 2098 αὖτις
2263 2030 2498 2087 constat
2541 2048 2642 2087 an-

295 2113 624 2190 tiquiorum
671 2112 994 2190 Epicorum
1053 2111 1268 2186 fuisse,
1334 2129 1402 2169 eo
1459 2110 1639 2169 etiam
1686 2108 1944 2179 Quintus
1992 2130 2132 2171 usus
2176 2116 2298 2187 est,
2358 2132 2493 2171 cum
2534 2113 2640 2171 alii

292 2197 727 2269 recentiorum,
776 2200 845 2255 ιιι
888 2196 1211 2273 Gregorius
1254 2156 1693 2270 Nazianzenus,
1738 2186 1973 2265 αὖθις
2018 2198 2431 2293 praetulerint.
2523 2197 2640 2256 Sed

296 2284 370 2342 de
414 2302 485 2342 ea
529 2302 593 2341 re
639 2282 784 2341 alibi
829 2281 1181 2363 diligentius
1227 2281 1571 2340 disseretur.
1658 2280 1730 2339 In
1774 2281 1866 2340 his
1912 2281 2117 2357 rebus,
2164 2282 2226 2340 in
2271 2281 2487 2358 quibus
2531 2300 2643 2341 nec

293 2367 530 2428 codices
575 2368 787 2443 optimi
843 2366 1066 2443 ubique
1110 2369 1380 2425 accurate
1425 2365 1635 2441 scripti
1679 2384 1787 2426 nec
1833 2384 2035 2425 omnes
2080 2367 2430 2442 plerumque
2476 2386 2640 2427 accu-

293 2458 424 2512 rate
471 2452 676 2512 collati
721 2455 878 2527 sunt,
926 2451 1280 2526 scriptorum
1326 2470 1470 2511 usus
1515 2454 1577 2509 et
1620 2451 1790 2527 rati0,
1837 2470 1956 2510 non
1997 2451 2283 2510 librorum
2315 2451 2639 2511 auctoritas

294 2537 644 2615 spectanda.
693 2569 773 2579 -
831 2496 947 2597 S’ed
1011 2539 1081 2597 ut
1143 2536 1216 2596 ad
1284 2536 1453 2596 ι11ιιιιι
1519 2536 1716 2596 Ιοοιιιιι
1786 2538 2082 2612 revertar,
2149 2535 2482 2596 laudandus
2545 2541 2641 2597 est

293 2624 663 2696 Brunckius,
732 2622 892 2702 quod
949 2622 1167 2698 duplex
1219 2612 1388 2693 αὖτις
1446 2623 1508 2681 ιιι
1564 2623 1982 2681 continuorum
2036 2641 2318 2683 versuum
2376 2622 2640 2681 clausula

295 2728 421 2768 non
448 2709 753 2769 toleravit.
824 2707 912 2767 Ut
943 2707 1105 2766 enim
1133 2707 1541 2768 huiuscemodi
1587 2707 1977 2782 repetitiones
2020 2727 2128 2783 per
2171 2727 2252 2783 se,
2300 2708 2351 2766 si
2397 2706 2635 2784 quidem

293 2799 556 2870 utroque
600 2793 731 2852 loco
776 2792 1131 2853 vocabulum
1176 2793 1302 2851 iure
1346 2792 1612 2868 positum
1657 2796 1764 2867 est,
1810 2792 1958 2851 nihil
1989 2792 2248 2852 habeant
2276 2793 2636 2865 offensionis,

293 2897 366 2938 eo
411 2877 574 2937 unde
618 2877 841 2955 egressi
887 2896 1090 2937 sumus
1134 2878 1267 2936 loco
1309 2878 1465 2936 alter
1508 2895 1716 2936 versus
1741 2879 1943 2953 aperte
1973 2877 2204 2953 respuit
2245 2868 2436 2975 αὖτις,
2481 2839 2637 2953 quod

292 2983 428 3024 cum
485 2981 608 3022 non
665 2962 859 3037 possit
914 2962 1085 3038 iungi
1141 2980 1271 3021 cum
1317 2955 1780 3019 κατένεικεν-
1815 2965 2013 3036 primo
2058 2963 2216 3020 enim
2259 2964 2322 3020 in
2369 2961 2637 3038 Symple-

292 3049 481 3125 gades
531 3047 797 3105 defertur
839 3047 1006 3123 Argo
1041 3079 1137 3123 —-,
1183 3046 1549 3123 iungendum
1594 3050 1753 3106 esset
1795 3065 1928 3106 cum
1972 3043 2311 3122 πλημμυρὶς
2356 3044 2542 3104 παλί
2559 3069 2635 3104 ν-

288 3148 514 3211 ορσος
578 3124 1087 3207 ἀνερχομένη,
1142 3150 1261 3207 quo
1317 3132 1473 3190 facto
1531 3131 1657 3189 sine
1715 3150 1891 3190 causa
1945 3132 2098 3190 idem
2168 3137 2254 3191 ter
2320 3130 2633 3190 diceretur.

293 3217 549 3278 Accedit
604 3217 722 3274 alia
764 3215 1119 3289 difficultas,
1173 3216 1223 3274 si
1279 3216 1474 3275 locum
1519 3216 1850 3275 accuratius
1895 3215 2379 3275 consideraveris.
2469 3216 2635 3274 Post-

299 3322 481 3379 quam
539 3301 813 3361 columba
856 3300 1066 3360 Phinei
1122 3302 1288 3360 iussu
1341 3301 1417 3360 ab
1476 3300 1727 3359 Eumelo
1785 3301 2111 3376 praemissa
2166 3301 2479 3360 incolumis
2534 3320 2640 3376 per

295 3388 432 3447 illas
475 3405 655 3462 rupes
700 3387 906 3460 evasit,
955 3385 1186 3462 Tiphys
1235 3385 1441 3445 heroes
1486 3385 1763 3444 omnibus
1805 3385 2034 3445 viribus
2077 3387 2256 3444 remis
2301 3385 2639 3444 incumbere

295 3472 485 3546 iubet,
533 3470 791 3546 scopulis
835 3489 1043 3529 rursus
1087 3472 1245 3530 viam
1291 3467 1713 3546 aperientibus,
1804 3468 2070 3545 Faciunt,
2117 3471 2218 3528 sed
2268 3470 2496 3528 tamdiu
2539 3488 2640 3528 eos

293 3563 482 3617 terror
525 3559 742 3623 tenuit,
806 3556 990 3614 donec
1045 3559 1352 3615 revertens
1395 3557 1609 3614 fluctus
1652 3573 1866 3614 navem
1912 3556 2069 3613 intra
2113 3558 2312 3630 petras
2359 3554 2635 3629 deduxit3

299 3645 428 3699 tum
473 3659 617 3700 vero
655 3643 1042 3716 yravissimus
1084 3646 1268 3700 metus
1311 3641 1470 3714 cepit
1513 3658 1745 3714 omnes,
1791 3639 2057 3715 periculo
2102 3640 2399 3714 capitibus
2443 3639 2635 3697 immi-

294 3731 489 3788 nente.
578 3723 786 3801 Vides,
845 3744 914 3784 eo
970 3730 1262 3801 tempore,
1320 3743 1439 3800 quo
1494 3725 1843 3800 remigando
1899 3724 1972 3782 ad
2028 3727 2226 3799 petras
2287 3722 2638 3783 contendere

294 3811 601 3883 laborant,
659 3810 833 3885 plane
877 3810 1134 3869 alienum
1183 3809 1364 3867 fnisse
1407 3812 1469 3867 et
1510 3809 1780 3884 ineptum
1827 3812 2146 3883 terrorem,
2204 3826 2320 3883 quo
2365 3811 2494 3866 tum
2540 3807 2636 3866 de·

304 3915 466 3954 mum
541 3896 762 3970 corripi
834 3913 934 3953 eos
1002 3897 1457 3953 consentaneum
1515 3897 1637 3969 est,
1719 3912 1849 3952 cum
1915 3894 2075 3951 intra
2138 3893 2411 3969 scopulos
2469 3895 2639 3951 aestu

295 3980 534 4056 abrepti
580 3984 740 4041 sunt.
831 3979 1048 4039 Omnia
1089 3979 1266 4055 plana
1308 3981 1468 4052 sunt,
1515 3979 1619 4037 ubi
1665 3996 1894 4037 mecum
1939 3977 2378 4036 emendaveris:

555 4114 637 4124 ·—·
669 4113 750 4122 —
798 4076 934 4150 τοὺς
979 4072 1035 4138 δ’
1087 4073 1363 4150 έλαοντας
1410 4075 1543 4156 ἔχεν
1585 4075 1847 4154 πόνος,
1892 4074 2057 4156 ὄφρα
2099 4099 2204 4155 μιν
2249 4072 2435 4156 αὐτὴ

549 4162 887 4243 πλημμυρὶς
930 4164 1277 4242 παλίνορσος
1302 4156 1681 4267 ἀνερχομένη
1724 4159 2062 4223 κατένεικεν

553 4248 700 4310 εἴσω
741 4266 1040 4329 πετραων·
1089 4247 1215 4309 τότε
1259 4243 1317 4306 δ’
1365 4243 1677 4310 αἰνότατον
1719 4244 1851 4320 δέος
1894 4240 2010 4308 εἷλε

553 4334 816 4408 πάντας·
862 4330 1016 4412 ὑπὲρ
1061 4339 1325 4413 κεφαλῆς
1369 4330 1484 4414 γὰρ
1526 4327 1832 4412 αμήχανος
1877 4323 1989 4410 ἦεν
2029 4327 2302 4411 ὄλεθρος.

292 4441 337 4500 ι.
368 4460 422 4500 e.
469 4458 616 4516 „eos
661 4440 1029 4517 remigantes
1072 4438 1298 4498 tamdiu
1344 4438 1510 4498 labor
1552 4438 1766 4514 tenuit,
1811 4437 1997 4498 donec
2039 4439 2162 4511 ipse
2205 4455 2333 4495 eam
2368 4431 2638 4515 (navem)
