3132 5129
1257 406 1549 470 —249
1642 445 1711 455 -

317 562 784 623 adolescentium
829 565 1212 639 conspiratio.
1305 564 1502 624 Unum
1549 566 1651 625 hic
1690 565 1995 625 nominare
2038 567 2205 625 iuvat
2248 586 2315 624 ex
2362 570 2455 626 tot
2498 582 2654 627 mor-

327 649 446 707 tuis
491 649 848 709 immortalis
891 650 1210 709 memoriae
1267 650 1412 708 viris
1455 649 1833 710 Fichtium
1878 669 2121 727 gravem
2166 652 2336 710 illum
2382 671 2656 711 severum

320 735 754 810 impetuosum,
816 734 994 794 modo
1038 734 1448 811 philosophiae
1493 736 1804 795 abstrusae
1849 736 2165 795 obscurum
2225 737 2453 813 vatem,
2511 740 2655 797 tunc

315 837 453 877 vero
497 820 662 877 inter
705 819 932 879 medios
976 819 1240 879 hostium
1285 821 1687 895 speculatores
1743 821 2051 897 popularis
2096 821 2479 897 ‘eloquentiae
2524 840 2654 881 ora-

313 906 527 962 torem.
603 904 730 963 Nec
771 904 1170 981 praeceptoris
1214 906 1414 964 verbis
1458 905 1883 981 discipulorum
1929 906 2087 965 facta
2130 905 2477 966 defuerunt:
2523 925 2655 966 cum

189 1050 198 1059 ,
317 988 558 1048 tandem
604 988 900 1048 illuxisset
943 989 1110 1065 „dies
1151 991 1274 1048 irae
1317 988 1461 1048 illa“
1507 992 1980 1066 iustissimaeque
2026 990 2323 1049 vindictae
2369 993 2654 1065 omnium,

318 1074 661 1150 quicunque
729 1074 1078 1134 Germanico
1143 1074 1386 1133 nomine
1459 1075 1625 1153 digni
1693 1076 1918 1149 essent,
2001 1075 2433 1135 ardentissimis
2497 1078 2656 1137 votis

318 1161 632 1233 exoptata,
690 1178 825 1218 cum
881 1162 1085 1219 exorta
1141 1159 1550 1219 sanctissimae
1602 1161 1945 1219 rebellionis
2000 1162 2353 1235 tempestate
2398 1162 2656 1220 fremens

313 1242 580 1318 undique
625 1243 882 1320 populus
926 1244 1000 1303 ad
1046 1264 1209 1303 arma
1252 1245 1627 1321 convolaret,
1684 1248 1812 1305 tum
1858 1247 1919 1303 et
1962 1245 2385 1305 adolescentuli
2430 1246 2655 1305 studio-

315 1348 448 1385 rum
501 1328 1008 1404 scientiarumque
1067 1329 1457 1388 amantissimi
1530 1348 1701 1406 „non
1761 1330 1851 1389 illi
1916 1348 2023 1405 pro
2088 1330 2239 1389 caris
2294 1330 2499 1390 amicis
2553 1335 2659 1391 aut

315 1413 510 1489 patria
565 1414 762 1473 timidi
816 1413 1062 1490 perire“
1117 1414 1342 1473 relictis
1395 1413 1565 1473 libris
1620 1416 1739 1474 tela
1794 1418 2038 1491 parant,
2098 1434 2169 1473 ex
2229 1415 2538 1475 auditoriis
2594 1419 2659 1475 et

321 1497 692 1557 umbraculis
735 1500 799 1557 in
843 1498 986 1557 belli
1032 1518 1226 1558 aream
1272 1518 1723 1575 pugnarumque
1769 1518 2005 1575 campos
2037 1499 2290 1559 audaces
2318 1500 2656 1577 prosiliunt,

315 1585 737 1642 veteranorum
781 1584 974 1642 instar
1017 1584 1278 1643 militum
1321 1585 1573 1644 vulnera
1616 1585 1921 1660 excipiunt
1962 1587 2349 1661 apertamque
2394 1585 2456 1643 in
2502 1604 2655 1645 mor·

319 1668 442 1725 tem
487 1668 728 1727 irruunt
771 1690 881 1743 -3
928 1672 989 1727 et
1031 1668 1450 1728 idealistae
1492 1670 1613 1745 illi,
1668 1688 1819 1745 quos
1864 1670 2155 1745 superbus
2199 1668 2505 1729 Gallorum
2551 1670 2656 1729 im-

315 1754 560 1828 perator
593 1785 668 1794 —
701 1752 928 1813 scilicet
971 1754 1066 1813 vir
1109 1754 1202 1813 sui
1247 1755 1463 1813 saeculi
1509 1752 2021 1831 πρακτικῶτατοςέ
2068 1786 2143 1796 -
2192 1755 2389 1814 tacite·
2413 1755 2657 1830 quidem

317 1855 566 1913 perosus
609 1839 805 1913 palam
849 1842 1049 1897 tamen
1095 1858 1230 1897 cum
1276 1840 1625 1916 contemptu
1672 1858 1844 1914 saepe
1901 1840 2198 1914 irriserat,
2258 1840 2412 1898 haud
2456 1839 2656 1900 ultimi

313 1922 582 1998 profecto
625 1924 898 2000 fuerunt,
960 1924 1063 1998 qui
1105 1924 1392 1983 invictam
1435 1925 1560 1983 eius
1602 1925 1936 2000 potentiam
1979 1925 2448 2000 praecipitarent
2502 1926 2657 2000 „sol-

314 2012 642 2084 verentque
685 2008 748 2066 in
793 2007 1138 2068 favillam!“
1210 2009 1382 2068 Hanc
1425 2028 1665 2085 quoque
1707 2010 2019 2069 initiorum
2051 2009 2403 2069 Vestrorum
2435 2029 2655 2069 memo-

315 2092 464 2150 riam
508 2111 613 2151 cur
653 2111 766 2152 nos
809 2112 1045 2169 quoque
1071 2094 1169 2153 hic
1198 2094 1637 2169 recoluerimus,
1687 2094 1883 2154 dicere
1912 2095 2062 2153 nihil
2093 2096 2328 2165 attinet,
2378 2096 2659 2170 quoniam

315 2178 580 2236 omnium
641 2178 704 2236 in
758 2178 1062 2237 mentibus
1119 2179 1389 2239 inhaeret
1440 2181 1709 2238 omnium
1762 2179 1826 2238 in
1883 2179 2087 2239 oribus
2153 2183 2426 2239 versatur
2492 2181 2657 2239 illius

313 2262 410 2321 hic
453 2280 524 2321 ex
569 2262 757 2321 fratre
799 2282 1002 2339 nepos,
1051 2258 1152 2338 ‹iui

569 2381 812 2456 „idem
857 2382 1196 2441 omnibus
1241 2383 1939 2477 communis·hostis
1983 2382 2401 2442 imminet!“

483 2499 718 2559 Videtis
763 2500 982 2578 igitur,
1030 2499 1195 2559 Viri
1241 2500 1724 2577 Gravissimi,
1783 2520 1990 2561 causas
2046 2521 2168 2560 non
2213 2502 2409 2561 minus
2466 2501 2655 2562 iustas

317 2604 496 2661 quam
543 2585 790 2644 cuilibet
819 2585 1302 2646 Germanicarum
1347 2587 1809 2647 universitatum
1854 2588 2033 2646 etiam
2076 2589 2315 2646 nostrae
2344 2587 2657 2647 Helvetiae

318 2671 518 2745 fuisse,
566 2675 636 2729 ut
663 2670 850 2730 Vobis
895 2670 1114 2730 saeculi
1156 2673 1221 2730 et
1249 2670 1563 2731 dimidium
1595 2672 1854 2731 feliciter
1879 2675 2186 2748 peractum
2217 2672 2659 2750 gratularemur

316 2757 379 2814 et
421 2755 673 2815 alteram
716 2758 947 2831 partem
991 2774 1277 2832 prospere
1315 2757 1789 2832 persequendam
1818 2776 2212 2834 precaremur.
2288 2759 2657 2833 Quamquam

316 2858 424 2898 nec
477 2840 796 2916 peculiaria
861 2840 1078 2901 desunt
1147 2840 1340 2899 mutui
1404 2842 1564 2901 inter
1620 2841 1899 2902 Vestram
1964 2845 2144 2918 atque
2201 2847 2467 2902 nostram
2531 2862 2657 2902 rem

315 2923 620 3000 publicam
665 2926 947 2984 consortii
991 2925 1372 2986 documenta:
1429 2929 1489 2985 et
1542 2927 1735 2986 nostri
1791 2927 1949 2986 cives
2009 2929 2152 2986 satis
2198 2929 2369 2988 multi
2416 2947 2659 3003 magno-

317 3027 448 3068 rum
501 3009 832 3084 doctorum,
879 3011 980 3085 qui
1025 3029 1134 3086 per
1176 3009 1328 3069 illud
1357 3012 1643 3087 temporis
1674 3012 1938 3086 spatium
1967 3013 2122 3088 apu'd
2154 3011 2280 3072 Vos
2310 3013 2657 3089 floruerunt,

320 3094 595 3154 obstricti
642 3095 920 3170 discipuli
953 3127 1028 3136 -
1065 3114 1217 3170 quos
1260 3096 1420 3154 inter
1463 3096 1788 3173 legationis
1832 3099 2074 3156 nostrae
2118 3098 2393 3174 princeps
2435 3102 2660 3173 quanta

321 3197 460 3238 cura
514 3182 578 3239 et
631 3179 860 3254 pietate
905 3179 1593 3240 Schleiermacheri
1636 3180 1841 3241 Vestri
1890 3181 2125 3240 ethicen
2180 3181 2510 3242 doctrinam
2566 3200 2658 3241 co·

322 3261 530 3339 luerit,
589 3264 722 3340 quis
776 3263 1010 3324 nescit?
1063 3297 1126 3306 -·
1183 3268 1246 3324 et
1298 3267 1717 3341 praeceptores
1773 3266 1934 3325 haud
1988 3266 2158 3342 pauci
2216 3269 2322 3326 aut
2378 3266 2660 3342 Berolino

319 3347 605 3408 Turicum
656 3352 761 3408 aut
801 3349 979 3408 etiam
1027 3349 1241 3410 Turico
1271 3349 1621 3409 Berolinum
1666 3351 1923 3426 evocati,
1970 3370 2225 3426 quorum
2270 3370 2425 3410 unus
2480 3351 2659 3410 etiam

318 3435 410 3492 est
461 3434 620 3493 inter
682 3433 913 3510 legatos
969 3454 1005 3493 a
1056 3434 1229 3494 nobis
1273 3434 1502 3494 missos.
1592 3435 1719 3494 Hos
1764 3436 1951 3510 igitur
1993 3436 2222 3512 legatos
2269 3438 2338 3494 ut
2379 3453 2659 3496 sensuum

318 3521 660 3578 nostrorum
713 3518 1136 3578 disertissimos
1190 3517 1549 3596 interpretes
1615 3520 1702 3579 ita
1755 3519 1957 3580 Vestri
2024 3521 2162 3579 festi
2228 3520 2659 3581 libentissimos

321 3605 502 3662 testes
559 3602 748 3664 Vobis
801 3621 1040 3679 quoque
1095 3607 1366 3680 acceptos
1434 3605 1564 3664 fore
1629 3623 1935 3682 speramus
1999 3605 2222 3665 vinculi
2286 3605 2475 3680 illius,
2541 3624 2659 3680 quo

325 3706 528 3748 omnes
571 3688 814 3748 omnino
860 3688 1284 3748 universitates
1329 3690 1597 3766 copulari
1640 3691 1917 3765 vidimus,
1963 3690 2161 3766 gratia
2204 3689 2443 3750 confisi!

489 3873 612 3934 Sed
657 3875 937 3951 quoniam
981 3874 1162 3934 etiam
1205 3875 1362 3934 hunc
1405 3877 1862 3952 gratulatorium
1906 3875 2177 3936 libellum
2229 3876 2306 3935 ad
2360 3895 2467 3936 vos
2523 3877 2661 3935 mit-

327 3959 448 4018 tere
501 3959 757 4035 placuit,
816 3960 911 4019 cui
969 3979 1132 4020 more
1187 3961 1480 4020 maiorum
1538 3961 1900 4022 litterarium
1954 3964 2375 4038 argumentum
2418 3961 2657 4037 inesset,

323 4061 432 4120 ego
479 4063 732 4120 quoque,
778 4045 944 4104 cuius
987 4045 1132 4105 haec
1174 4048 1268 4104 est
1309 4045 1372 4104 in
1415 4049 1625 4106 nostra
1668 4047 2055 4106 universitate
2097 4045 2434 4123 provincia,
2480 4047 2658 4105 hono-

323 4127 822 4188 rificentissimum
878 4129 1226 4189 mandatum
1280 4132 1510 4207 suscepi
1569 4131 1726 4190 haud
1784 4131 2010 4190 invitus
2027 4175 2042 4206 ,
2099 4133 2171 4188 ut
2223 4131 2403 4189 etiam
2462 4149 2658 4190 meum

324 4231 455 4271 cum
507 4213 798 4289 pristinae
851 4215 1083 4292 patriae
1135 4217 1267 4273 tum
1321 4215 1378 4273 ei
1430 4215 1599 4291 urbi,
1668 4215 1824 4274 unde
1878 4218 2213 4275 maternum
2269 4214 2413 4273 mihi
2466 4234 2657 4294 genus

323 4301 430 4372 est,
475 4299 856 4358 ostenderem
900 4299 1166 4359 studium
1211 4318 1651 4376 memoremque
1692 4317 1953 4360 amorem
1998 4319 2108 4359 nec
2137 4299 2444 4360 duodecim
2476 4319 2657 4361 anno-

327 4399 462 4440 rum
506 4382 686 4443 exilio
729 4402 1005 4461 novaque
1048 4385 1291 4445 civitate
1334 4386 1695 4446 exstinctum
1737 4402 1847 4443 nec
1889 4404 2173 4461 umquam
2215 4385 2330 4446 nisi
2361 4405 2497 4445 cum
2526 4387 2657 4462 ipso

329 4466 542 4542 spiritu
585 4469 935 4547 periturum,
980 4470 1213 4530 etiamsi
1256 4473 1328 4530 ut
1368 4470 1561 4530 adhuc
1605 4470 1695 4530 ita
1736 4470 1802 4528 in
1829 4473 2134 4548 posterum
2164 4471 2367 4550 gravis
2396 4471 2653 4532 fatorum
