3132 5129
1441 397 1737 461 —492
1831 435 1900 443 —

503 557 895 633 compositum
942 575 1068 617 esse
1127 556 1510 615 statuendum
1566 558 1688 629 est,
1745 559 1814 613 ut
1863 574 1970 630 per
2025 576 2086 614 se
2133 558 2464 630 spectatum
2510 559 2570 613 et
2612 555 2849 612 facilem

499 642 873 701 intellectum
916 644 978 700 et
1018 642 1281 701 absoluti
1327 641 1449 700 suis
1493 639 1758 699 numeris
1801 639 2037 698 artificii
2097 640 2551 700 delectationem
2605 638 2841 698 habeat.

503 727 845 786 Clarissimo
891 729 1089 786 autem
1135 727 1260 801 ipse
1302 728 1507 801 poeta,
1556 743 1708 800 quae
1751 743 1927 784 causa
1967 725 2181 784 huius
2225 725 2468 801 quidem
2513 723 2849 799 Daphnidis

505 813 585 871 sit
628 815 805 887 atque
850 812 1052 889 culpa,
1100 831 1156 871 v.
1193 813 1271 871 97
1298 830 1384 886 sq.
1433 809 1792 869 declaravit:

758 937 941 1049 κῆπε·
989 944 1083 1006 ’τύ
1128 951 1256 1021 θην
1300 942 1406 1005 τὸν
1438 936 1697 1047 Ἔρωτα
1718 935 1852 1002 κατ’
1899 963 2096 1022 ευχεο,
2145 937 2385 1021 Δάφνι,
2430 945 2715 1025 λυγιξεῖν·

754 1022 891 1110 ἆρ’·
881 1028 1020 1091 -οὐκ
1065 1024 1250 1103 αὐτὸς
1275 1020 1538 1110 Ἔρωτος
1587 1023 1697 1089 ὑπ’
1745 1016 2010 1109 ἀργαλέω
2054 1024 2430 1108 ἐλυγίχθηςΰ

678 1190 943 1259 Quorum
973 1206 1251 1247 versuum
1282 1185 1402 1245 vim
1448 1185 1578 1249 iam,
1613 1183 2050 1260 simplicissime
2083 1183 2508 1259 verissimeque
2543 1183 2848 1242 Iacobsius

506 1274 596 1333 his
641 1273 839 1333 verbis
897 1273 1328 1331 declaraverat:
1391 1270 1662 1345 „scilicet
1711 1268 1982 1343 Daphnis
2039 1288 2344 1345 nunquam
2389 1268 2630 1327 Amoris
2674 1269 2734 1327 vi
2780 1289 2840 1327 se

505 1362 846 1433 superatum
880 1357 954 1415 iri
985 1356 1289 1432 professus
1320 1354 1575 1430 fuerat“,
1620 1355 1782 1413 omni
1815 1355 2175 1414 matrimonii
2209 1352 2618 1428 maritalisque
2650 1372 2842 1413 sacra-

504 1444 693 1502 menti
738 1443 1042 1501 mentione
1088 1441 1349 1499 abiectas
1412 1440 1617 1498 Mirari
1661 1440 1853 1516 igitur
1897 1439 2090 1515 subit,
2138 1437 2279 1514 quid
2327 1439 2409 1497 sit
2440 1437 2598 1514 quod
2645 1441 2846 1497 tamen

506 1547 709 1587 omnes
756 1529 819 1586 in
862 1546 926 1586 re
969 1526 1349 1600 apertissima
1392 1530 1452 1583 et
1494 1525 1614 1582 iam
1644 1522 1869 1581 dudum
1912 1524 2237 1583 rectissime
2266 1518 2526 1581 indic'ata
2556 1522 2847 1581 caecutire

507 1617 686 1687 atque
745 1613 867 1670 labi
925 1611 1323 1687 perstiterint.
1429 1608 1671 1668 Scilicet
1725 1606 2013 1667 habemus
2077 1608 2173 1666 hic
2232 1626 2470 1683 quoque
2534 1626 2714 1665 unum
2778 1628 2848 1665 ex

509 1697 642 1756 istis
685 1698 784 1771 qui
833 1695 1115 1753 dicuntur
1161 1694 1499 1770 „lapidibus
1545 1692 1928 1752 offensionis“
1932 1739 1947 1767 ,
1997 1694 2214 1768 quibus
2259 1692 2558 1752 interdum
2601 1692 2846 1768 longam

509 1781 986 1840 acutissimorum
1034 1778 1430 1854 interpretum
1476 1778 1691 1836 seriem
1735 1778 2035 1852 prosterni
2068 1778 2366 1853 videmus,
2415 1777 2558 1835 dum
2602 1777 2851 1835 circuni·

508 1865 823 1940 spicientes
880 1864 1031 1923 alius
1095 1863 1301 1922 dextra
1353 1863 1532 1922 alius*
1562 1861 1805 1921 sinistra
1864 1863 2015 1921 alius
2070 1884 2105 1920 a
2147 1864 2343 1921 fronte
2401 1862 2553 1921 alius
2598 1882 2633 1920 a
2675 1864 2849 1939 tergo

507 1969 708 2009 casum
767 1968 977 2009 cavere
1033 1947 1307 2024 student,
1364 1966 1474 2006 nec
1528 1947 1844 2022 quisquam
1902 1947 2129 2006 interea
2183 1947 2399 2021 cernit,
2457 1966 2610 2022 quae
2664 1944 2853 2021 παραὶ

512 2029 650 2091 ποσὶ
695 2037 902 2092 κεῖται.
975 2032 1285 2091 Eiusmodi
1329 2032 1482 2107 lapis
1527 2031 1624 2090 hic
1654 2031 1894 2106 quidem
1939 2034 2033 2091 est
2075 2052 2209 2093 cum
2255 2035 2380 2091 tota
2408 2032 2612 2107 Priapi
2640 2033 2849 2092 'oratio

513 2141 567 2180 v.
602 2121 889 2195 81—-91,
938 2120 1066 2176 tum
1110 2118 1363 2176 maxime
1408 2118 1536 2176 cius
1581 2116 1853 2175 initium:

848 2305 928 2316 --
978 2263 1185 2345 Δάφνι
1230 2259 1447 2346 τάλαν,
1495 2265 1553 2326 τί
1593 2257 1663 2325 τὺ
1706 2262 1942 2334 teimau
1986 2260 2027 2325 ἆ
2074 2263 2137 2326 δέ
2184 2288 2242 2326 τε
2285 2265 2451 2347 κώρα

762 2364 958 2426 πᾶσας
1002 2346 1118 2413 ἀνὰ
1164 2351 1421 2430 nocivas,
1465 2344 1649 2411 πάντ’
1695 2345 1875 2411 αλσεα
1919 2349 2097 2411 ποσσὶ
2143 2356 2416 2429 φορεῖται

764 2434 1017 2514 ζατεῦσ’·
1060 2464 1101 2500 α
1151 2436 1419 2519 δύσερώς
1461 2459 1548 2509 τις
1592 2459 1746 2515 αγαν
1788 2434 1889 2496 καὶ
1933 2431 2237 2516 α’μοὶχανος
2282 2432 2420 2497 ἐσσί.

678 2598 794 2657 Hic
826 2596 1064 2671 quidem
1095 2614 1231 2655 cum
1260 2596 1574 2653 memorari
1594 2593 1900 2654 videretur
1928 2593 2131 2668 puella
2160 2592 2468 2667 Daphnidi
2499 2591 2850 2668 desiderata,

509 2684 582 2741 de
627 2702 697 2740 ea
741 2682 984 2757 eiusque
1029 2679 1331 2739 erroribus
1375 2679 1494 2738 dici
1537 2697 1659 2737 non
1704 2681 1903 2754 potest
1945 2697 2123 2754 quam
2183 2676 2559 2737 incredibilia
2615 2680 2852 2754 excogi-

509 2766 769 2827 taverint
823 2766 1196 2840 interpretes,
1284 2764 1438 2824 Aliis
1492 2764 1653 2824 enim
1708 2783 1855 2823 uxor
1897 2763 2232 2838 Daphnidis
2291 2766 2420 2820 erat
2471 2762 2617 2822 Nais
2672 2764 2852 2820 mori-

512 2851 783 2910 bundum
826 2849 1140 2924 maritum,
1189 2849 1320 2907 aliis
1366 2852 1564 2907 amata
1606 2849 1682 2908 ab
1729 2867 1796 2907 eo
1842 2848 2039 2924 puella
2069 2847 2350 2923 cupidum
2381 2851 2704 2906 amatorem
2738 2866 2851 2921 per

511 2938 709 2994 fontes
752 2953 859 3009 per
902 2938 1135 2993 montes
1180 2933 1373 2993 veloci
1415 2933 1566 3009 pede
1611 2952 1901 3009 quaerens
1947 2936 2009 2992 et
2050 2936 2308 3008 sectanS,
2355 2952 2472 3008 qua
2514 2933 2579 2991 in
2621 2952 2684 2992 re
2727 2934 2854 3008 pri-

512 3039 674 3078 mum
719 3019 830 3079 hoc
877 3018 1221 3077 incredibile
1267 3021 1385 3092 est,
1434 3018 1621 3093 quod,
1671 3036 1803 3076 cum
1848 3017 2113 3093 Daphnis
2159 3016 2260 3076 ubi
2306 3017 2387 3077 sit
2429 3019 2494 3075 et
2536 3016 2746 3076 beluae
2787 3021 2856 3076 et

512 3105 767 3181 pecudes
811 3106 874 3162 et
915 3104 1187 3162 homines
1233 3105 1295 3161 et
1336 3103 1435 3161 Dii
1483 3104 1677 3162 sciant
1719 3120 1952 3178 omnes,
1999 3102 2128 3162 sola
2170 3120 2320 3177 quae
2364 3103 2592 3161 nesciat
2635 3102 2717 3161 sit
2759 3121 2849 3179 ea,

511 3209 688 3266 quam
737 3188 828 3250 vel
885 3187 1137 3246 maxime
1196 3187 1344 3247 scire
1390 3191 1852 3246 consentaneum
1913 3188 2011 3246 sit.
2103 3186 2255 3244 Tum
2303 3186 2586 3262 quoniam
2631 3188 2850 3261 permi-

512 3295 647 3333 rum
709 3292 848 3334 sane
892 3271 1234 3348 videbatur,
1292 3272 1452 3348 quod
1503 3272 1775 3347 Daphnis
1829 3272 2061 3347 puellae
2115 3290 2314 3331 amore
2369 3272 2595 3346 periret
2649 3272 2852 3345 ipsum

460 3411 465 3417 .
512 3360 671 3418 ultro
703 3361 967 3433 secutae,
1016 3360 1121 3416 aut
1147 3356 1224 3416 ad
1254 3358 1678 3432 tempestivum
1706 3357 2180 3432 benevolumque
2224 3356 2622 3431 confugerunt
2648 3356 2853 3431 Priapi

513 3444 919 3518 mendacium,
980 3462 1096 3518 quo
1142 3442 1519 3517 Daphnidem
1564 3442 1996 3516 consolaretur,
2054 3440 2214 3517 quod
2268 3440 2564 3516 quomodo
2624 3445 2728 3499 aut
2770 3441 2856 3499 la·

517 3530 664 3589 scivi
707 3528 819 3587 Dei
864 3532 1107 3586 naturae
1163 3530 1266 3585 aut
1309 3527 1583 3601 sequenti
1638 3527 2003 3585 cavillationi
2057 3527 2406 3599 conveniat,
2463 3544 2638 3584 nemo
2684 3526 2857 3585 facile

514 3613 761 3688 dixerit,
822 3615 955 3688 aut,
1015 3616 1084 3671 ut
1124 3612 1253 3686 ipse
1306 3610 1641 3686 Iacobsius,
1699 3610 1849 3670 hanc
1905 3613 2394 3687 excogitaverunt
2447 3609 2709 3668 fabulam
2755 3611 2852 3670 vel

514 3699 908 3757 recentiorum
955 3696 1360 3756 misericordia
1404 3696 1852 3771 dignissimam,
1909 3698 1979 3754 ut
2021 3695 2400 3771 Daphnidem
2446 3696 2570 3754 sive
2613 3695 2853 3754 iurisiu-

513 3783 689 3840 randi
743 3782 1072 3842 reverentia
1129 3782 1255 3841 sive
1311 3780 1603 3839 castitatis
1659 3780 1859 3839 studio
1915 3781 2298 3856 quantumvis
2343 3783 2405 3838 et
2447 3781 2745 3838 amantem
2791 3786 2855 3839 et

515 3868 887 3926 redamatum
930 3870 1131 3925 tamen
1175 3865 1248 3924 ab
1293 3883 1493 3923 amore
1537 3864 1594 3922 h.
1626 3885 1676 3924 e.
1722 3883 1757 3923 a
1797 3865 2120 3924 concubitu
2150 3884 2279 3925 sese
2309 3865 2715 3924 abstinentem
2742 3865 2849 3923 fin-

512 3954 752 4028 gerent,
802 3951 1051 4027 dignum
1096 3951 1364 4025 profecto
1410 3949 1830 4008 monachorum
1876 3950 2140 4009 moribus
2186 3950 2452 4010 facinus!
2523 3948 2641 4007 Sed
2671 3949 2849 4009 etiam

514 4037 840 4112 sequentia,
887 4037 1102 4111 quibus
1149 4033 1512 4110 „salacitatis
1557 4033 1933 4109 Daphnidem
1977 4035 2306 4095 salacitatis
2350 4034 2637 4110 magister
2678 4035 2852 4110 gravi

518 4141 585 4179 ac
631 4140 834 4181 severa
879 4121 1144 4190 oratione
1199 4118 1489 4194 incuset“,
1546 4118 1693 4177 adeo
1750 4119 1824 4177 ab
1878 4119 2003 4179 eius
2047 4121 2287 4198 ingenio
2332 4120 2524 4179 aliena
2566 4118 2854 4177 iudicavit

517 4205 909 4265 Doederlinus
955 4225 1014 4279 p.
1049 4205 1117 4279 5,
1165 4208 1234 4263 ut
1274 4224 1333 4263 v.
1368 4207 1616 4264 86—-91
1676 4205 1884 4263 statim
1937 4209 2079 4279 post
2135 4207 2214 4264 78
2274 4204 2486 4280 positis
2540 4222 2667 4263 eam
2724 4222 2848 4262 ora—

517 4291 740 4349 tionem
773 4290 1068 4350 Mercurio
1114 4290 1300 4365 daret,
1348 4309 1523 4366 quem
1569 4292 1637 4348 ut
1678 4292 1912 4364 patrem
1943 4291 2264 4365 „adversus
2295 4289 2484 4347 filium
2513 4289 2850 4365 graviorem

518 4375 830 4434 monitoris
874 4393 1187 4451 personam
1232 4395 1465 4435 sumere
1510 4375 1600 4433 fas
1631 4374 1819 4433 erat.“
1885 4374 2071 4435 Vides
2112 4395 2335 4435 novum
2363 4392 2654 4432 errorem:
2701 4371 2852 4430 Mer·

519 4459 748 4521 curium
795 4459 1123 4536 Daphnidis
1167 4464 1423 4536 patrem‘
1445 4479 1573 4520 esse
1617 4478 1865 4534 prorsus
1909 4462 2151 4537 ignorat
2194 4459 2562 4519 Theocritus.
2649 4456 2849 4516 Aliam
