3132 5129
1218 379 1511 443 —425
1607 418 1679 426 —

277 536 469 609 enim,
528 536 629 611 qui
686 536 913 612 primus
969 538 1031 595 in
1076 537 1390 597 Germania
1446 556 1516 596 ex
1561 537 1851 597 Aldina
1897 538 2162 597 editione
2221 539 2376 598 eirca
2420 540 2618 614 ipsum

278 622 452 679 huius
515 622 734 679 saeculi
791 623 1030 681 initium
1087 641 1361 698 expressa
1405 622 1795 698 paraphrasin
1841 623 2118 697 repetiit,
2178 642 2361 698 usquo
2405 624 2480 683 ad
2528 644 2616 682 se·

276 706 522 781 quentis
567 706 783 765 saeculi
830 727 1051 765 annum
1084 707 1305 765 XLIV.
1352 726 1472 765 non
1517 709 1712 765 minus
1743 707 1939 765 XXVI
1984 708 2277 767 editiones
2322 710 2383 767 in
2429 710 2619 784 iisque

278 793 457 850 etiam
503 780 751 848 duae'a.
787 792 1098 850 MDLXXI
1143 796 1206 851 et
1247 792 1650 852 MDLXXVII
1693 792 2035 851 Basileae
2078 794 2267 868 apud
2313 793 2616 852 Petrum

277 877 585 934 Pernam
628 877 1012 951 prodierunt,
1058 895 1167 936 nec
1211 878 1607 952 interpretum
1653 878 1913 935 studium
1945 879 2198 936 cessavit
2226 881 2366 953 post
2397 877 2442 937 C
2467 878 2618 936 hri-

279 960 714 1036 stophorum
770 961 1477 1038 Hegendorphinum
1535 963 1808 1021 Ioanne
1865 962 2217 1037 Bordat0,
2275 963 2618 1023 Erhardo

280 1046 774 1118 HedenecciO,
833 1046 1153 1106 Henrico
1198 1047 1645 1122 Bollmgero
1703 1047 1766 1105 in
1823 1064 1952 1104 eam
2014 1048 2380 1121 provinciam
2425 1067 2620 1107 succe-

284 1130 582 1189 dentibuS.
672 1130 763 1189 Ex
818 1131 910 1189 his
964 1135 1166 1191 tamen
1222 1131 1584 1191 editionibus
1639 1135 1875 1207 praeter
1919 1132 2251 1207 principem
2297 1132 2446 1191 duae
2491 1137 2620 1191 tan·

280 1221 407 1274 tum
474 1214 767 1290 hodieque
834 1215 1205 1276 adhibendae
1272 1220 1440 1290 sunt,
1508 1236 1629 1274 una
1674 1216 2058 1276 Francisci
2104 1216 2402 1290 Nansii,
2473 1237 2620 1292 quae

286 1300 611 1375 „Lugduni
656 1299 1020 1359 Batavorum
1066 1321 1133 1359 ex
1180 1302 1419 1359 officina
1459 1300 1881 1362 Plautiniana“
1925 1321 1977 1359 a.
2015 1300 2455 1359 MDLXXXIX.
2491 1321 2622 1376 pro-

283 1386 425 1459 diit,
485 1388 727 1459 propter
782 1389 984 1460 notaS,
1044 1388 1146 1460 „in
1204 1387 1417 1461 quibus
1475 1387 1667 1444 multa
1723 1404 1844 1445 non
1900 1385 2172 1461 vulgaria
2228 1388 2619 1458 tractantur“,

283 1489 392 1546 pro
437 1469 557 1528 illis
601 1471 967 1544 temporibus
1012 1472 1217 1529 doctas
1262 1489 1402 1529 sane
1457 1472 1636 1545 atque
1683 1471 1757 1529 ad
1803 1471 2317 1545 interpretandum
2363 1474 2424 1528 et
2466 1462 2621 1529 com-

281 1554 610 1630 parandum
654 1572 787 1612 cum
832 1556 1155 1631 archetypo
1203 1556 1483 1615 Nonnum
1530 1555 1682 1613 haud
1730 1554 2212 1618 contemnendas,
2289 1554 2514 1614 Contra
2557 1557 2622 1613 in

288 1638 701 1713 interpolando
747 1639 963 1699 Nonne
1007 1640 1344 1700 incredibili
1392 1640 1745 1699 credulitate
1792 1644 2058 1701 versatus
2103 1643 2210 1703 est.
2286 1639 2440 1698 Nam
2486 1659 2621 1700 cum

283 1725 401 1783 iam
445 1722 765 1782 Ioannes
811 1724 1214 1799 BordatuS,
1263 1726 1427 1784 cuius
1472 1725 1657 1783 editio
1702 1726 1985 1799 „Parisiis
2029 1744 2100 1783 ex
2143 1724 2380 1784 officina
2425 1723 2621 1784 Caroli

284 1808 548 1868 Perieri“
594 1828 645 1870 a.
692 1808 948 1868 MDLXI
991 1810 1245 1885 prodiit,
1301 1811 1415 1885 „ad
1470 1810 1781 1886 octoginta
1838 1829 2042 1870 versus
2096 1812 2261 1885 operi
2305 1829 2514 1869 maneo
2561 1829 2622 1868 se

282 1894 614 1953 restituisse
659 1912 729 1951 ex
776 1896 1179 1970 manuscripto
1226 1895 1424 1954 codice
1453 1894 1655 1954 Iacobi
1687 1894 2063 1956 Salomonis“
2097 1898 2202 1952 aut
2233 1897 2389 1969 turpi
2423 1912 2622 1953 errore

286 1982 390 2037 aut
445 1978 787 2054 impudente
846 1980 1154 2039 mendacio
1209 1980 1700 2055 praedicavisset,
1760 1982 2017 2040 Nansius
2082 1998 2204 2038 non
2269 1980 2461 2038 solum
2517 1980 2623 2039 hos

291 2097 359 2105 —
399 2067 571 2121 erant
613 2082 752 2122 vero
796 2083 914 2123 non
944 2065 1161 2123 LXXX
1192 2065 1293 2123 sed
1323 2068 1558 2123 tantum
1594 2064 1849 2124 LXVIII
1881 2099 1960 2108 ——
1993 2068 2294 2139 tamquam
2336 2066 2625 2140 genuinos

286 2149 513 2223 recepit
558 2148 660 2206 sed
694 2149 892 2223 etiam,
939 2152 1208 2225 receptae
1238 2150 1512 2209 lectionis
1542 2149 1879 2226 ubicunque
1909 2151 2004 2209 vel
2037 2149 2308 2209 voculam
2342 2170 2376 2206 a
2407 2150 2623 2208 Nonno

289 2233 768 2310 praetermissam
814 2233 1060 2308 videret,
1109 2253 1237 2292 eam
1283 2235 1377 2293 vel
1422 2253 1541 2293 uno
1586 2235 1683 2293 vel
1727 2235 1996 2311 pluribus
2026 2233 2297 2293 versibus
2328 2235 2632 2308 exposuit,

286 2321 356 2377 ut
407 2336 529 2377 non
586 2318 784 2376 minus
830 2317 1172 2377 CCCLXIX
1216 2338 1424 2377 versus
1478 2338 1513 2376 a
1571 2337 1631 2376 se
1687 2320 1963 2378 adtextos
2020 2337 2144 2377 esse
2186 2320 2478 2394 gloriatus
2523 2319 2622 2376 sit.

287 2403 486 2462 Aliam
544 2420 787 2478 prorsus
843 2404 1003 2461 viam
1068 2403 1209 2462 iniit
1265 2403 1698 2462 Fridericus
1757 2403 2216 2480 Sylburgius
2284 2403 2624 2462 criticorum

288 2488 448 2546 illius
506 2489 793 2562 temporis
849 2488 1024 2546 facile
1080 2489 1385 2563 princepS,
1443 2489 1543 2562 qui
1601 2488 1664 2547 in
1720 2489 1981 2548 editione
2035 2508 2142 2546 sua
2200 2488 2457 2562 primum
2516 2508 2626 2561 „ex

288 2574 454 2633 Hier.
488 2573 840 2633 Commelini
884 2573 1330 2650 typographio“
1363 2594 1415 2632 a.
1452 2573 1763 2633 MDXCVI
1807 2575 2020 2633 emissa
2050 2577 2275 2632 textum
2306 2593 2374 2630 ex
2408 2574 2629 2632 Aldina

291 2661 492 2734 paucis
536 2659 784 2716 mutatis
828 2662 1225 2735 propagatum
1272 2679 1448 2734 „cum
1493 2658 1799 2718 Palatinae
1844 2659 2242 2718 bibliothecae
2285 2658 2442 2717 libro
2487 2663 2624 2718 ante

291 2741 488 2803 CCCC
517 2761 704 2802 annos
746 2747 985 2802 exarato
1034 2744 1354 2820 diligenter
1397 2745 1668 2818 contulit,
1715 2748 1778 2803 et
1821 2765 1970 2820 quae
2017 2744 2114 2802 vel
2157 2743 2339 2802 codex
2383 2743 2485 2801 ille
2530 2743 2623 2803 vel

292 2828 477 2904 ipsius
535 2828 838 2887 alienaeve
897 2830 1267 2889 coniecturae
1324 2830 1379 2887 ei
1423 2829 1484 2887 in
1529 2831 1870 2889 transcursu
1930 2829 2360 2906 suggerebant,
2425 2828 2628 2903 paucis

295 2912 672 2972 annotavit.“
714 2913 891 2972 Patet
919 2913 1074 2972 hunc
1106 2915 1364 2989 primum
1395 2915 1556 2972 certa
1582 2915 1982 2975 emendandae
2012 2913 2386 2990 paraphrasis
2418 2913 2628 2971 funda-

294 3001 497 3057 menta
543 2999 761 3073 iecisse,
810 3017 1169 3075 quamquam
1215 2999 1339 3075 ipse
1385 3017 1623 3074 quoque
1665 2999 1915 3059 Bordati
1960 3018 2185 3071 versuS,
2231 3017 2380 3073 quos
2425 3001 2628 3057 tamen

292 3082 535 3158 „Nonni
581 3084 785 3141 stilum
830 3083 989 3141 haud
1032 3084 1292 3142 referre“
1338 3085 1462 3159 ipse
1505 3084 1675 3161 vidit,
1723 3087 1983 3160 exceptis
2013 3083 2264 3142 XXXIX
2292 3084 2411 3142 illis
2456 3082 2628 3142 initio

293 3168 506 3243 eapitis
553 3167 719 3228 VIII.
762 3167 1161 3226 narrationem
1221 3170 1294 3228 de
1350 3168 1600 3228 muliere
1666 3170 1933 3228 adultera
1987 3169 2328 3228 tenentibus
2382 3168 2631 3226 retinuit

296 3271 520 3323 omnes,
569 3253 747 3311 etiam
779 3272 815 3310 a
843 3252 1125 3313 Passovio
1176 3255 1277 3328 qui
1322 3254 1466 3313 satis
1508 3254 1786 3330 ambigue
1832 3255 1904 3312 de
1948 3256 2021 3313 iis
2065 3275 2121 3329 p.
2156 3253 2271 3311 VII
2303 3253 2627 3326 admonuit,

290 3338 449 3395 male
506 3340 799 3396 servatos:
869 3342 1011 3397 sunt
1064 3338 1147 3395 ibi
1204 3339 1347 3413 XII,
1400 3340 1495 3397 18.
1556 3341 1635 3397 59
1668 3358 1754 3413 sq.
1813 3340 1913 3398 94.
1975 3339 2324 3396 125—128.
2390 3337 2507 3394 147
2540 3355 2627 3411 sq.

290 3421 455 3496 XIII,
492 3423 634 3481 135.
680 3422 839 3498 XIV,
871 3423 973 3485 49.
1021 3424 1100 3480 57
1129 3441 1215 3498 sq.
1265 3426 1341 3482 77
1375 3442 1460 3498 sq.
1515 3425 1656 3483 115.
1701 3423 1830 3498 XV,
1864 3425 1964 3483 81.
2013 3424 2283 3482 95-97.
2333 3420 2493 3494 XVI,
2529 3423 2628 3479 91.

292 3505 482 3582 XVII,
531 3509 568 3565 3
600 3526 687 3582 sq.
732 3508 834 3566 40.
883 3509 963 3566 85
997 3527 1086 3582 sq.
1133 3507 1354 3581 XVIII,
1406 3509 1547 3567 107.
1601 3510 1719 3567 133
1751 3527 1837 3584 sq.

463 3592 615 3650 Tum
652 3610 813 3666 vero,
854 3593 956 3667 qui
992 3593 1238 3651 ultimus
1275 3613 1344 3652 ex
1370 3592 1529 3652 hisce
1560 3593 1991 3669 antiquioribus
2020 3596 2223 3652 nostro
2251 3590 2454 3649 libello
2487 3609 2629 3665 ope-

300 3696 429 3735 ram
459 3676 931 3752 operosissimam
978 3678 1237 3752 navavit,
1280 3677 1635 3737 Nicolaus
1674 3678 2036 3737 Heinsius
2081 3679 2144 3736 in
2184 3674 2631 3735 Aristarcho

298 3780 512 3820 sacro
558 3761 714 3820 sive
760 3762 845 3819 ad
890 3761 1139 3820 Nonni
1197 3762 1269 3820 in
1313 3761 1709 3821 Iohannem
1755 3761 2279 3838 Metaphrasin
2325 3760 2629 3819 Exerci-

300 3845 763 3921 tationibuS,
830 3847 934 3922 qui
999 3846 1151 3905 liber
1211 3867 1334 3920 „ex
1404 3846 1642 3906 officina
1706 3845 2188 3907 Elzeviriorum“
2254 3846 2510 3921 primum
2579 3865 2630 3901 a.

300 3930 699 3990 MDCXXVII
727 3935 855 3990 tum
885 3950 937 3990 a.
972 3929 1391 3990 MDCXXXIX
1433 3932 1677 4008 prodiit,
1723 3933 1923 4008 potius
1970 3931 2322 3991 deterruisse
2365 3928 2633 3988 homines

298 4036 334 4074 a
378 4015 688 4074 tractanda
731 4015 1093 4092 metaphrasi
1138 4035 1312 4091 quam
1360 4015 1632 4074 allexisse
1676 4017 1747 4075 ad
1795 4036 1921 4075 eam
1954 4020 2015 4076 et
2042 4016 2335 4075 adiuvisse
2366 4013 2629 4073 videtur:

300 4104 425 4159 tam
480 4101 901 4160 inexorabilem
958 4104 1020 4158 et
1072 4101 1229 4158 haud
1284 4119 1419 4159 raro
1478 4101 1765 4159 iniustum
1833 4101 1954 4159 stili
2012 4101 2313 4158 Nonniani
2382 4098 2633 4156 iudicem

301 4185 444 4261 egit,
491 4185 677 4244 tantis
721 4186 1026 4244 doctrinae
1070 4185 1463 4260 undecunque
1504 4187 1876 4265 conquisitae
1919 4186 2178 4245 molibus
2208 4184 2407 4244 omnia
2437 4183 2637 4243 obruit

303 4272 366 4328 et
407 4270 576 4344 quasi
623 4271 995 4345 obscuravit,
1042 4273 1141 4343 ut,
1190 4289 1341 4346 quae
1387 4271 1575 4329 insint
1617 4271 1690 4330 ad
1737 4272 2020 4330 Nonnum
2063 4271 2257 4346 ipsum
2302 4272 2404 4328 aut
2447 4269 2631 4344 expli-

302 4354 557 4413 candum
603 4358 708 4414 aut
750 4355 1183 4415 emendandum
1228 4360 1337 4414 aut
1380 4374 1514 4414 eum
1560 4357 1872 4433 evangelio
1917 4355 2391 4432 comparandum,
2441 4354 2635 4413 denuo

304 4440 719 4517 investigando
790 4442 917 4517 ipse
986 4441 1248 4516 reperire
1320 4461 1497 4517 quam
1557 4462 1590 4500 e
1647 4443 1981 4502 vastissimo
2046 4441 2286 4518 gurgite
2349 4440 2639 4514 expiscari
2679 4445 2708 4492 7
