3132 5129
1331 420 1746 483 —81—

358 578 508 635 miro
576 578 841 653 quodam
908 597 1048 636 casu
1113 582 1290 636 enata
1353 597 1481 637 esse
1546 597 1723 654 aegre
1791 579 1935 636 mihi
2000 579 2408 653 persuadeam.
2496 581 2592 638 Ita
2650 580 2710 635 Γ

364 665 703 722 162-170
760 681 1025 721 novem
1091 663 1360 722 versibus
1413 662 1685 721 Priamus
1745 662 2031 721 Helenam
2090 665 2355 739 appellat
2409 664 2481 723 de
2540 667 2695 741 Aga-

360 766 676 806 memnone
747 766 1069 822 quaerens,
1141 749 1498 807 172—180
1560 766 1822 807 novem
1892 768 1960 806 ea
2023 749 2293 808 versibus
2358 750 2696 824 respondet,

368 834 708 891 iss—190
751 851 1004 891 novem
1051 833 1156 891 ille
1186 834 1457 891 versibus
1488 832 1957 908 Agamemnonis
2002 834 2327 908 potentiam
2375 835 2696 908 praedicat.

358 915 430 974 In
475 918 569 976 his
627 917 825 975 tribus
880 918 1255 976 orationibus
1297 916 1454 976 bunc
1508 917 1691 975 habes
1747 917 2124 991 strophorum
2184 919 2485 977 ordinem:
2541 918 2588 980 I.
2638 920 2695 990 2,

363 1003 429 1072 4,
478 1004 548 1075 33
596 1001 679 1059 ΙΙ.
726 1004 796 1073 4,
844 1003 912 1075 2,
962 1004 1030 1078 33
1078 1002 1188 1060 III.
1237 1003 1304 1074 2,
1354 1004 1425 1075 4,
1475 1004 1532 1060 3.
1622 1002 1805 1060 Porro
1868 1007 1920 1057 Δ
1966 1004 2301 1061 350-355
2348 1022 2467 1062 sex
2512 1005 2698 1063 versi·

362 1087 471 1143 bus
527 1104 653 1144 uno
706 1091 912 1144 tenore
977 1087 1429 1146 decurrentibus
1485 1087 1689 1145 Ulixes
1744 1087 2010 1164 graviter
2062 1088 2545 1163 indignabundus
2612 1090 2696 1146 in-

362 1172 580 1230 iustam
629 1172 801 1229 reicit
843 1172 1311 1247 Agamemnonis
1365 1172 1901 1246 vituperationem,
1951 1173 2286 1231 358—363
2342 1193 2468 1232 sex
2516 1174 2695 1232 versi-

361 1256 475 1314 bus
520 1255 624 1314 sed
672 1255 948 1314 binorum
1005 1276 1283 1316 versuum
1331 1256 1704 1315 cohaerentia
1761 1257 2061 1315 distinctis
2107 1256 2524 1332 Agamemnon
2569 1276 2697 1316 sese

360 1346 624 1399 excusat.
713 1340 797 1398 Et
850 1342 992 1399 item
1054 1342 1392 1401 404—410
1446 1343 1732 1417 septem
1789 1341 2059 1400 versibus
2118 1341 2434 1401 Sthenelus
2491 1342 2699 1401 acerbe

364 1427 836 1501 Agamemnonis
903 1426 1237 1485 convicium
1304 1428 1587 1502 castigat,
1655 1426 2017 1483 412—418
2077 1429 2357 1502 septem
2427 1427 2699 1486 versibus

362 1510 686 1569 Diomedes
755 1511 926 1568 amici
992 1512 1440 1586 castigationem
1508 1512 1805 1586 reprimit.
1909 1511 2103 1581 Quare
2166 1514 2343 1570 etiam
2410 1512 2561 1570 hanc
2625 1511 2700 1568 ob

362 1613 596 1654 causam
656 1594 1004 1654 Aristarcho
1060 1595 1345 1653 adsentiri
1399 1614 1659 1671 nequeo,
1717 1596 1820 1670 qui
1874 1614 1945 1654 ex
1999 1615 2105 1654 sua
2158 1596 2397 1671 quidem
2457 1596 2528 1654 de
2577 1595 2698 1654 Ho-

361 1681 599 1739 mericis
644 1680 1005 1739 carminibus
1051 1682 1351 1739 sententia
1381 1681 1527 1739 407-
1532 1681 1717 1739 409
1765 1680 2064 1754 probabili
2109 1680 2364 1740 athetesi
2410 1680 2695 1740 subiecit.

360 1760 496 1839 „311
542 1757 769 1823 ἐπιλύει
825 1760 889 1821 τὸ
944 1760 1045 1821 διὰ
1101 1771 1225 1822 τῶν
1265 1761 1726 1865 προειρημένων
1758 1757 2096 1842 λεγόμενον.
2171 1763 2270 1824 και
2327 1765 2380 1825 εἰ
2429 1761 2541 1842 μὲν
2598 1758 2696 1837 ἐφ’

363 1845 579 1908 εαυτοῦ
624 1847 727 1907 καὶ
771 1855 877 1906 τοῦ
926 1846 1262 1925 Διομήδους
1322 1846 1483 1925 λέγει
1519 1843 1872 1927 ,dyoeycivts‘,
1917 1844 2102 1928 ὑγιῶς
2134 1840 2197 1907 τὸ
2231 1847 2453 1908 δυικόν
2495 1847 2696 1922 παρεί-

362 1938 608 2010 ληπται,
655 1932 948 2005 ψεῦδος
1005 1928 1071 1991 δὲ
1115 1930 1395 2011 περιέχει·
1454 1928 1525 1993 οὐ
1582 1930 1695 2011 γὰρ
1750 1930 1921 2010 μόνοι
1968 1928 2464 2012 ἐπεστράτευσαν·
2524 1932 2578 1992 εἰ
2634 1928 2701 1991 δὲ

363 2016 459 2077 ἔπι
500 2015 748 2077 πάντων
790 2023 911 2077 τῶν
953 2018 1466 2125 στρατευσάντων,
1514 2022 1814 2096 συγχεῖται
1861 2016 1925 2076 τὸ
1988 2015 2202 2077 δυίκὸν
2277 2017 2377 2078 καὶ
2432 2016 2702 2121 ἐκλύεται

364 2098 401 2179 ἡ
447 2097 631 2179 αλκη·
677 2102 943 2181 γίνονται
972 2100 1085 2181 γὰρ
1114 2103 1177 2161 οἷ
1214 2100 1459 2180 πατέρες
1518 2097 1932 2179 ἆλκιμῶτεροι,
1989 2122 2152 2162 ουτοι
2197 2100 2265 2161 δὲ
2309 2101 2408 2163 διὰ
2455 2099 2518 2161 τό
2563 2100 2701 2173 τοὺς

364 2184 549 2259 θεοὺς
594 2192 906 2265 συνεργεῖν
960 2186 1424 2265 πεπορθηκότες.
1432 2190 1474 2223 “
1560 2188 1684 2246 Nos
1732 2189 1970 2263 quidem
2017 2208 2127 2247 nec
2175 2190 2442 2249 Stheneli
2486 2189 2700 2267 gloria-

367 2276 484 2343 tio,
532 2276 657 2332 sive
702 2276 1130 2349 tempestivum
1175 2276 1441 2333 continet
1485 2273 1946 2332 mendacium
1995 2275 2120 2331 sive
2162 2293 2234 2332 ex
2279 2275 2512 2333 diversa
2557 2273 2698 2331 alte-

368 2361 491 2417 rius
538 2359 680 2417 belli
725 2359 989 2416 Thebani
1036 2360 1193 2417 fama
1235 2359 1436 2431 fluxit,
1486 2361 1549 2417 in
1597 2358 1882 2434 singulari
1925 2360 2186 2417 carmine
2231 2362 2567 2418 commovet
2594 2377 2702 2417 nec

372 2444 642 2503 modesta
686 2442 951 2502 eiusdem
996 2443 1309 2503 affirmatio
1354 2463 1474 2503 non
1520 2443 1666 2503 soli
1726 2441 1963 2518 quidem
2009 2443 2160 2502 Deo
2203 2444 2528 2520 gloriam
2576 2444 2701 2501 vin-

370 2527 571 2588 dicans
637 2528 892 2603 aliquam
960 2532 1160 2588 tamen
1224 2530 1505 2589 victoriae
1560 2530 1793 2603 partem
1853 2527 2111 2587 Deorum
2179 2527 2454 2588 omnibus
2519 2530 2702 2604 atque

372 2614 531 2673 Iovis
578 2613 800 2671 auxilio
832 2615 1194 2686 attribuens,
1226 2615 1579 2689 praesertim
1610 2631 1741 2670 cum
1774 2614 1898 2672 408
1928 2610 2321 2689 πειθόμενοι
2353 2633 2424 2671 τε
2441 2628 2702 2690 ραεσσι

368 2700 571 2755 θεῶν
613 2694 713 2754 καὶ
759 2693 956 2770 Ζηνος
1012 2690 1214 2779 ἀρωγῇ
1259 2703 1460 2775 aperte
1518 2715 1794 2798 superare
1851 2697 2092 2756 studeat
2148 2698 2309 2774 quod
2368 2698 2439 2756 de
2497 2693 2702 2774 Tydeo

369 2782 520 2840 dixit
563 2784 978 2858 Agamemnon
1025 2784 1147 2841 398
1191 2786 1397 2841 θεῶν
1441 2778 1784 2859 τεράεσσι
1827 2777 2147 2858 πιθήσας.

538 2867 655 2926 Sed
701 2867 884 2925 etiam
929 2871 1135 2926 contra
1178 2867 1507 2927 Aristarchi
1553 2867 1952 2941 suspicionem
1997 2870 2320 2928 retinemus
2366 2869 2492 2926 320

619 2972 755 3042 ἀλλ’
803 2980 880 3042 οὔ
920 3005 1048 3055 πως
1090 3007 1212 3061 αμα
1256 2979 1450 3044 πάντα
1494 2982 1631 3044 θεοὶ
1677 2982 1863 3043 δόσαν
1903 2978 2354 3062 ἀνθρώποισιν,

369 3141 722 3198 quamquam
781 3138 850 3179 eo
904 3120 1100 3180 deleto
1155 3122 1507 3181 haberemus
1563 3113 1811 3181 alteram
1869 3121 2141 3182 Nestoris
2199 3124 2528 3181 orationem
2585 3141 2705 3180 non

368 3207 501 3283 plus
545 3211 834 3282 septem
894 3206 1159 3264 versibus
1214 3210 1618 3279 constantem,
1684 3223 1801 3281 quo
1863 3206 2068 3265 eodem
2123 3225 2403 3265 versuum
2457 3225 2703 3265 numero

368 3293 583 3350 303—
605 3292 727 3351 309
786 3289 1017 3386 equites
1072 3289 1421 3351 adhortatus
1477 3295 1585 3350 est.
1675 3290 1829 3348 Nam
1887 3291 2045 3365 quod
2098 3292 2201 3350 ille
2258 3294 2468 3349 contra
2522 3293 2703 3349 istum

369 3394 602 3434 versum
649 3375 953 3434 monuisse
999 3374 1261 3435 traditur
1295 3409 1367 3419 -—
1403 3375 1458 3435 εἰ
1497 3368 1803 3452 ἀμφότερα
1832 3366 2030 3451 αἱρετὰ
2076 3371 2309 3453 ἔκρινεν
2351 3369 2383 3431 ὁ
2434 3370 2703 3451 Νέστωρ,

370 3457 467 3518 καὶ
526 3453 592 3517 τὸ
643 3459 829 3537 γῆρας
885 3456 986 3517 καὶ
1039 3454 1149 3536 τὴν
1219 3458 1494 3536 νεότητα,
1552 3453 1810 3536 ευλόγως
1867 3481 1947 3517 αν
1999 3456 2194 3538 ἔλεγεν
2245 3456 2389 3536 ἅμα
2444 3453 2702 3518 πάντα.

368 3542 784 3621 μετενήνεκται
841 3536 906 3599 δὲ
961 3540 1022 3616 ἐξ
1065 3541 1250 3603 αλλου
1307 3540 1521 3622 τόπου,
1579 3541 1730 3602 ὅπου
1789 3541 1976 3620 φησὶν
2030 3539 2203 3621 ,,ἆλλ’
2269 3542 2345 3602 ου’
2399 3563 2523 3615 πως
2580 3565 2703 3619 αμα

369 3627 563 3686 πάντα
617 3623 754 3687 θεοὶ
816 3619 1003 3686 δόσαν
1028 3623 1498 3730 ἆνθρωποισιν·
1559 3625 1717 3709 ἄλλῳ
1769 3624 1882 3704 μὲν
1932 3626 2044 3706 γὰρ
2099 3626 2281 3687 ἔδωκε
2338 3626 2483 3698 θεὸς
2540 3631 2704 3686 πολε-

365 3711 509 3791 μήια
557 3709 729 3790 ἔργα,
785 3707 942 3812 αλλῳ
986 3705 1044 3770 δ’
1106 3711 1173 3772 ἐν
1216 3713 1719 3792 στήθεσσινίί-
1732 3755 1750 3789 ,
1804 3713 1978 3788 paulo
2036 3714 2358 3790 malignius
2413 3714 2706 3789 explicare

367 3799 609 3857 videtur
651 3798 806 3857 illud
851 3819 975 3873 αμα
1002 3791 1247 3894 στάντα,
1311 3801 1499 3876 quod,
1549 3799 1890 3874 quicunque
1935 3799 2127 3857 locum
2172 3798 2338 3856 nulla
2380 3797 2704 3873 impeditus

367 3885 799 3958 praeoccupata
856 3882 1135 3958 opinione
1190 3885 1538 3961 perlegerit,
1612 3902 1732 3942 non
1789 3883 1861 3941 de
1919 3883 2068 3958 ipsis
2124 3882 2418 3941 aetatibus
2474 3881 2577 3941 sed
2636 3882 2707 3939 de

368 3972 630 4026 aetatum
701 3968 1027 4027 virtutibus
1093 3969 1168 4032 ab
1224 3970 1668 4046 Agamemnone
1728 3968 1850 4025 313
1883 3987 1971 4043 sq.
2037 3966 2314 4026 indicatis
2377 3966 2703 4042 intelleget.

369 4053 617 4112 Accedit
662 4052 821 4127 quod
870 4051 934 4107 N
962 4055 1098 4110 -729
1146 4054 1320 4113 hodie
1365 4055 1493 4114 sine
1538 4053 1662 4111 ulla
1705 4052 1980 4112 lectionis
2025 4054 2316 4112 varietate
2360 4051 2582 4126 legitur

533 4163 668 4228 ἀλλ’
717 4165 793 4228 οὔ
834 4190 961 4239 πως
1005 4164 1130 4247 ἅμα
1173 4168 1369 4230 πάντα
1414 4165 1789 4248 δυνήσεαι
1832 4165 2057 4239 αὐτὸς
2102 4165 2484 4244 ἑλέσθαι,Δ

371 4307 453 4365 ita
505 4309 574 4364 ut
628 4306 835 4365 Lehrs,
892 4325 985 4382 ap.
1041 4307 1413 4367 Friedlaend.
1473 4308 1663 4366 Arist.
1707 4327 1767 4383 p.
1818 4308 1896 4366 98
1964 4307 2135 4378 „solo
2206 4306 2450 4363 errore“
2517 4307 2706 4364 nostri

373 4411 573 4451 versus
621 4390 951 4450 clausulam
995 4391 1117 4451 illic
1165 4411 1398 4469 quoque
1442 4393 1673 4451 illatam
1717 4410 1848 4449 esse
1890 4395 2050 4450 recte
2096 4394 2338 4450 statuat.
2434 4389 2606 4458 Quod
2655 4391 2706 4449 si

371 4496 573 4536 verum
632 4481 750 4550 est,
810 4475 1076 4551 profecto
1135 4496 1378 4553 prorsus
1447 4475 1800 4534 incredibile
1858 4479 1953 4535 est
2003 4480 2278 4536 nostrum
2333 4495 2571 4534 versum
2634 4474 2709 4531 ad

466 4582 708 4633 Kochly.
737 4582 985 4624 Schriften.
1015 4585 1052 4623 1.
2273 4576 2306 4623 6

2745 2875 2803 2922 17
