3132 5129
1327 310 1858 405 -486--'

397 505 459 561 et
504 502 750 561 53———56
808 504 1113 576 tamquam
1170 502 1484 575 „accurate
1538 498 1976 576 congruentes“
2029 499 2367 575 coniunxit,
2424 519 2602 575 quam
2648 502 2726 560 ob

396 606 634 647 causam
662 587 810 646 adeo
840 606 897 645 v.
930 586 1010 643 43
1057 578 1195 642 ἕνθ’
1243 578 1299 662 ἆ,
1327 580 1479 660 καλὰ
1526 579 1777 654 Μαλὶς
1820 582 2016 662 βαίνει
2060 583 2237 643 ποσίν
2280 589 2343 643 et
2371 605 2429 645 v.
2462 586 2542 645 56
2591 581 2737 644 σύν-

398 692 538 748 νομε
567 672 648 728 Μ
652 667 810 743 αλὶς
841 664 1341 747 6Qa3v-scribendo
1366 688 1591 729 novum
1614 689 1684 729 ex
1714 669 1880 743 XIII,
1906 670 1986 728 45
2011 670 2328 747 Nymphae
2359 689 2395 728 a
2421 670 2734 746 Daphnide

400 759 631 816 amatae
673 775 891 816 nomen
935 774 1041 815 suo
1085 751 1325 831 quidem
1354 755 1621 830 periculo
1653 753 1927 831 imponit,
1975 759 2035 814 et
2076 754 2146 814 de
2171 754 2458 814 carminis
2486 756 2736 832 elegiaci

399 844 754 920 argumento
799 861 856 917 p.
887 842 1015 901 410
1056 840 1169 900 hoc
1212 840 1474 900 monuit:
1523 839 1771 915 „Dieses
1816 839 2112 916 elegische
2142 839 2540 900 Wechsellied
2568 840 2738 900 hatte

399 927 576 986 einen
632 927 769 986 aoht
823 925 1155 986 erotischen
1197 925 1430 999 Inhalt3
1490 925 1650 983 denn
1704 943 1767 1003 es
1826 924 2184 984 behandelte
2239 925 2335 985 die
2379 925 2603 1002 Frage,
2660 925 2736 985 ob

403 1012 501 1072 die
531 1010 941 1072 Knabenliebe
973 1010 1117 1071 oder
1164 1010 1258 1069 die
1289 1008 1733 1069 Madchenliebe
1778 1009 2166 1070 vorzuziehen
2210 1010 2314 1086 sei,
2359 1010 2458 1070 ein
2489 1009 2734 1085 Thema,

402 1096 656 1157 welches
711 1095 859 1155 auch
907 1091 1240 1167 Sopbokles
1291 1096 1355 1153 in
1410 1095 1632 1154 seinem
1687 1094 1909 1153 Drama
1964 1095 2258 1155 Achills
2311 1094 2738 1155 Liebhaber

400 1182 723 1242 behandelt
763 1181 954 1240 hatte.
1041 1180 1300 1239 Allein
1352 1198 1429 1239 es
1486 1179 1734 1239 bricht
1785 1179 2028 1239 leider
2082 1179 2168 1239 ab
2227 1179 2416 1239 eben
2461 1179 2577 1256 da,
2635 1199 2735 1239 wo

404 1267 522 1325 die
580 1265 1059 1342 Hauptsache
1115 1267 1269 1324 erst
1320 1264 1768 1342 eingeleitet
1820 1263 1993 1324 ist.“
2080 1264 2391 1339 Ipsissima
2431 1265 2736 1341 Hartungi

406 1351 590 1410 verba
634 1351 904 1427 adposui,
953 1370 1024 1410 ex
1069 1349 1286 1426 quibus
1332 1350 1553 1425 optime
1596 1367 1939 1427 cognoscaS,
1988 1369 2139 1425 quae
2183 1368 2278 1408 res
2322 1349 2421 1409 sit.
2498 1348 2740 1410 Scilicet

403 1457 536 1496 cum
592 1436 695 1495 ille
751 1435 1027 1495 carminis
1085 1433 1390 1511 „adultis“
1445 1434 1666 1510 quippe
1723 1452 1872 1509 quos
1928 1434 2041 1494 sibi
2097 1434 2271 1493 finxit
2325 1433 2552 1510 „viris“
2596 1453 2736 1494 con-

402 1523 698 1582 venientis
742 1522 1161 1597 argumentum
1205 1520 1601 1596 excogitasset
1644 1519 1761 1578 tale
1786 1564 1801 1594 ,
1858 1519 2024 1578 euius
2067 1537 2174 1578 nec
2216 1518 2354 1578 vola
2396 1537 2505 1578 nec
2561 1521 2741 1579 vesti-

401 1608 569 1683 gium
600 1606 663 1664 in
694 1606 767 1665 iis
814 1625 965 1681 quae
1009 1605 1230 1665 adsunt
1272 1604 1550 1680 adparet,
1597 1603 1716 1662 iam
1760 1604 2088 1664 necessario
2129 1603 2453 1662 maximam
2498 1623 2744 1681 eamque

408 1690 751 1766 primariam
800 1689 1067 1749 eiusdem
1110 1689 1387 1749 carminis
1430 1693 1658 1765 partem
1703 1688 2072 1764 deperditam
2115 1708 2242 1748 esse
2272 1690 2328 1748 ei
2358 1690 2744 1748 statuendum

404 1774 541 1834 fuit.
644 1772 837 1832 Simili
894 1774 1084 1851 igitur
1137 1776 1241 1832 aut
1296 1792 1493 1833 errore
1548 1773 1826 1833 inductus
1880 1777 1985 1833 aut
2039 1777 2168 1833 arte
2224 1792 2365 1832 usus
2418 1777 2511 1833 est
2561 1776 2746 1849 atque

406 1858 993 1933 Schoemannus,
1051 1877 1228 1932 quem
1280 1858 1345 1916 in
1389 1858 1649 1933 epistula
1691 1859 1802 1918 hoc
1847 1858 1978 1934 ipso
2025 1858 2177 1918 festo
2222 1857 2317 1918 die
2360 1858 2436 1917 ad
2479 1858 2743 1918 Recto·

405 1963 565 2003 rem
611 1946 956 2002 nostrum
1001 1962 1277 2002 summe
1323 1943 1839 2003 venerandum
1884 1944 2023 2003 data
2067 1939 2154 2021 [v.
2201 1943 2460 2003 auctoris
2503 1943 2743 2016 librum,

404 2030 507 2104 qui
543 2028 887 2088 inscribitur
913 2027 1203 2087 Akadem.
1228 2027 1521 2104 Vortrage
1553 2026 1677 2087 und
1707 2027 1909 2087 Reden
1939 2027 1969 2085 Ι
1999 2049 2057 2103 p.
2086 2030 2117 2086 1
2135 2024 2293 2105 sqq.]
2318 2028 2740 2099 demonstravi,

405 2113 789 2175 christianam
820 2112 1056 2173 fabulae
1085 2113 1474 2172 Prometheae
1506 2111 2033 2172 conformationem
2078 2112 2261 2189 atque
2305 2113 2744 2173 conclusionem

406 2202 474 2259 ut
515 2198 813 2275 Aeschylo
868 2199 944 2257 ab
1003 2216 1071 2258 ea
1117 2199 1350 2257 ratione
1393 2197 1757 2257 alienissimo
1801 2198 2170 2275 iniungeret,
2233 2198 2510 2275 trilogiae
2555 2201 2744 2258 extre-
2867 2254 2878 2259 -

405 2303 563 2342 mam
609 2284 806 2359 ipsum
851 2283 924 2343 de
970 2283 1208 2359 „soluto
1252 2281 1649 2342 Prometheo“
1694 2283 2059 2359 tragoediam
2106 2282 2336 2342 sollerti
2381 2282 2624 2360 ingenio
2670 2283 2746 2341 ad

405 2369 553 2428 illud
599 2368 912 2428 consilium
956 2368 1382 2444 composuisse!

578 2452 697 2513 Sed
725 2453 799 2512 ad
831 2453 1215 2513 Theocritum
1246 2452 1444 2513 redeo.
1517 2451 1665 2511 Eius
1708 2452 1816 2511 illo
1860 2453 1922 2510 in
1967 2452 2227 2512 carmine
2271 2454 2534 2530 elegiaco
2565 2453 2743 2528 plura

406 2538 586 2600 etiam
632 2538 833 2599 deesse
878 2539 925 2599 si
972 2538 1105 2615 quis
1152 2540 1396 2614 statuat,
1443 2556 1551 2614 per
1582 2556 1643 2597 se
1675 2536 1914 2613 quidem
1945 2556 2039 2597 res
2069 2541 2163 2598 est
2191 2537 2435 2597 minime
2465 2537 2742 2611 absurda,

407 2625 687 2701 quoniam
719 2627 782 2682 et
810 2642 990 2684 unam
1022 2624 1322 2699 stropham
1368 2623 1616 2699 periisse
1661 2623 2011 2682 certissimis
2055 2624 2428 2700 argumentis
2474 2626 2746 2683 constare

406 2710 668 2769 vidimus
712 2710 773 2766 et
814 2709 878 2768 in
923 2708 1217 2784 singulari
1260 2708 1476 2768 horum
1520 2708 1946 2767 alternantium
1992 2712 2274 2768 cantuum
2318 2710 2549 2768 ratione
2580 2709 2750 2768 varia

410 2794 533 2852 fere
577 2793 829 2868 ubique,
877 2792 1095 2867 quibus
1138 2793 1295 2852 baud
1336 2794 1540 2867 inepte
1583 2793 1789 2868 augeri
1833 2795 2083 2868 queant,
2132 2794 2455 2870 excogitari
2500 2796 2747 2868 possunt

408 2878 836 2937 additamenta.
926 2875 1099 2952 Quid,
1149 2878 1307 2952 quod
1351 2877 1452 2936 vix
1494 2877 1686 2935 ullum
1728 2877 1905 2938 huius
1949 2877 2186 2955 generis
2232 2896 2470 2937 carmen
2513 2881 2745 2937 exstare

409 2965 587 3038 put0,
645 2963 810 3021 cuius
864 2962 1117 3037 singulis
1169 2961 1478 3037 particulis
1533 2963 1640 3020 aut
1697 2961 1847 3019 nihil
1892 2966 1999 3021 aut
2040 2982 2251 3037 parum
2295 2961 2748 3023 cohaerentibus

408 3066 531 3106 non
574 3047 670 3106 hic
712 3046 838 3106 illic
878 3046 1105 3122 aliquid
1148 3048 1253 3105 aut
1297 3046 1421 3106 sine
1467 3046 1829 3105 detrimento
1873 3046 2030 3106 demi
2074 3050 2180 3106 aut
2222 3048 2532 3107 commode
2561 3049 2742 3107 inseri

409 3132 619 3207 possit.
707 3130 779 3189 In
837 3130 929 3191 his
983 3130 1170 3207 igitur
1213 3131 1263 3190 si
1307 3152 1345 3190 a
1388 3130 1557 3190 vanis
1601 3131 1825 3207 ingenii
1870 3132 2100 3191 lusibus
2145 3132 2443 3192 abstinere
2487 3131 2745 3192 volueri-

410 3236 573 3292 mus,
630 3216 717 3275 ibi
774 3218 1006 3275 tantum
1061 3215 1292 3292 aliquid
1347 3215 1632 3276 excidisse
1676 3217 2060 3276 statuendum
2105 3220 2227 3293 est,
2287 3217 2391 3275 ubi
2436 3221 2543 3276 aut
2585 3222 2748 3276 certa

411 3305 517 3360 aut
558 3303 715 3361 certe
757 3299 1092 3376 probabilia
1136 3302 1355 3361 adsunt
1397 3300 1664 3361 defectus
1707 3301 1948 3361 indicia.
2021 3302 2111 3361 Ea
2152 3305 2348 3361 autem
2391 3303 2532 3377 post
2574 3322 2632 3362 v.
2667 3304 2751 3362 60

410 3386 616 3447 adesse
660 3405 769 3445 nec
811 3386 966 3446 alius
1011 3389 1149 3446 ante
1193 3386 1580 3463 Hartungum
1640 3386 1974 3461 suspicatus
2017 3389 2112 3446 est
2151 3406 2259 3446 nec
2302 3386 2545 3446 omnino
2591 3388 2748 3462 quis-

411 3490 617 3552 quam,
637 3471 1045 3531 demonstrare
1090 3490 1351 3547 unquam
1394 3472 1645 3547 poterit,
1705 3471 1792 3531 ita
1844 3474 1915 3530 ut
1968 3490 2205 3531 carmen
2261 3473 2541 3532 constans
2596 3471 2748 3531 illud

316 3566 381 3613 23
420 3577 491 3615 ex
538 3560 826 3632 quattuor
869 3557 1245 3632 stropharum
1287 3555 1529 3634 paribus
1580 3588 1654 3598 -
1701 3575 1849 3631 quae
1895 3556 2435 3631 dedicationiS,
2494 3556 2746 3614 lauda·

415 3641 675 3717 tionis,
732 3642 1267 3716 invitationis,
1324 3641 1838 3701 conclusionis
1891 3640 2086 3700 titulis
2142 3641 2404 3700 breviter
2445 3641 2745 3717 appellare

413 3726 555 3786 licet
601 3759 674 3768 —
721 3726 1024 3803 integrum
1077 3745 1204 3787 esse
1257 3729 1518 3787 statuere
1574 3725 1949 3802 deberemus,
2009 3727 2241 3786 etiamsi
2296 3726 2529 3786 nullum
2583 3745 2748 3801 prae·

414 3815 577 3870 terea
619 3812 744 3870 eius
788 3811 1153 3888 integritatis
1196 3814 1615 3890 argumentum
1658 3811 1983 3871 accederet.

584 3896 833 3956 Accedit
874 3915 1014 3956 vero
1057 3900 1479 3974 argumentum
1521 3896 1705 3972 idque
1748 3915 1869 3956 non
1913 3897 2105 3955 solum
2149 3896 2597 3973 gravissimum,
2645 3895 2747 3955 sed

416 3981 576 4058 quod
621 3981 842 4057 optime
876 3981 1068 4041 etiam
1112 3982 1255 4042 facit
1297 3983 1371 4041 ad
1415 3983 1603 4042 totius
1645 3982 1844 4058 idyllii
1887 3982 2180 4041 unitatem
2208 3982 2750 4044 demonstrandam.

417 4066 658 4125 Etenim
713 4066 873 4142 quod
934 4066 1290 4143 interpretes
1353 4067 1581 4127 nullam
1642 4069 2010 4142 putaverunt
2075 4085 2198 4125 esse
2259 4067 2418 4125 inter
2479 4070 2751 4125 nostrum

418 4170 654 4211 carmen
711 4155 888 4227 atque
946 4152 1200 4211 alterum
1256 4153 1663 4212 hexametrum
1707 4151 2143 4212 cohaerentiam
2189 4152 2426 4210 tantum
2468 4151 2642 4211 abest
2684 4154 2754 4209 ut

422 4255 630 4295 verum
661 4237 759 4312 sit,
805 4240 875 4295 ut
916 4237 1075 4295 inter
1120 4236 1386 4298 diversas
1430 4238 1645 4313 prioris
1689 4236 1970 4296 carminis
2015 4236 2422 4296 conclusiones
2464 4236 2539 4295 ab
2585 4239 2748 4295 utro-

417 4339 533 4396 que
575 4338 757 4396 puero
804 4322 989 4381 factas
1031 4324 1211 4398 atque
1256 4325 1570 4399 sequentes
1626 4322 1947 4382 eorundem
2000 4320 2326 4382 cantilenas
2381 4322 2752 4381 artissimum

419 4405 751 4467 intercedat
792 4406 1350 4487 apertissimumque
1394 4407 1716 4471 vinculum.
1804 4406 1958 4467 Vide
2001 4409 2158 4468 enim
2201 4425 2378 4483 quem
2420 4406 2585 4484 prior
2627 4405 2748 4465 Me·
