3132 5129
1316 372 1774 437 -337--

552 525 701 585 Tum
749 546 805 586 v.
843 528 964 585 213
991 547 1116 604 sqq.
1163 546 1338 587 nemo
1385 529 1779 604 interpretum
1822 528 1992 605 vidit,
2038 531 2309 591 lacunam
2341 552 2498 592 esse:
2549 534 2711 594 locus

376 611 535 670 enim
581 612 667 670 ita
709 612 1055 671 scribendus
1099 616 1219 672 est·

675 727 783 787 καί
819 750 923 806 μιν
966 722 1275 789 ὀπιπεύων
1318 724 1448 789 οὐκ
1491 725 1638 803 ὀψὲ
1683 728 1971 791 δύοντα
2019 731 2301 811 Βοωτην,

678 808 749 873 οὐ
794 811 1039 894 θρασὺν
1076 809 1337 894 Ὠρίωνα
1380 814 1482 875 καὶ
1522 813 1783 896 αβροχον
1825 812 2009 877 ὁλκὸν
2045 812 2304 896 Ἀμᾶξης

676 920 2263 963 **************

676 983 961 1063 πατρίδος
1005 979 1347 1063 ἆντιπόροιο
1390 983 1525 1044 ποτὶ
1572 984 1801 1065 γλυκὺν
1843 984 2025 1065 ὅρμον
2072 986 2331 1066 ἱκοίμην.

375 1102 679 1162 Excidisse
738 1123 921 1162 unum
980 1109 1085 1164 aut
1143 1106 1320 1164 etiam
1376 1107 1580 1181 plures
1627 1126 1863 1183 versus,
1924 1110 1986 1166 et
2030 1109 2198 1168 verbi
2241 1108 2397 1168 finiti
2443 1109 2708 1171 defectus

372 1187 614 1263 indicat,
661 1194 723 1249 et
765 1191 1077 1265 sequentia
1119 1191 1394 1266 clamant,
1445 1210 1612 1267 quae,
1658 1193 1747 1251 uti
1791 1211 1948 1252 nunc
1978 1194 2278 1269 leguntur,
2326 1196 2485 1253 omni
2530 1214 2709 1254 sensu

373 1279 598 1332 carent.
631 1274 793 1344 Quae
817 1276 976 1334 enim
1000 1278 1092 1334 est
1112 1272 1320 1353 πατρὶς
1341 1269 1703 1351 ἆντίποροςῗ
1736 1275 1826 1337 cf.
1843 1298 1900 1337 v.
1923 1278 2062 1339 283.
2095 1272 2227 1336 Ούκ
2259 1272 2399 1351 ὀψὲ
2424 1277 2510 1337 δ’
2476 1299 2555 1337 vo
2576 1300 2708 1338 ντα

376 1352 625 1432 Βοώτην
667 1363 863 1418 autem
909 1379 1057 1435 quae
1102 1364 1195 1420 est
1238 1362 1463 1436 optima
1509 1359 1747 1421 Canteri
1790 1363 2142 1438 emendatio,
2190 1365 2381 1438 petita
2425 1384 2493 1422 ex
2527 1364 2706 1424 Hom.

374 1462 402 1501 ε
433 1443 574 1518 272,
621 1462 933 1542 perperam
962 1446 1144 1505 cessit
1171 1446 1397 1505 infelici
1426 1447 1697 1507 Passovii
1727 1448 2127 1507 coniecturae.
2174 1444 2264 1505 6
2223 1443 2373 1506 vvt’
2420 1445 2705 1547 ὄψομαι

371 1519 534 1586 οὔτε
584 1528 685 1604 Β.,
738 1530 856 1588 iam
900 1533 1148 1606 propter
1190 1532 1617 1606 apostrophum
1673 1532 2023 1591 reiciendae.
2112 1533 2247 1592 Non
2302 1534 2601 1593 debebant
2643 1536 2706 1593 in

371 1611 606 1674 Canteri
651 1615 907 1674 lectione
952 1633 1256 1674 caesuram
1301 1616 1659 1675 trochaicam
1706 1617 1946 1675 timere.
2009 1610 2124 1689 ὀψὲ
2167 1611 2387 1676 δύοντα
2432 1637 2539 1695 pro
2583 1638 2703 1678 uno

373 1702 466 1758 est
508 1700 816 1774 vocabu10,
864 1702 926 1758 et
968 1704 1324 1775 acceperunt
1366 1721 1436 1760 ea
1477 1701 1665 1761 verba
1708 1721 1778 1761 ex
1823 1702 2081 1762 Homero
2126 1703 2307 1762 etiam
2333 1707 2556 1763 Aratus
2579 1704 2701 1762 585

371 1788 433 1842 et
476 1784 669 1843 Paull.
719 1784 933 1843 Silent.
981 1785 1179 1859 ecphr.
1228 1786 1366 1845 eccl.
1413 1785 1491 1861 H,
1526 1787 1650 1845 438
1686 1782 1770 1864 [p.
1802 1787 1881 1844 47
1917 1783 2179 1866 Graefe}
2269 1789 2339 1847 In
2383 1789 2551 1848 libris
2594 1783 2704 1846 οὐκ

369 1864 597 1946 ὄψομαι
641 1862 831 1927 δύντα
880 1870 946 1927 Β.
993 1870 1237 1946 legitur.
1283 1902 1364 1912 —-
1411 1871 1643 1930 Deinde
1685 1892 1744 1931 v.
1785 1872 1938 1930 225:

675 1985 1052 2064 παννυχίδας
1098 1979 1156 2046 6
1204 1981 1537 2059 ανύσαντες
1583 1978 1922 2066 ακοιμήτων
1964 1984 2297 2066 ὑμεναίων,

367 2108 654 2168 vitiosum
699 2127 825 2166 esse
869 2106 1269 2183 participium,
1316 2109 1433 2167 iam
1465 2108 2018 2168 animadverterunt
2046 2110 2423 2185 interpretes
2494 2110 2703 2185 Neque

369 2193 526 2251 enim
575 2193 685 2250 hoc
727 2193 919 2268 primo
966 2197 1264 2251 conventu
1309 2193 1372 2251 in
1416 2193 1641 2269 templo
1687 2194 1817 2268 ipso
1849 2187 1934 2274 (v.
1967 2193 2115 2269 119)
2148 2195 2307 2253 Hero
2339 2200 2400 2252 et
2427 2195 2704 2253 Leander

368 2279 608 2352 nuptias
632 2279 856 2352 ineunt,
892 2278 995 2336 sed
1025 2280 1258 2336 tantum
1288 2278 1397 2336 hae
1429 2281 1498 2336 ut
1525 2278 1798 2353 proxima
1827 2282 1997 2337 nocte
2035 2279 2197 2352 fiant,
2231 2279 2389 2337 inter
2418 2299 2481 2337 se
2512 2280 2700 2354 pacis·
2738 2293 2804 2340 54

371 2366 604 2421 cuntur.
669 2360 804 2420 vid.
851 2382 907 2421 v.
937 2362 1292 2424 221-224,
1341 2363 1482 2421 230.
1532 2363 1653 2421 272
1683 2381 1811 2437 sqq.
1868 2363 2001 2421 Nisi
2046 2363 2226 2422 altius
2271 2364 2420 2421 latet
2465 2366 2698 2439 vulnuS,

368 2452 529 2505 certe
573 2440 940 2515 ἀνύσαντες
999 2446 1380 2505 scribendum
1426 2450 1535 2507 est.
1618 2448 1971 2507 Exseotduri
2014 2448 2253 2524 nuptias
2298 2452 2563 2507 amantes
2610 2468 2701 2506 se-

369 2536 670 2608 parantur.

541 2618 850 2678 Postremo
897 2638 953 2676 v.
1002 2618 1123 2676 235
1147 2637 1234 2694 sq.
1282 2617 1343 2677 in
1388 2618 1556 2678 libris
1601 2618 1858 2694 legitur:

667 2729 948 2814 ἀγγελίην
988 2727 1269 2813 ἀνέμιμνε
1316 2729 1833 2812 φαεινομὲνων
1878 2731 2208 2814 ὑμεναίων,

666 2819 994 2899 μαρτυρίην
1038 2819 1278 2897 λύχνοιο
1320 2819 1922 2880 πολυκλαύστοιο
1965 2819 2251 2881 δοκεύων.

362 2939 635 3017 Ineptum
667 2945 758 3000 est
803 2946 1122 3017 utrumque
1155 2942 1560 3018 participium.
1640 2942 1846 3017 Itaque
1878 2960 1999 3000 non
2030 2942 2266 3016 sufficit,
2300 2943 2456 3018 quod
2489 2943 2699 3002 Passo-

361 3029 491 3085 vius
534 3026 813 3085 coniecit:
860 3020 1311 3102 φαεινομένην.
1406 3026 1613 3086 Potius
1659 3027 1947 3087 eiusmodi
1994 3026 2139 3102 quid
2184 3028 2471 3102 scriptum
2517 3029 2699 3087 fuisse
2797 3017 2810 3036 ⁰

363 3109 632 3170 videtur:

662 3207 942 3291 αγγελίην
999 3205 1287 3290 ἀνέμιμνε
1343 3210 1832 3308 πολυτλήτων
1890 3209 2010 3294 (vel
2058 3207 2699 3293 πολυπλάγκτων)

1581 3291 1904 3376 ὑμεναίων,

662 3380 990 3460 μαρτυρίην
1034 3380 1275 3460 λύχνοιο
1318 3404 1365 3459 φ
1377 3406 1415 3442 α
1428 3404 1455 3443 ε
1471 3405 1487 3441 ι
1505 3405 1636 3462 νομ.
1651 3381 1678 3443 ἑ
1694 3407 1732 3443 ν
1744 3406 1776 3442 ο
1789 3405 1811 3441 ι
1827 3403 1858 3439 ο
1902 3381 2195 3443 δοκεύων.

369 3497 770 3577 Πολυτλήτυιο
812 3505 873 3562 et
915 3497 1345 3562 πολυκλαύτοιο
1389 3504 1545 3562 infra
1578 3525 1631 3562 v.
1665 3505 1790 3568 330
1830 3504 2076 3562 confusa
2116 3507 2279 3564 sunt.
2348 3495 2700 3580 Πολυπλάγ-

373 3607 532 3644 utun»
574 3581 877 3663 ὑμεναίων
921 3609 979 3650 v.
1016 3590 1141 3648 290
1185 3589 1352 3662 dixit,
1402 3588 1503 3647 ubi
1551 3592 1690 3647 ante
1722 3582 2025 3665 ὑμεναίων
2055 3588 2268 3663 copula
2298 3607 2358 3646 τε
2389 3588 2701 3647 inserenda

361 3673 615 3733 videtur.

460 4543 696 4596 Keehly.
725 4544 955 4584 Schriften
1005 4545 1038 4585 1.
1606 4581 1616 4587 .
2232 4540 2297 4588 22
