3132 5129
1271 380 1737 445 -275—

457 547 558 595 214
600 532 876 616 δεύτερον
917 527 1000 597 αὖ
1046 538 1290 614 Μῶμον
1331 535 1431 597 καὶ
1470 532 1675 606 Ὀιζὺν
1715 530 2137 615 ἀλγινόεσσαν·

458 632 559 680 223
688 622 842 682 τίκτε
887 618 954 681 δὲ
996 620 1099 681 καὶ
1145 618 1438 697 Νέμεσιν,
1483 630 1653 699 πῆμα
1696 626 1981 697 θνητοῖσι
2022 620 2318 697 βροτοῖσι,

605 703 740 781 Νὺξ
783 701 927 785 ὀλοή
938 728 952 740 ·
995 700 1140 786 μετὰ
1184 704 1296 784 τὴν
1339 700 1402 763 δ’
1441 701 1709 784 Ἀπάτην
1750 704 1883 766 τέκε
1927 703 2028 764 καὶ
2074 704 2373 783 Φιλότητα

595 791 797 871 Γῆράς
842 786 896 852 τ’
944 788 1270 871 οὐλόμενον
1309 789 1411 851 καὶ
1445 790 1621 871 Ἔριν
1664 788 1793 851 τέκε
1837 790 2311 871 καρτερόθυμον.

335 912 565 985 Quibus
609 913 672 971 in
715 916 1100 991 syntagmate
1145 913 1414 973 adhaesit
1455 932 1514 973 v.
1539 914 1661 971 213
1706 912 1781 970 ab
1826 912 1955 988 ipso
1999 912 2395 987 compositore
2425 914 2672 987 propter

339 1000 456 1057 125
499 999 758 1058 insertus
801 1002 863 1057 et
907 1000 1130 1075 2l5sq.
1174 997 1247 1057 de
1277 997 1735 1073 Hesperidibus.
1798 996 1917 1055 Sed
1961 999 2064 1073 qui
2094 1000 2429 1072 sequuntur
2459 1016 2673 1057 versus

334 1084 670 1141 217—222
718 1082 790 1141 de
821 1083 1024 1143 Parcis
1063 1078 1190 1162 (qui
1237 1083 1395 1141 infra
1427 1083 1552 1141 905
1570 1101 1660 1159 sq.
1693 1082 2079 1159 repetuntur)
2102 1082 2361 1141 Keribus
2392 1084 2455 1140 et
2478 1080 2677 1140 Furiis

333 1187 468 1227 cum
524 1167 662 1228 aliis
725 1169 870 1227 locis
914 1171 1252 1245 pugnantes
1296 1170 1356 1226 et
1399 1167 1836 1243 corruptissimi
1882 1166 1998 1225 huc
2041 1166 2281 1241 quidem
2325 1169 2535 1242 postea
2578 1166 2675 1224 dc-

334 1272 498 1311 mum
559 1252 710 1311 illati
767 1255 935 1328 sunt,
993 1256 1056 1311 et
1107 1253 1393 1329 postremi
1447 1252 1689 1329 quidem
1744 1251 1903 1310 haud
1961 1252 2377 1311 contemnendi
2421 1270 2491 1311 ex
2536 1252 2673 1327 ali0,

335 1341 404 1395 ut
445 1337 712 1413 videtur,
770 1336 1068 1396 Hesiodeo
1115 1336 1404 1412 carmine,
1467 1338 1517 1396 si
1562 1336 1803 1412 quidem
1846 1335 2177 1412 Aeschylea
2218 1336 2536 1395 Furiarum
2580 1355 2675 1407 ge-

333 1422 610 1499 nealogia
663 1422 924 1482 nobilem
979 1422 1108 1481 sine
1166 1422 1348 1480 dubio
1405 1424 1705 1481 auctorem
1746 1421 1974 1479 habuit.
2064 1418 2255 1480 Unius
2300 1424 2391 1480 est
2434 1422 2678 1497 eiusque

333 1506 731 1566 recentissimi
780 1508 1039 1566 auctoris
1088 1505 1285 1565 ieiuna
1329 1506 1771 1565 abstracturum
1815 1524 1938 1565 non
1982 1506 2295 1564 numinum
2340 1505 2443 1565 sed
2487 1506 2677 1565 nomi-

333 1611 476 1650 num
506 1592 582 1651 ab
611 1591 794 1651 Eride
825 1595 1271 1667 procreatorum
1304 1592 1672 1651 enumeratio
1703 1611 1811 1667 per
1843 1592 2073 1667 septem
2102 1609 2307 1651 versus
2340 1590 2676 1649 226—232

337 1676 650 1751 producta.

507 1761 626 1820 Sed
681 1762 1052 1837 quinione
1106 1763 1312 1837 aperte
1366 1760 1803 1835 delectabatur,
1870 1760 1974 1836 qui
2032 1760 2319 1836 Phorcyis
2384 1764 2445 1819 et
2496 1759 2679 1820 Cetus

337 1846 487 1923 proli
549 1847 867 1905 amabilem
923 1849 1328 1905 monstrorum
1382 1846 1623 1905 turbam
1679 1844 1915 1905 addidit
1970 1863 2092 1904 non
2155 1846 2351 1905 minus
2396 1849 2679 1921 septe'm

337 1930 618 2007 strophia,
663 1950 810 2008 quas
854 1931 1167 2008 plerasque
1214 1931 1332 1989 iam
1379 1933 1539 1990 recte
1584 1932 1901 1990 constituit
1942 1928 2343 1988 Hermannua
2432 1928 2681 1989 Prima

337 2021 474 2091 post
515 2017 879 2075 necessarios
925 2019 1047 2075 tres
1092 2034 1298 2076 versus
1344 2016 1466 2075 287
1487 2046 1561 2058 -
1582 2017 1705 2075 289
1752 2014 1989 2073 additos
2032 2014 2291 2073 babebat
2332 2014 2510 2074 modo
2558 2014 2683 2073 290

339 2104 402 2159 et
445 2102 586 2177 293,
633 2101 809 2159 modo
857 2101 982 2159 290
1023 2102 1086 2159 et
1132 2100 1273 2175 294,
1319 2099 1499 2159 modo
1545 2102 1665 2159 291
1688 2119 1793 2175 sq.‚
1840 2098 2017 2158 modo
2064 2100 2187 2158 293
2204 2118 2323 2175 sq.;
2370 2099 2683 2158 habemus-

343 2204 454 2261 que
485 2185 754 2245 eiusdem
785 2184 1070 2260 strophae
1100 2185 1308 2244 itidem
1337 2185 1675 2261 quinariam
1706 2185 2101 2243 variationem
2131 2183 2290 2242 infra
2322 2184 2678 2243 979—983.

338 2269 601 2329 Altera
645 2270 980 2329 295-299
1029 2270 1306 2345 decurrit,
1355 2270 1574 2347 quibus
1621 2270 1771 2329 duae
1818 2268 2211 2327 ternariae
2256 2268 2535 2343 strophae
2577 2288 2679 2345 ag-

340 2354 670 2431 glutinatae
715 2358 859 2414 sunt
904 2354 1238 2415 300—302
1271 2356 1334 2413 et
1364 2355 1486 2414 304
1502 2374 1595 2431 sq.
1641 2374 1774 2414 cum
1807 2354 1929 2415 303
1974 2372 2083 2413 nec
2125 2354 2287 2413 inter
2315 2372 2379 2412 se
2407 2371 2517 2412 nec
2546 2371 2681 2411 cum

339 2439 444 2497 illa
487 2439 821 2499 concordeS.
889 2438 1154 2498 Tertia
1196 2438 1444 2515 stropha
1485 2438 1696 2499 habuit
1740 2439 1862 2499 306
1908 2441 1970 2497 et
2023 2438 2379 2513 308-311,
2426 2438 2519 2497 cui
2564 2438 2678 2496 sor-

343 2526 499 2586 tasse
541 2525 670 2602 ipse
715 2523 1078 2600 compositor
1119 2523 1354 2584 addidit
1396 2522 1517 2586 307

639 2635 844 2702 δεινόν
883 2636 956 2699 θ’
1005 2635 1297 2720 ὑβριστήν
1335 2636 1390 2700 τ’
1437 2639 1720 2719 ἄνεμον
1760 2637 1935 2721 (sici)
1980 2637 2290 2701 ἑλικώπιδι
2333 2637 2559 2723 κούρῃ,

343 2763 568 2822 scilicet
610 2781 838 2822 memor
879 2780 1180 2837 versuum,
1226 2761 1443 2836 quihus
1473 2761 1631 2820 infra
1660 2761 1998 2822 869—880
2025 2761 2102 2821 ab
2132 2761 2249 2820 alio
2280 2759 2679 2837 Typhoeus

343 2843 489 2922 (non
547 2843 870 2926 Typhaon)
926 2850 1242 2906 ventorum
1299 2848 1473 2921 pater
1516 2846 1765 2922 dicitur,
1826 2846 1932 2906 sed
1988 2846 2385 2922 interpolator
2439 2845 2680 2921 quidam

343 2933 464 2990 312
509 2931 863 2991 horrendam
895 2929 1137 2990 Cerberi
1168 2932 1423 3006 speciem
1451 2933 1771 3006 aucturus;
1817 2933 2091 3007 quarta
2124 2931 2482 3006 313-317,
2531 2949 2675 3006 quo·

341 3035 472 3075 rum
516 3034 622 3092 pro
667 3017 882 3076 ultimo
927 3017 1002 3074 ab
1044 3015 1178 3075 aliis
1223 3017 1346 3076 318
1393 3014 1755 3076 substitutus
1798 3021 1909 3076 est.
1974 3013 2255 3086 Quinta
2302 3013 2677 3074 Chimaeram

345 3099 680 3161 describens
712 3101 1046 3160 319--322
1092 3117 1226 3160 cum
1258 3101 1380 3159 325
1429 3119 1500 3159 ex
1529 3099 1711 3160 Hom.
1739 3101 1788 3157 Z
1823 3101 1936 3159 181
1956 3119 2047 3177 sq.
2094 3101 2441 3160 notissimos
2472 3117 2679 3160 versus

341 3185 652 3330 adtraxit&
699 3185 1009 3329 g3e2xtae,
1055 3203 1234 3260 quam
1267 3184 1646 3245 Hermannus
1677 3205 1747 3244 ex
1778 3185 2120 3246 326—330
2148 3187 2419 3245 constare
2465 3185 2675 3258 voluit,

341 3287 462 3330 non
505 3290 586 3348 pu

643 3379 797 3446 ἄλλά
842 3383 872 3445 ἕ
906 3385 972 3458 ἲς
1017 3383 1314 3466 ἐδάμασσε
1357 3385 1494 3465 βίης
1530 3375 1923 3467 Ἡρακληείης

343 3505 716 3582 eripiendum
760 3523 916 3566 esse:
971 3506 1050 3566 cf.
1095 3508 1240 3567 280.
1288 3507 1430 3570 289.
1477 3509 1624 3566 293.
1672 3507 1816 3567 316.
1864 3508 2007 3566 325.
2094 3505 2321 3566 Verum
2366 3505 2679 3566 Orthum

341 3591 556 3650 horum
598 3593 999 3651 monstrorum
1043 3594 1274 3669 patrem
1318 3610 1496 3652 nemo
1540 3593 1738 3668 novit,
1785 3591 1889 3652 sed
1920 3591 1971 3651 Τ
1983 3592 2125 3669 yph
2142 3609 2399 3650 aonem
2430 3591 2679 3667 Apollo-

345 3675 556 3751 dorus,
616 3693 792 3752 quem
836 3679 1108 3736 accurate
1151 3676 1447 3736 Hesiodea
1489 3677 1746 3754 vestigia
1788 3677 1988 3754 legere
2031 3679 2293 3751 constat,
2340 3679 2573 3754 patrem
2616 3679 2681 3736 et

345 3759 434 3835 H,
483 3761 540 3834 5,
591 3767 616 3816 1
662 3759 954 3820 Nemeaeo
999 3761 1158 3821 leoni
1202 3763 1266 3820 et
1306 3761 1485 3821 simul
1529 3779 1665 3820 cum
1705 3764 1899 3821 matre
1942 3761 2211 3822 Echidna
2253 3759 2374 3837 ΙΙΙ,
2422 3763 2491 3832 5,
2536 3769 2598 3835 8,
2644 3767 2677 3816 2

345 3843 598 3922 Sphingi
654 3844 1014 3922 adsignavit.
1101 3845 1259 3905 Hinc
1301 3865 1423 3906 non
1467 3846 1710 3922 dubitn,
1764 3847 1910 3922 quin
1955 3865 2063 3923 pro
2110 3847 2233 3906 326
2257 3863 2345 3921 sq.
2393 3845 2538 3904 olim
2582 3844 2678 3904 hic

343 3947 499 3989 unus
542 3929 730 3989 lectus
774 3929 956 3990 fuerit
997 3947 1204 3990 versus

645 4059 686 4142 ἢ
731 4059 790 4124 δ’
837 4059 957 4142 ἄρα
1001 4062 1163 4124 Φῖκά
1203 4059 1262 4124 τ’
1309 4061 1548 4126 ἔτικτε
1592 4061 1920 4145 Νεμειαῖόν
1960 4085 2021 4126 τε
2063 4061 2303 4142 λέοντα,

345 4184 437 4242 cui
491 4183 687 4244 additi
729 4187 902 4244 erant
945 4185 1282 4246 328—330
1323 4203 1458 4246 cum
1501 4187 1655 4262 332,
1714 4185 1933 4261 quibus
1973 4204 2012 4244 a
2054 4185 2453 4262 geographico
2497 4186 2679 4245 inter·

343 4270 613 4343 polatore
655 4268 1144 4346 interponebatur
1196 4272 1341 4331 331.
1431 4270 1789 4330 Ultimum
1832 4269 2141 4346 stropham
2183 4288 2342 4330 nunc
2395 4273 2680 4347 quattuor

343 4355 580 4414 tantum
626 4372 831 4414 versus
861 4355 1228 4432 complexam
1260 4357 1597 4416 333-336
1624 4356 1935 4418 verissime
1964 4354 2274 4432 supplevit
2296 4355 2678 4416 Hermannus

343 4437 660 4500 inserendo
701 4441 860 4500 inter
903 4441 1026 4500 335
1069 4441 1134 4500 et
1178 4441 1300 4501 336
1346 4459 1521 4500 versu
1565 4443 1689 4500 275

2178 4537 2278 4592 18*

2710 2653 2779 2702 28
