3132 5129
1256 431 1719 492 —161—

313 588 568 647 concilio
635 588 999 663 interpolato
1066 605 1251 662 eoque
1320 587 1623 647 centone“
1687 588 2127 662 dissertatione,
2197 588 2300 646 ubi
2366 587 2658 663 imprimis

315 693 372 747 p.
421 674 666 730 12—15
713 673 945 747 videaS,
993 672 1160 731 cuius
1205 673 1480 748 vestigiis
1525 673 1806 732 insistens
1862 694 1987 732 rem
2033 674 2150 731 iam
2197 673 2457 731 confecit
2497 673 2659 738 Hen2

313 758 496 834 nings
540 757 579 815 l.
624 775 673 815 c.
717 777 773 833 p.
825 758 1184 831 151-155,
1246 776 1380 815 cum
1423 777 1462 812 α
1507 759 1731 816 1-22.
1779 759 2048 816 25-28.
2098 759 2347 817 32-79
2395 757 2658 816 eiusdem

314 847 529 917 poetae
585 861 714 902 esse
768 846 950 918 atque
1006 841 1149 900 olim
1208 845 1345 901 ante
1391 860 1417 897 ε
1460 843 1540 900 28
1585 844 1976 917 praecessisse
2032 843 2307 919 pluribus
2365 843 2655 918 exposuit,

298 927 488 986 cuius
532 926 759 985 similes
804 926 1128 985 sententias
1173 928 1293 985 iam
1338 930 1475 1004 ante
1519 946 1653 986 eum
1694 928 1796 985 alii
1842 931 2310 1003 proposuerant,
2370 932 2437 985 ut
2481 926 2658 986 Gui-

316 1012 586 1070 lelmus
634 1011 1043 1070 Muellerus
1101 1013 1160 1069 in
1220 1012 1407 1086 libro,
1469 1031 1642 1087 quem
1705 1013 2118 1081 „Homerische
2175 1012 2516 1072 Vorschulc“
2571 1013 2657 1069 in-

316 1097 587 1172 scripsit,
634 1116 693 1171 p.
743 1098 896 1167 108,
953 1097 1058 1171 qui
1103 1114 1130 1152 ε
1173 1097 1380 1154 3-42
1428 1097 1709 1155 delendos
1765 1100 1997 1173 censet,
2056 1116 2173 1173 quo
2227 1098 2395 1157 hians
2442 1097 2658 1155 vulnus

316 1181 591 1256 reliquit,
639 1180 744 1238 Ka
757 1199 1025 1256 yserus
1080 1182 1192 1256 „de
1238 1181 1475 1240 diversa
1519 1182 1971 1240 Homericorum
2017 1182 2340 1241 carminum
2387 1179 2658 1257 origine“

317 1285 373 1340 p.
413 1270 482 1323 11
532 1269 595 1324 et
637 1266 751 1340 „de
797 1267 1226 1341 interpolatore
1272 1266 1633 1325 Homerico“
1678 1287 1734 1342 p.
1773 1269 1883 1341 34,
1931 1269 2032 1342 qui
2076 1271 2216 1342 post
2258 1287 2296 1322 α
2327 1269 2411 1327 80
2455 1267 2659 1325 statim

317 1370 342 1405 ε
378 1351 456 1409 29
503 1352 670 1425 sequi
716 1351 936 1425 voluit,
999 1351 1144 1408 Lau
1161 1370 1330 1409 erus
1388 1351 1452 1409 in
1495 1352 1909 1410 dissertatione
1956 1353 2268 1427 „Quaestt.
2302 1351 2574 1410 Homerr.
2609 1351 2656 1407 Ι.

316 1435 392 1492 de
436 1435 518 1492 xl
563 1433 866 1511 Odysseae
910 1435 1049 1493 libri
1081 1435 1312 1494 forma⁴⁸
1358 1455 1415 1510 p.
1452 1436 1639 1510 6-8,
1686 1438 1789 1511 qui
1833 1457 1871 1491 α
1903 1438 1981 1496 87
2030 1456 2166 1495 cum
2212 1455 2239 1492 ε
2271 1437 2349 1493 28
2396 1436 2661 1511 copulari

318 1519 486 1577 iubet
539 1515 709 1597 [„ita
764 1522 834 1577 ut
893 1520 1164 1578 82—-87
1224 1520 1355 1578 Iovi
1411 1520 1782 1591 tribuantur,
1841 1522 1944 1596 qui
1999 1522 2117 1579 iam
2174 1540 2328 1580 unus
2383 1522 2661 1596 loquatur

316 1624 414 1664 vv.
461 1606 755 1678 63—87‚
823 1608 889 1663 et
946 1624 1001 1662 v.
1047 1606 1130 1664 80
1170 1623 1261 1679 sq.
1305 1606 1366 1662 et
1411 1604 1484 1678 V,
1547 1607 1774 1663 1—27
1831 1606 2173 1681 interpositi
2240 1599 2658 1682 habeantur“],

315 1689 422 1747 Du
443 1691 801 1748 entzerus
845 1690 908 1747 in
952 1688 1143 1748 Iahnii
1191 1690 1502 1747 annalibus
1550 1691 1670 1749 vol.
1699 1689 1895 1748 LXIV
1945 1687 2132 1769 [Lips.
2171 1686 2375 1768 1852],
2422 1710 2482 1765 p.
2520 1691 2655 1763 116,

321 1775 425 1848 qui
471 1777 614 1848 post
655 1794 694 1828 α
728 1775 807 1832 87
854 1774 1259 1833 huiuscemodi
1305 1793 1539 1833 versum
1584 1775 1872 1834 excidisse
1917 1779 2123 1850 putat:

569 1904 651 1978 ὃς
697 1901 892 1982 φάθ’·
937 1901 977 1967 d*
1018 1901 1081 1966 δ’
1121 1903 1396 1985 Ἑρμείαν
1440 1906 1709 1988 προσέφη
1761 1906 2172 1989 νεφεληγερέτα
2220 1902 2392 1979 Ζεύς.

495 2045 655 2104 Haec
703 2047 907 2103 omnia
949 2064 1069 2104 non
1115 2045 1385 2104 sufficere
1430 2046 1532 2104 sed
1578 2050 1716 2122 post
1745 2066 1782 2100 α
1814 2048 1892 2105 87
1926 2045 2214 2121 quosdam
2259 2064 2463 2105 versus
2508 2048 2657 2104 cete-

315 2151 521 2191 rorum
579 2131 826 2188 deorum
882 2148 1233 2189 consensum
1291 2133 1472 2205 atque
1516 2130 1677 2190 Iovis
1732 2131 2045 2206 imperium
2094 2131 2386 2189 Mercurio
2447 2131 2651 2190 datum

315 2216 693 2275 continentes
738 2215 1024 2274 excidisse
1070 2222 1228 2273 recte
1258 2216 1490 2274 monuit
1519 2215 2058 2275 Kircbhoffius
2102 2217 2166 2273 in
2198 2214 2466 2290 Odyssea
2496 2236 2556 2290 p.
2590 2217 2647 2274 5.

317 2301 437 2360 Sed
481 2301 641 2376 quod
686 2300 815 2375 ipse
861 2301 1262 2375 supplementi
1307 2302 1501 2376 gratia
1545 2302 1910 2376 interposuit
1957 2319 2231 2360 versuum
2278 2320 2386 2375 par

624 2414 709 2489 ὡς
754 2412 899 2493 φάτ’
944 2412 1270 2494 Ἀθηναίη·
1321 2413 1417 2475 ἐπὶ
1461 2412 1522 2476 δ’
1570 2415 1753 2501 ᾔνεον
1797 2413 2205 2496 Οὐρανίωνες·

630 2499 729 2560 καὶ
778 2498 904 2561 τότε
949 2499 1025 2580 δὴ
1072 2498 1225 2573 Ζεὺς
1269 2492 1405 2560 υἱὸν
1450 2499 1551 2562 ἐὸν
1597 2502 1774 2579 φίλον
1816 2497 2024 2561 ἀντίον
2065 2498 2254 2579 ηυδα,

317 2624 382 2682 id
438 2642 560 2683 non
618 2642 735 2681 una
791 2622 863 2681 de
923 2641 1099 2682 causa
1153 2624 1305 2699 epici
1363 2624 1653 2682 sermonis
1707 2624 1929 2699 peritos
1986 2622 2251 2682 offendit.
2351 2621 2661 2681 Eiusmodi

319 2727 467 2768 vero
512 2710 564 2766 si
609 2708 743 2783 quis
789 2708 1140 2766 interserere
1198 2708 1459 2767 voluerit
1511 2710 1929 2783 supplementa
1974 2740 2055 2750 —
2101 2707 2259 2782 quod
2305 2709 2484 2766 etiam
2529 2708 2662 2765 aliis

314 2796 380 2852 in
437 2793 632 2868 poetis
694 2792 1108 2851 brevissimum
1162 2797 1252 2851 est
1307 2797 1482 2867 atque
1539 2793 2076 2851 luculentissimum
2134 2793 2397 2851 defectus
2442 2793 2662 2851 detecti

316 2880 738 2955 argumentum
791 2909 898 2951 —·,
957 2878 1020 2935 in
1075 2879 1151 2936 iis
1199 2876 1623 2953 componendis
1667 2878 1933 2953 ipsorum
1980 2877 2225 2936 Homeri
2272 2877 2661 2952 interpolato-

316 2982 450 3021 rum
499 2961 832 3036 exemplum
877 2963 1112 3037 saepius
1159 2963 1275 3021 iam
1321 2982 1356 3020 a
1398 2962 1573 3021 nobis
1619 2962 1987 3021 illustratum
2046 2962 2267 3019 imitari
2327 2962 2533 3036 debet,
2594 2965 2663 3020 ut

317 3048 482 3107 aliis·
501 3048 648 3106 locis
694 3047 965 3106 sollerter
1009 3067 1151 3106 usus
1196 3041 1575 3118 tritas⁸sere,
1637 3067 1785 3121 quae
1843 3051 2203 3122 congruant,
2261 3047 2481 3105 inferat
2540 3047 2657 3104 for·

315 3133 531 3192 mulas.
620 3132 692 3190 Id
749 3131 843 3190 hic
901 3131 1139 3207 quidem
1198 3132 1407 3191 fecisse
1465 3133 1609 3190 mihi
1669 3133 1875 3191 videor
1929 3153 1967 3207 η
2000 3133 2122 3189 226
2156 3151 2244 3206 sq.
2277 3158 2359 3179 =
2390 3132 2534 3189 ν47
2570 3150 2658 3206 sq.

323 3220 384 3273 A
415 3218 494 3277 68
539 3221 602 3275 et
645 3216 709 3273 Ω
740 3217 862 3274 333
907 3216 970 3274 in
1016 3216 1348 3275 subsidium
1392 3216 1637 3276 vocatis

493 3302 582 3359 De
627 3301 721 3375 iis,
767 3319 920 3375 quae
963 3321 1033 3359 ex
1077 3301 1462 3377 sequentibus
1506 3302 1753 3375 removi,
1798 3320 1918 3360 non
1965 3319 2111 3375 opus
2141 3304 2231 3359 est
2261 3300 2454 3358 multa
2479 3301 2661 3358 verba

321 3387 533 3445 facere.
625 3386 697 3443 In
757 3385 1022 3444 delendis
1080 3386 1349 3445 versibus
1408 3406 1433 3443 ε
1477 3386 1730 3445 33-40
1783 3403 2219 3461 praecessorem
2275 3378 2455 3443 habui
2500 3384 2660 3442 Hen-

320 3473 630 3548 ningsium
688 3489 749 3544 p.
801 3471 949 3544 154,
1004 3472 1107 3546 qui
1163 3474 1320 3530 recte
1379 3474 1582 3528 monet
1638 3488 1745 3529 nec
1789 3472 2105 3546 quicquam
2150 3490 2217 3529 ex
2263 3470 2356 3528 his
2402 3469 2463 3526 in
2509 3469 2659 3526 Mer-

318 3558 468 3614 curii
527 3555 603 3614 ad
662 3555 985 3630 nympham
1045 3556 1374 3614 orationem
1429 3556 1734 3613 transiisse
1792 3560 1853 3615 et
1896 3555 2175 3631 pleraque
2222 3554 2355 3612 aliis
2400 3573 2470 3611 ex
2515 3552 2662 3611 locis

317 3643 638 3714 desumpta
682 3658 828 3697 esse.
901 3639 1054 3697 Nam
1101 3641 1180 3698 33
1214 3659 1285 3697 ex
1317 3641 1438 3698 338
1486 3634 1613 3717 (ἐπὶ
1658 3639 1894 3715 σχεδίης
1937 3635 2344 3714 πολυδέσμου)
2389 3642 2451 3695 et
2492 3658 2530 3693 α
2562 3638 2659 3699 49.

324 3748 361 3803 ρ
403 3726 548 3783 444.
598 3725 719 3782 524
779 3718 1043 3802 (πήματα
1098 3721 1408 3800 πάσχων),
1465 3725 1547 3782 34
1604 3744 1673 3784 ex
1719 3726 1752 3794 ζ
1795 3727 1917 3785 170
1972 3720 2282 3803 (ἐεικοστῷ
2331 3755 2404 3762 -
2451 3718 2659 3797 ἤματι)

318 3815 381 3870 et
432 3810 466 3866 I
510 3811 635 3868 363
695 3805 911 3885 (ἤματί
961 3829 1027 3867 κε
1087 3803 1329 3888 τριτάτῳ
1389 3806 1605 3883 Φθίην
1661 3804 1945 3887 ἐρίβωλον
1988 3806 2255 3888 ἱκοίμην)
2299 3806 2660 3882 compositus

319 3899 434 3970 est,
482 3896 564 3953 35
595 3914 684 3968 sq.
731 3912 801 3951 ex
847 3915 876 3949 τ
923 3894 1045 3952 279
1079 3914 1166 3969 sq.
1214 3893 1532 3969 desumpti,
1582 3896 1659 3952 37
1694 3913 1781 3969 sq.
1829 3913 1899 3952 ex
1941 3904 1994 3964 ψ
2042 3894 2166 3952 340
2189 3912 2278 3968 sq.
2326 3889 2430 3968 (cf.
2461 3910 2506 3948 π
2537 3892 2651 3948 231

319 3983 379 4038 et
422 3979 486 4036 X
512 3980 685 4053 340),
733 3979 985 4036 38—40
1029 3997 1102 4036 ex
1149 4000 1183 4035 ν
1231 3979 1562 4037 136—138
1612 3978 1977 4054 transcripti.
2052 3977 2133 4036 Et
2177 3976 2249 4035 de
2293 3977 2385 4035 his
2430 3980 2658 4050 postre-

325 4067 437 4124 mis
482 4063 725 4139 quidem
769 4065 1020 4137 uterque
1050 4063 1169 4122 iam
1200 4061 1568 4122 Nitzscbium
1614 4063 1762 4122 adeo
1808 4065 2110 4122 auctorem
2153 4061 2474 4119 habemus:
2523 4059 2660 4118 vide

320 4151 444 4208 eius
490 4148 731 4223 librum,
777 4166 954 4223 quem
983 4147 1139 4217 „Die
1160 4147 1543 4222 Sayenpoesie
1573 4148 1676 4205 der
1702 4146 2023 4207 Griechen“
2054 4145 2377 4220 inscripsit,
2424 4165 2480 4220 p.
2517 4146 2657 4202 151.

323 4233 480 4293 Male
524 4236 725 4292 autem
771 4232 975 4292 Iovem
1019 4234 1189 4307 quasi
1233 4232 1440 4290 futura
1484 4232 1911 4291 vaticinantem
1961 4231 2202 4307 quidam
2248 4229 2659 4304 defenderunt,

319 4338 492 4394 quem
537 4322 642 4377 aut
685 4316 835 4376 nihil
879 4320 982 4376 aut
1026 4320 1088 4377 et
1133 4337 1272 4377 vera
1315 4319 1376 4375 et
1423 4317 1600 4391 plena
1642 4318 1982 4392 praedicere
2016 4315 2282 4374 decebat.
2361 4314 2489 4374 Hoc
2521 4332 2661 4374 vero

321 4423 436 4463 non
482 4403 626 4462 facit
671 4401 944 4461 versibus
988 4403 1121 4463 istis
1165 4402 1407 4461 aliunde
1453 4403 1735 4461 corrasis:
1781 4421 1920 4461 nam
1965 4421 2073 4460 nec
2115 4401 2231 4458 rati
2262 4400 2528 4459 insidens
2557 4417 2663 4473 per

323 4489 534 4566 viginti
594 4489 723 4547 dies
776 4487 950 4545 malis
1016 4488 1273 4547 iactatur
1328 4487 1533 4545 Ulixes
1591 4489 1653 4544 et
1707 4486 1971 4563 Neptuni
2042 4487 2418 4560 importunus
2471 4486 2657 4542 inter-

421 4593 667 4643 luetur,
699 4593 950 4634 Solu-men.
1003 4594 1040 4631 1.
1638 4608 1645 4616 ·
2195 4587 2254 4633 ll

2700 2211 2759 2259 13
