3132 5129
1288 408 1745 470 -207-

653 564 842 634 ξεῖνος
887 559 950 621 δὲ
994 558 1181 639 τλήτω
1224 558 1384 637 μάλα
1427 582 1537 638 περ
1582 556 1820 622 νόστοιο
1864 563 2113 640 χατίζων

652 644 840 723 ἔμπης
882 667 996 706 ουν
1039 643 1337 722 ἐπιμεῖναι
1380 642 1437 717 ἐς
1480 644 1722 726 αὔριον,
1767 647 1849 718 εἰς
1891 644 1931 707 ὅ
1974 668 2040 706 κε
2085 647 2286 707 πᾶσαν

651 730 910 807 δωτίνην
951 729 1180 803 τελέσω,

349 851 590 909 omnino
638 851 898 911 dubitari
942 853 1178 928 nequit,
1236 853 1350 911 iam
1398 852 1545 912 nihil
1591 853 1961 929 probabilius
2018 852 2284 927 videtur,
2343 853 2458 912 nisi
2516 853 2685 912 illum

349 935 563 994 miselli
623 939 895 997 centonis
950 958 987 993 ν
1039 938 1285 997 10-28
1346 937 1763 997 fabricatorem
1822 939 2006 996 etiam
2059 938 2121 995 in
2166 937 2452 1013 Necyiam
2496 940 2685 997 totam

347 1019 510 1078 illam
570 1021 1071 1097 interruptionem
1139 1021 1417 1081 intulisse
1479 1022 1511 1077 λ
1557 1024 1913 1082 333-384
1978 1022 2242 1081 admixto
2306 1040 2450 1081 sane
2507 1024 2685 1081 etiam

346 1105 607 1165 melioris
652 1106 888 1167 indolis
915 1107 1254 1183 fragmento
1285 1126 1345 1166 v.
1379 1108 1735 1182 363—369,
1781 1106 1940 1181 quod
1985 1128 2020 1165 a
2063 1107 2240 1165 nobis
2285 1105 2477 1165 nostri
2508 1107 2682 1166 Nosti

345 1194 552 1264 poetae
596 1192 661 1249 in
693 1191 995 1267 superiore
1027 1191 1441 1251 dissertatione
1470 1212 1528 1267 p.
1554 1193 1638 1251 20
1672 1187 1881 1268 [supra
1900 1211 1959 1267 p.
1992 1188 2138 1269 195]
2171 1191 2538 1251 vindicatum
2571 1196 2679 1251 est.

516 1274 635 1334 Sed
678 1274 754 1334 ad
798 1277 1224 1351 antiquiorem,
1274 1294 1452 1352 quem
1497 1276 1594 1334 hic
1636 1278 1981 1350 tractamuS,
2028 1276 2283 1334 Nestum
2328 1275 2524 1335 redeo.
2613 1276 2685 1335 In

344 1376 412 1417 eo
456 1359 647 1436 igitur
706 1379 837 1419 cum
893 1361 1126 1420 nullum
1184 1362 1666 1438 gynaecocratiae
1727 1360 1889 1420 illius
1945 1360 2102 1419 adsit
2156 1361 2506 1436 vestigium,
2563 1380 2683 1420 non

343 1443 534 1501 solum
594 1463 796 1504 versus
855 1464 890 1503 a
942 1446 1116 1504 nobis
1183 1445 1658 1517 circumscriptos
1716 1445 1967 1505 53—55
2022 1447 2085 1503 et
2142 1447 2387 1504 66—77
2445 1445 2519 1503 ab
2575 1447 2684 1504 hac

344 1528 646 1588 Minervae
691 1531 976 1606 oratione,
1023 1530 1127 1589 sed
1170 1531 1412 1590 omnino
1454 1530 1647 1606 ipsam
1691 1530 1933 1591 Aretam
1976 1548 2111 1589 cum
2154 1533 2436 1589 consueto
2467 1531 2676 1589 mulie-

340 1630 470 1670 rum
516 1612 874 1673 Graecarum
929 1634 1094 1675 more
1150 1615 1622 1675 consentientem
1667 1636 1702 1673 a
1744 1616 2011 1675 virorum
2066 1615 2505 1690 compotatione
2560 1615 2680 1691 pri-

340 1698 521 1758 mitus
568 1699 829 1759 abfuisse
874 1702 934 1758 in
979 1720 1229 1776 eamque
1286 1701 1360 1759 ab
1417 1718 1486 1759 eo
1542 1700 1810 1775 demum,
1878 1700 1982 1774 qui
2050 1703 2371 1775 utrumque
2424 1700 2682 1760 Nestum

340 1783 801 1859 contaminaret,
858 1785 1261 1844 introductam
1308 1804 1435 1845 esse
1480 1785 1626 1845 satis
1672 1785 2063 1860 probabiliter
2108 1785 2380 1843 concludi
2423 1784 2679 1844 videtur.

340 1864 510 1936 Quod
570 1870 623 1928 si
678 1888 886 1928 verum
944 1873 1064 1943 est,
1121 1873 1288 1946 patet
1333 1870 1510 1928 etiam
1557 1868 1794 1928 Ulixem
1840 1888 1963 1929 non
2007 1869 2081 1928 ad
2125 1870 2401 1944 Aretam,
2459 1869 2562 1929 sed
2609 1869 2681 1927 ad

340 1951 657 2012 Alcinoum
703 1954 900 2029 ipsum
943 1972 1147 2030 preces
1193 1974 1331 2015 suas
1363 1954 1607 2030 fudisse,
1664 1954 1822 2030 quod
1853 1974 2029 2030 quam
2062 1954 2233 2013 facile
2262 1954 2390 2013 fieri
2421 1954 2683 2029 potuerit

340 2037 667 2098 substituto
712 2058 821 2114 pro
867 2060 925 2099 v.
962 2040 1081 2099 146
1126 2043 1408 2100 consueta
1449 2040 1692 2099 Alcinoi
1738 2039 2136 2115 appellatione

739 2151 1006 2216 Ἀλκίνοε
1051 2160 1268 2236 κρεῖον,
1312 2150 1556 2215 πάντων
1598 2150 1928 2235 ἀριδείκετε
1974 2156 2130 2214 λαῶν

337 2279 397 2334 et
437 2279 676 2335 mutato
721 2268 900 2333 πόσιν
944 2278 1006 2337 in
1055 2270 1280 2352 δόμον
1334 2296 1507 2336 nemo
1551 2296 1675 2336 non
1722 2276 2022 2335 concedet.
2115 2276 2481 2351 Quamquam
2528 2276 2679 2335 hanc

338 2360 737 2419 coniecturam
793 2366 1031 2420 tantum
1089 2362 1341 2437 exempli
1396 2363 1593 2438 gratia
1652 2362 1829 2420 attuli
1887 2381 1996 2421 nec
2039 2362 2379 2438 negaverim
2426 2361 2678 2420 fortasse

336 2443 451 2502 alia
493 2446 726 2504 ratione
770 2446 919 2505 illud
966 2448 1105 2506 olim
1152 2447 1376 2505 factum
1423 2466 1571 2506 esse.
1648 2447 1736 2505 De
1783 2448 1997 2505 ceteris
2027 2447 2223 2507 brevis
2254 2463 2381 2504 esse
2413 2464 2676 2520 possum.

338 2526 563 2589 Versus
607 2549 842 2607 quoque
892 2533 1159 2608 752-77,
1204 2550 1352 2608 quos
1396 2532 1470 2591 ab
1512 2531 1829 2608 utriusque
1874 2532 2112 2590 demum
2143 2530 2317 2590 Nosti
2365 2530 2677 2591 concinna-

337 2617 467 2672 tore
509 2634 583 2674 ex
629 2616 956 2676 Nausicaae
1004 2619 1270 2677 oratione
1313 2617 1409 2676 hic
1451 2617 1740 2693 repetitos
1786 2636 1914 2676 esse
1959 2634 2077 2677 non
2125 2615 2353 2690 dubito,
2400 2616 2678 2691 primitus

332 2699 409 2757 ab
454 2699 568 2760 hoc
612 2702 854 2776 quidem
897 2702 1029 2760 loco
1072 2702 1332 2762 abfuisse
1377 2703 1586 2777 etiam,
1649 2703 1751 2777 qui
1811 2705 2004 2761 cetera
2047 2700 2120 2760 de
2168 2701 2383 2759 Aretae
2428 2701 2676 2776 imperio

330 2783 522 2843 relata
576 2786 834 2845 retinere
879 2787 1261 2861 sustinuerit,
1315 2786 1628 2846 nobiscum
1673 2787 2038 2861 consentiet,
2094 2785 2254 2861 quod
2298 2788 2676 2859 personatam

333 2868 667 2928 Minervam
724 2871 950 2930 scilicet
994 2872 1068 2930 ab
1114 2870 1287 2930 Ulixe
1331 2872 1683 2947 simpliciter
1737 2875 1971 2930 tantum
2029 2871 2101 2929 de
2144 2869 2380 2929 Alcinoi
2436 2870 2678 2928 aedibus

329 2953 765 3030 interrogatam
809 2957 1088 3032 ignorare
1133 2955 1403 3031 decebat,
1464 2956 1609 3031 quid
1663 2958 1889 3033 negotii
1955 2956 2076 3015 illis
2121 2956 2184 3014 in
2208 2955 2471 3038 ⁴aedibus
2514 2953 2678 3012 habi-

332 3040 504 3098 turus
553 3045 711 3099 esset
752 3040 981 3100 Ulixes.

504 3123 705 3182 Unum
758 3128 948 3185 restat
1000 3125 1076 3185 de
1141 3125 1410 3185 versibus
1477 3125 1598 3183 illis
1665 3123 2001 3183 dicendum.
2090 3123 2244 3182 Sunt
2310 3125 2494 3198 enim,
2562 3123 2677 3181 nisi

331 3210 575 3283 egregie
620 3209 825 3285 fallor,
883 3229 1007 3269 non
1052 3211 1227 3269 unius
1271 3208 1655 3284 eiusdemque
1713 3210 1998 3283 auctoris,
2054 3208 2159 3268 sed
2215 3210 2439 3268 factum
2496 3208 2674 3266 etiam

335 3291 401 3349 in
456 3292 549 3352 his
601 3293 868 3367 videtur,
926 3295 1082 3370 quod
1140 3298 1211 3353 ut
1263 3295 1436 3369 alibi,
1497 3294 1583 3352 ita
1634 3293 1733 3352 hic
1774 3312 2009 3369 quoque
2054 3294 2285 3352 intrusa
2329 3292 2678 3370 genealogia

335 3394 396 3432 v.
429 3378 682 3436 56-65
727 3379 1007 3438 accidisse
1052 3379 1617 3452 demonstravimus,
1676 3381 1775 3451 ut,
1826 3377 2325 3453 quemadmodum
2371 3373 2674 3450 ἐφέλκετάι

329 3454 533 3532 ἄνδρα
567 3458 829 3536 σίδηρος,
859 3464 1244 3539 interpolatio
1274 3463 1800 3539 interpolationem
1835 3463 2112 3522 traheret.
2176 3462 2462 3521 Primitus
2491 3462 2677 3537 igitur

2723 1542 2785 1593 16

329 3550 567 3605 tantum
610 3567 667 3606 v.
702 3548 951 3606 53—55
983 3552 1043 3607 et
1074 3551 1235 3608 66-
1244 3550 1323 3608 68
1355 3547 1614 3607 adfuisse
1648 3547 1924 3622 arbitror,
1975 3565 2124 3623 quos
2156 3547 2309 3607 alius
2340 3568 2394 3607 v.
2426 3548 2588 3605 69—
2595 3546 2673 3603 74
2744 3551 2757 3564 '

331 3631 708 3691 enarrandos
753 3635 815 3691 et
857 3632 1039 3691 allata
1080 3635 1315 3693 ratione
1359 3633 1737 3708 explicandos
1783 3632 1900 3690 sibi
1943 3632 2281 3707 sumpserit.

503 3715 756 3775 Versum
788 3721 983 3776 antem
1015 3718 1113 3790 52,
1161 3737 1277 3794 quo
1309 3717 1551 3795 egregia
1581 3735 1798 3793 gnome
1828 3719 1927 3773 θοι
1942 3737 1975 3793 ρ
1995 3731 2030 3773 o·
2045 3737 2083 3772 α
2101 3712 2213 3773 λέο
2228 3737 2257 3785 ς
2301 3737 2336 3793 y
2352 3707 2390 3773 ἃ
2406 3736 2438 3793 ρ
2483 3706 2521 3772 ἆ
2540 3706 2622 3789 νὴ
2640 3733 2673 3790 ρ

330 3795 407 3856 ἐν
450 3799 677 3857 πᾶσιν
719 3790 1042 3875 ἀμείνων
1087 3803 1454 3879 ineptissime
1500 3802 1804 3877 obruitur,

638 3914 902 3995 ἔργοισιν
944 3915 1206 3997 τελέθει,
1253 3920 1307 3980 εἰ
1348 3919 1455 3979 καί
1492 3922 1685 3978 ποθεν
1727 3915 1993 3978 αλλοθεν
2037 3915 2239 3991 ἔλθοι,

331 4037 603 4098 Bekkero
647 4041 887 4098 auctore
941 4058 977 4096 a
1018 4059 1114 4098 me
1160 4040 1462 4100 sublatum
1506 4057 1635 4099 esse
1682 4040 1984 4099 monuisse
2030 4039 2270 4100 sufficit.

501 4123 693 4199 Magis
738 4124 1084 4200 ambiguum
1130 4125 1203 4184 de
1246 4146 1303 4185 v.
1352 4127 1511 4184 32—
1521 4125 1601 4183 36
1645 4125 1763 4181 erit
1806 4124 2119 4198 iudicium,
2166 4125 2266 4199 qui
2311 4142 2671 4199 quamquam

335 4207 485 4282 ipsis
541 4208 605 4266 in
661 4208 862 4268 verbis
906 4212 1011 4267 aut
1051 4209 1201 4268 nihil
1246 4214 1349 4269 aut
1390 4228 1512 4269 non
1557 4209 1815 4267 multum
1858 4208 2080 4268 habent
2121 4211 2184 4267 in
2228 4227 2343 4284 quo
2388 4208 2668 4284 offendas,

331 4297 554 4368 tamen,
607 4292 891 4369 quoniam
936 4312 1002 4352 re
1046 4294 1175 4369 ipsa
1218 4295 1528 4354 offendunt
1572 4293 1800 4352 scilicet
1842 4311 1973 4351 cum
2007 4294 2282 4370 benigna,
2330 4312 2480 4369 quae
2510 4293 2672 4353 Ulixi
2776 4304 2782 4309 '

329 4378 646 4454 contingit,
701 4376 1031 4438 Phaeacum
1075 4379 1491 4454 hospitalitate
1537 4377 1789 4437 adverso
1834 4378 2030 4436 fronte
2072 4381 2424 4455 pugnantes,
2470 4379 2672 4454 potius

327 4461 401 4519 ad
448 4461 746 4536 quandam
796 4481 1016 4537 eorum,
1062 4463 1549 4538 quae'Nausicaa
1593 4461 1775 4530 §273
1797 4481 1929 4539 sqq.
1978 4465 2344 4538 memoravit,
2390 4464 2670 4523 similitu·
