3132 5129
1311 376 1771 440 —519-

367 533 764 594 intolerabilis
810 533 914 592 illa
956 534 1288 610 tautologia
1339 536 1520 610 atque
1580 535 1921 610 importuna
1975 537 2367 596 commissura
2420 544 2704 599 remanet.

368 618 524 689 Quid
581 619 769 695 igitur
823 618 1105 678 faciemus
1159 637 1296 693 nos,
1350 622 1671 695 postquam
1726 620 2007 680 eiciendis
2050 622 2322 682 versibus
2368 625 2702 684 992—994

362 704 513 764 nihil
570 723 680 763 nos
730 703 948 763 lucrari
1003 703 1304 764 vidimus?
1394 704 1881 780 Transponemus
1936 705 2246 778 audacter,
2304 727 2412 768 nec
2471 708 2701 785 dubito,

363 790 509 865 quin
552 792 688 864 post
729 808 786 847 v.
821 790 942 849 989
956 790 1154 848 -993
1200 808 1309 864 per
1352 808 1415 848 se
1458 790 1586 864 ipse
1630 790 1748 849 iam
1793 789 1889 849 hic
1934 810 1997 850 se
2058 793 2577 853 commendaturus
2621 796 2706 854 sit

371 873 801 934 sententiarum
845 872 1023 932 ordo.

435 1001 453 1016 ⁸
515 1016 614 1065 999
656 999 788 1068 ἀλλ’
836 1002 890 1063 εἰ
928 1002 1042 1083 μὲν
1083 1003 1185 1077 εἰς
1225 1005 1311 1065 ἑν
1356 1002 1575 1066 ταῦθ’
1625 1001 1781 1085 ὁμοῦ
1805 1005 2154 1102 γενήσεται,

659 1083 899 1168 ἄγαλμά
942 1086 997 1150 τ’
1046 1090 1233 1164 οἴσεις
1277 1080 1424 1167 καμ’
1475 1085 1574 1151 ἐπ’
1622 1084 1974 1170 εὐπρύμνου
2020 1093 2172 1168 νεὼς

664 1173 859 1251 ἄξεις,
905 1167 969 1235 τὸ
1015 1174 1387 1252 κινδύνευμα
1431 1176 1693 1256 γίγνεται
1737 1173 1959 1237 καλόν·

668 1255 882 1323 τούτου
926 1257 990 1321 δὲ
1033 1256 1379 1359 χωρισθεῖσ’
1428 1258 1547 1339 ἐγώ
1588 1261 1702 1338 μὲν
1743 1260 2036 1369 ὄλλυμαι,

496 1358 624 1406 1003
674 1340 748 1408 σύ
796 1340 859 1406 δ’
904 1369 985 1406 αν
1026 1340 1093 1406 τὸ
1135 1353 1366 1407 σαυτοῦ
1407 1343 1665 1448 θέμενος
1708 1339 1780 1409 εὖ
1823 1343 2039 1408 νόστου
2083 1341 2308 1427 τύχοις·

528 1443 631 1492 994
675 1437 914 1510 σφαγῆς
957 1451 1019 1490 τε
1061 1421 1177 1509 γὰρ
1222 1430 1332 1508 σῆς
1376 1428 1525 1529 χεῖρ’
1570 1422 2018 1511 ἆπαλλᾶξαιμεν
2061 1428 2141 1493 ἂν

666 1515 931 1595 σώσαιμί
969 1510 1025 1575 τ’
1071 1513 1308 1589 οἴκους·
1355 1538 1465 1595 την
1508 1513 1665 1577 θεὸν
1706 1512 1768 1576 δ’
1816 1538 1982 1589 οπως
2025 1513 2197 1578 λάθω

663 1601 905 1665 δέδοικα
948 1597 1048 1661 καὶ
1093 1594 1421 1680 τύραννον,
1467 1595 1642 1678 ἡνίκ’
1686 1624 1769 1661 αν
1814 1593 1991 1673 κενὰς

663 1685 960 1787 κρηπῖδας
1002 1706 1146 1768 ευρῃ
1190 1686 1402 1759 λαΐνας
1443 1680 1798 1789 ἀγάλματος.

518 1784 619 1832 998
662 1773 787 1843 πῶς
829 1765 902 1831 οὗ
931 1775 1284 1870 θανοῦμαις
1329 1770 1416 1843 τίς
1462 1764 1519 1829 δ’
1565 1769 1762 1833 ἔνεστί
1796 1793 1896 1850 μοι
1941 1765 2139 1852 λόγος-ς

490 1868 620 1918 1004
664 1849 736 1919 οὐ
779 1849 899 1936 μήν
944 1879 999 1916 τι
1042 1850 1247 1975 φεύγω
1289 1848 1349 1954 γ’
1356 1899 1374 1932 ,
1419 1850 1562 1916 ουδὲ
1604 1852 1670 1935 μ’
1718 1857 1775 1918 εἰ
1813 1861 2034 1917 θανεῖν
2076 1851 2282 1956 χρεών,

659 1943 849 2003 σῶσαι
892 1940 972 2001 τὰ
1018 1935 1076 1999 σ’
1159 1933 1229 2000 οὐ
1272 1963 1385 2021 γαρ
1429 1931 1566 2002 αλλ’
1614 1938 1769 2021 ἀνὴρ
1813 1938 1926 2043 μὲν
1968 1939 2035 2002 ἐκ
2081 1938 2287 2022 δόμων

661 2024 878 2088 θανὼν
921 2019 1242 2099 ποθεινός,
1289 2047 1359 2086 τα
1403 2024 1471 2087 δὲ
1514 2026 1802 2105 γυναικὸς
1845 2020 2097 2105 ἆσθενῆ.

363 2184 539 2241 Patet
567 2180 971 2259 Iphigeniam,
1013 2183 1331 2256 postquam
1360 2184 1424 2239 et
1451 2182 1764 2256 antiquum
1793 2180 2082 2241 redeundi
2110 2181 2465 2259 videndique
2494 2184 2695 2243 fratris

359 2268 716 2326 desiderium
775 2269 838 2325 et
892 2269 1264 2341 praesentem
1323 2284 1456 2324 cum
1511 2265 1713 2323 fratris
1758 2266 1917 2325 votis
1974 2267 2443 2326 consentientem
2487 2268 2695 2327 volun-

357 2357 543 2411 tatem
598 2351 952 2425 declaravit,
1007 2350 1273 2408 membro
1329 2368 1438 2423 per
1492 2348 1845 2424 particulam
1899 2343 2048 2407 ἄλλά
2098 2352 2409 2426 aptissime
2462 2352 2692 2412 adnexo

357 2439 475 2495 iam
519 2436 594 2495 ad
639 2436 953 2496 consilium
997 2433 1070 2492 ab
1117 2433 1222 2493 illo
1266 2434 1596 2493 indicatum
1654 2435 1932 2495 accedere
1987 2435 2100 2510 ita,
2159 2439 2228 2494 ut
2281 2437 2571 2511 primum,
2629 2440 2692 2497 si

355 2522 657 2598 quidem
701 2522 890 2580 frater
933 2522 994 2580 et
1038 2518 1179 2579 deae
1225 2519 1461 2596 signum
1493 2521 1557 2578 et
1586 2537 1649 2579 se
1677 2520 1869 2596 ipsam
1901 2519 2039 2580 navi
2069 2520 2376 2618 imponere
2404 2523 2690 2599 potuerit,

355 2608 555 2667 omnia
584 2607 734 2666 bene
763 2605 979 2665 babere
1023 2604 1336 2680 concedat,
1383 2605 1589 2664 statim
1620 2624 1791 2680 ver0,
1837 2605 2013 2665 aliter
2055 2605 2105 2665 si
2151 2606 2414 2681 eveniat,
2462 2626 2525 2667 se
2566 2609 2695 2683 qui·

355 2692 488 2751 dem
533 2692 890 2768 perituram,
949 2689 1197 2748 fratrem
1241 2706 1384 2749 vero
1428 2708 1492 2750 re
1537 2688 1690 2749 bene
1733 2693 1906 2765 gesta
1948 2689 2277 2750 rediturum
2322 2709 2450 2752 esse
2494 2696 2691 2752 osten·

355 2777 491 2835 dat:
537 2795 601 2836 se
645 2776 843 2835 enim
876 2775 1019 2850 (iam
1050 2773 1217 2833 vides
1261 2776 1324 2833 et
1365 2793 1503 2850 γαρ
1546 2774 1873 2835 rectissime
1902 2773 2118 2835 habere
2146 2794 2259 2835 nec
2286 2776 2471 2835 ullam
2511 2778 2690 2837 relin-

354 2860 456 2936 qui
502 2858 919 2937 tautologiam)
965 2861 1123 2918 certe
1166 2876 1277 2918 nec
1321 2858 1570 2918 fratrem
1627 2862 2019 2920 mactaturam
2076 2865 2139 2919 et
2194 2860 2435 2920 domum
2493 2881 2690 2924 serva-

356 2951 581 3021 turam,
638 2946 697 3003 h.
740 2963 793 3003 e.
839 2943 1216 3004 simulacrum
1279 2942 1453 3002 fratri
1508 2944 1866 3003 tradituram
1923 2963 2081 3021 esse,
2140 2945 2301 3021 quod
2357 2950 2561 3006 tamen
2614 2966 2690 3007 ne
2728 2963 2760 3011 8

354 3031 543 3106 ipsius
601 3029 744 3089 deae
788 3029 1101 3089 voluntate
1143 3047 1179 3087 a
1222 3046 1363 3103 rege
1419 3028 1735 3105 detegatur
1779 3028 2104 3088 verendum
2157 3042 2299 3090 sane
2355 3050 2513 3106 esse,
2569 3051 2690 3108 quo

352 3116 513 3174 facto
557 3114 725 3173 nulla
765 3113 974 3172 relicta
1016 3112 1395 3172 excusatione
1424 3119 1679 3172 mortem
1710 3114 1825 3173 sibi
1854 3114 2248 3175 certissimam
2278 3116 2421 3176 fore.
2467 3116 2689 3176 Verum

353 3202 511 3258 stare
554 3199 699 3273 sibi,
745 3198 842 3258 vel
885 3202 1077 3256 morte
1107 3215 1215 3257 sua
1243 3197 1445 3257 fratris
1475 3199 1729 3257 salutem
1773 3199 2092 3276 redimere,
2138 3219 2271 3261 cum
2316 3199 2494 3277 longe
2525 3201 2687 3259 aliud

361 3285 444 3344 sit
488 3284 601 3342 viri
647 3287 826 3358 atque
868 3280 1134 3341 mulieris
1178 3282 1242 3340 in
1286 3281 1463 3341 domo
1506 3283 1793 3357 pretium.

521 3368 692 3428 Hanc
725 3367 908 3427 fuisse
938 3365 1374 3442 oratiunculae,
1418 3385 1598 3442 quam
1625 3367 1939 3444 Iphigenia
1981 3368 2219 3445 habuit,
2265 3372 2686 3446 argumentum

350 3457 531 3529 atque
584 3456 852 3512 tenorem
907 3450 1232 3511 clarissime
1287 3454 1535 3526 apparet
1592 3470 1661 3510 ex
1708 3450 1936 3513 Orestis
1992 3472 2306 3531 responso,
2364 3453 2526 3529 quod
2582 3452 2688 3512 ad-

351 3537 548 3598 scribo
594 3537 925 3598 coniunctis
969 3536 1271 3595 variorum
1315 3536 1657 3595 criticorum
1703 3537 2016 3646 conatibus
2060 3540 2442 3598 restitutum:

655 3681 767 3747 οὐκ
810 3709 890 3747 αν
931 3684 1219 3765 γενοίμην
1261 3694 1371 3746 σοῦ
1414 3707 1475 3747 τε
1519 3684 1621 3784 καὶ
1662 3686 1879 3768 μητρὸς
1923 3683 2173 3763 φονεύς·

650 3766 787 3845 ἅλις
832 3769 899 3832 τὸ
941 3769 1143 3848 κείνης
1186 3762 1371 3847 αἷμα·
1417 3765 1758 3847 κοινόφρων
1805 3770 1869 3832 δέ
1912 3788 2009 3833 σοι

654 3855 754 3916 και
796 3859 939 3930 ζῶν
982 3850 1210 3932 θέλοιμ’
1257 3877 1340 3916 αν
1382 3853 1482 3916 και
1525 3855 1742 3917 θανὼν
1783 3862 1988 3935 λαχεῖν
2031 3855 2194 3918 ἴσον·

651 3936 776 4013 αξω
824 3939 888 4001 δέ
929 3933 1014 4019 σ’,
1058 3937 1248 4018 ἤνπερ
1292 3930 1511 4012 καύτὸς
1556 3936 1918 4004 ἐντεῦθεν
1961 3951 2192 4023 περῶ,

652 4025 799 4105 πρὸς
842 4017 1042 4104 οἶκον,
1086 4047 1126 4102 η
1173 4027 1283 4084 σοῦ
1324 4022 1658 4086 κατθανών
1697 4037 1859 4105 μενῶ
1899 4025 2062 4105 μέτα.

518 4181 612 4240 Ita
653 4183 969 4257 postquam
1011 4179 1501 4256 generosissimus
1544 4180 1891 4242 adolescens
1944 4199 2111 4240 suam
2164 4184 2226 4240 et
2275 4182 2402 4258 ipse
2443 4183 2682 4258 aperuit

349 4265 746 4325 firmissimam
800 4265 1184 4340 sententiam,
1253 4285 1371 4342 qua
1424 4284 1558 4325 cum
1615 4284 1812 4326 sorore
1868 4270 1973 4326 aut
2025 4266 2349 4327 vivendum
2405 4268 2521 4328 sibi
2574 4272 2680 4329 aut

348 4350 721 4409 moriendum
765 4350 1121 4425 decreverit,
1170 4350 1232 4408 in
1276 4350 1663 4427 sequentibus
1693 4352 1812 4412 iam
1839 4352 2098 4414 rationes
2139 4354 2412 4428 exponit,
2458 4353 2677 4430 quibus

345 4433 510 4516 ipsos
553 4435 693 4497 deos
738 4435 853 4500 sibi
897 4435 1134 4516 suisque
1177 4436 1428 4515 inceptis
1470 4437 1762 4517 propitios
1805 4456 1934 4498 esse
1977 4436 2285 4516 probabile
2327 4437 2464 4499 fiat:
