3132 5129
1353 380 1811 445 —392—

415 546 477 601 et
517 540 742 615 evolve,
788 559 862 599 ne
907 538 1110 598 eadem
1155 556 1384 613 semper
1426 540 1710 612 repetam,
1756 535 1858 611 IX,
1912 535 2049 593 141.
2103 536 2239 593 158.
2287 533 2557 610 XXXVI,
2602 536 2746 593 295.

414 625 596 701 XLV,
639 627 773 686 120.
801 658 884 677 .-
921 616 1146 701 ’Ἁρσην
1188 615 1388 698 μορφή
1430 624 1630 680 autem
1662 620 1788 695 XX,
1822 622 1904 679 40
1944 623 2004 679 et
2044 618 2317 695 XLVIII,
2352 621 2473 679 362
2505 619 2745 696 legitur.

587 710 784 769 Simili
842 709 988 768 vitio
1044 708 1281 766 laborat
1336 706 1646 782 Oppianus
1700 706 1761 763 in
1824 703 2323 781 Cynegeticorum
2377 704 2580 779 initio,
2645 705 2747 765 ubi

411 798 591 870 poeta
635 794 935 871 dialogum
978 792 1156 869 fingit
1198 792 1312 850 sibi
1359 811 1494 850 cum
1539 790 1735 850 Diana
1780 789 2066 863 habitum,
2116 808 2235 865 quo
2282 789 2385 848 illa
2430 790 2627 864 ipsum
2669 790 2748 849 ab

414 880 546 939 aliis
601 880 777 938 rebus
835 877 1113 938 canendis
1169 877 1539 937 revocaverit
1581 879 1645 934 et
1686 875 1762 933 ad
1805 877 2087 933 venatum
2144 874 2564 933 celebrandum
2607 876 2749 935 inci·

412 966 653 1023 taverit.
742 964 836 1022 Ibi
879 963 1015 1021 inde
1060 981 1094 1020 a
1136 980 1311 1021 versu
1357 963 1435 1021 28
1481 961 1622 1020 haec
1665 960 1980 1036 leguntur:

503 1078 796 1160 (Artemis
814 1076 857 1161 :)
906 1077 1020 1157 Μὴ
1063 1076 1246 1159 γένος
1274 1072 1490 1156 ἡρώων
1533 1076 1742 1159 εἴπῃς,
1777 1072 1867 1174 μὴ
1915 1074 2194 1135 ναυτίλον
2231 1070 2441 1155 Ἀργώ,

902 1160 1051 1241 μηδὲ
1093 1162 1327 1241 μόθους
1371 1160 1667 1241 μερόπων,
1711 1185 1792 1239 μη
1834 1181 1933 1239 μοι
1976 1157 2354 1240 βροτολοιγὸν
2395 1156 2621 1245 ἇείδῃς.
2691 1169 2696 1174 “

572 1247 787 1330 (Poeta
805 1248 849 1331 :)
896 1243 1026 1308 Οὐκ
1072 1245 1213 1349 ἐρέω
1257 1246 1577 1324 πολέμους,
1623 1242 1732 1306 οὐκ
1776 1245 1982 1325 ’Ἀρεος
2029 1242 2164 1323 ἔργά
2210 1241 2484 1305 κάκιστα·

900 1328 1258 1437 ἐφρασάμην
1303 1328 1587 1434 Πάρθων
1623 1353 1683 1391 τε
1727 1328 1877 1401 δύας
1924 1353 2025 1389 και
2071 1327 2525 1407 Κτησιφόωντα.

502 1416 858 1501 (Artemis.)
900 1410 1079 1495 Ἀμφὶ
1124 1416 1393 1515 μόθοις
1439 1411 1698 1477 ὀλοοῖσιν
1741 1409 1898 1493 ἀκὴν
1941 1413 2051 1493 ἔχε,
2096 1412 2260 1474 λειπέ
2302 1437 2362 1476 τε
2405 1413 2676 1489 κεστούς·

909 1500 1167 1600 ἐχθαίρω
1215 1524 1283 1561 τα
1325 1498 1597 1601 λέγουσιν
1639 1495 1960 1602 ἀθύρματα
2003 1499 2437 1579 ποντογενείης.

576 1589 815 1666 (Pomm
822 1582 848 1670 )
889 1580 1212 1664 Ἐκλύομέν
1253 1605 1338 1663 σε,
1387 1580 1702 1664 Μάκαιρα,
1746 1580 1953 1666 γάμων
1994 1580 2262 1664 ἀμύητον
2306 1582 2541 1647 έοῦσαν.

419 1710 615 1784 Igitur
658 1709 851 1767 Diana
892 1708 1151 1783 primum
1198 1727 1233 1764 3
1276 1706 1521 1782 bellicis,
1571 1709 1697 1765 tum
1746 1707 1820 1766 ab
1866 1707 2169 1766 amatoriis
2214 1706 2579 1768 carminibus
2621 1709 2755 1768 abs·

419 1795 610 1853 tinere
653 1793 822 1851 iubet
850 1795 1110 1867 poetam.
1194 1792 1366 1851 Unde
1405 1794 1679 1867 apparet,
1726 1793 1998 1868 ineptum
2043 1811 2169 1851 esse
2198 1812 2255 1852 v.
2289 1794 2368 1851 32
2401 1792 2553 1851 illud
2596 1787 2752 1868 ἀμφὶ

329 1894 356 1923 0
418 1875 509 1952 μό
523 1880 728 1951 θοις,
776 1877 935 1952 quod
981 1894 1102 1936 non
1146 1895 1381 1952 vereor,
1429 1895 1504 1935 ne
1548 1878 1682 1953 quis
1729 1876 1801 1935 de
1845 1877 2088 1936 Amoris
2132 1876 2349 1935 militia
2391 1878 2752 1954 proeliisque

419 1963 753 2037 puellarum
812 1962 895 2021 sit
949 1963 1371 2037 explicaturus.
1474 1961 1684 2037 Neque
1742 1962 1898 2020 enim
1962 1957 2154 2037 μόθος
2221 1961 2331 2020 hoc
2392 1980 2571 2021 sensu
2637 1963 2754 2023 dici

419 2047 632 2123 potuit,
681 2050 740 2105 et
783 2044 1039 2105 debebat
1081 2049 1210 2105 tum
1257 2045 1420 2104 aliud
1463 2047 1603 2105 addi
1650 2046 1982 2122 epitheton,
2032 2065 2208 2122 quam
2254 2039 2527 2107 ὀλοοῖσιν.
2618 2048 2753 2124 Sed,

419 2152 494 2191 ne
540 2132 722 2191 verba
765 2132 1026 2208 perdam,
1075 2129 1383 2207 Oppianus
1428 2132 1701 2190 dederat:
1748 2124 1902 2206 ἀμφὶ
1945 2127 2251 2206 πόθοις,
2299 2131 2459 2206 quod
2507 2133 2756 2191 verbum

420 2217 639 2292 plurali
683 2236 931 2276 numero
976 2216 1246 2275 absolute
1277 2216 1348 2274 de
1378 2217 1685 2275 amatoriis
1716 2212 2024 2275 desideriis
2055 2215 2212 2291 apud
2255 2216 2505 2274 seriores
2536 2217 2756 2292 Epicos

422 2306 543 2361 tam
587 2321 764 2377 saepe
808 2302 1047 2377 legitur,
1097 2305 1162 2359 ut
1205 2320 1709 2376 supervacaneum
1754 2301 1834 2359 sit
1877 2301 2002 2360 eius
2048 2319 2189 2360 usus
2234 2301 2327 2360 vel
2359 2320 2542 2359 unum
2573 2322 2756 2379 appo-

422 2407 561 2446 nere
616 2387 1044 2446 testimonium.
1129 2379 1319 2443 Ὀλοοί
1377 2388 1577 2445 autem
1631 2382 1818 2443 πόθοι
1862 2386 2144 2444 dicuntur
2186 2388 2537 2463 propterea,
2598 2388 2759 2462 quod

418 2472 597 2530 multi
661 2471 929 2530 homines
993 2488 1196 2530 amore
1262 2472 1325 2529 in
1388 2471 1713 2545 perniciem
1777 2471 1895 2529 aeti
1952 2474 2112 2529 sunt.
2201 2470 2510 2534 Eiusmodi
2570 2472 2757 2549 igitur

421 2558 619 2617 tristia
664 2556 953 2631 carmina,
1013 2556 1074 2615 in
1118 2554 1332 2653 quibus
1375 2557 1705 2615 amantium
1763 2555 2068 2616 calamitas
2127 2556 2575 2633 depingeretur,
2637 2557 2758 2617 vati

423 2660 531 2700 suo
577 2641 886 2700 interdicit
931 2602 1056 2700 bea
1102 2642 1293 2717 virgo.

593 2726 711 2784 Sed
769 2743 888 2783 non
944 2744 1213 2801 possum,
1272 2726 1418 2800 quin
1477 2726 1652 2782 simul
1711 2724 1859 2784 duos
1918 2726 2068 2785 alios
2112 2726 2189 2783 N.
2237 2726 2399 2787 locos
2444 2729 2756 2821 corrigam,

422 2830 674 2884 quorum
721 2829 950 2869 memor
993 2811 1185 2870 factus
1230 2829 1360 2869 sum
1406 2810 1566 2868 illius
1599 2829 1805 2869 versus
1835 2810 2037 2868 exitui
2076 2807 2533 2887 κορυσσομένων
2573 2802 2759 2889 μόρον

413 2885 643 2954 Ἰνδῶν.
733 2894 828 2953 Ad
883 2895 1008 2954 eius
1065 2897 1221 2954 enim
1278 2913 1543 2954 normam
1602 2894 1948 2971 refingenda
2003 2901 2179 2955 erunt
2236 2896 2506 2973 Typhoei
2555 2897 2752 2974 verba,

423 2997 575 3054 quae
619 2979 697 3054 H,
746 2980 872 3040 350
902 2999 1035 3055 sqq.
1079 2981 1390 3056 leguntur.

677 3095 776 3156 καὶ
819 3094 962 3172 μετὰ
1009 3093 1199 3174 θήλεα
1244 3095 1420 3155 τεκνὰ
1467 3095 1566 3157 και
1610 3092 2009 3194 ἆρσενόπαιδα
2053 3094 2349 3177 γενέθλην

675 3181 1046 3241 πουλυτόκου
1092 3181 1408 3258 Κρονίδαο,
1453 3202 1499 3240 π
1511 3201 1542 3238 ο
1554 3184 1584 3238 λ
1601 3204 1639 3241 υ
1653 3197 1688 3239 σ
1699 3202 1744 3241 π
1758 3204 1783 3242 ε
1797 3179 1868 3260 ρὲ
1883 3206 1912 3254 ς
1956 3206 1993 3241 α
1959 3171 2040 3240 ”a
2053 3186 2085 3241 λ
2097 3203 2129 3241 ο
2172 3180 2455 3258 φυτεύσω

675 3259 856 3344 αἷμα
902 3264 1070 3326 νέον
1111 3265 1398 3346 μακάρων
1434 3265 1973 3344 πολυαύχενον.

423 3386 909 3447 Emendandum:
941 3378 1087 3462 αἷμα
1124 3383 1304 3446 νέων
1331 3384 1639 3464 μακάρων.
1689 3387 1913 3447 Eodem
1943 3388 2155 3448 mendo
2185 3389 2399 3449 liberes
2423 3390 2615 3468 XXII,
2645 3394 2758 3450 109

676 3499 999 3583 (ἐπροϊδῆ
1043 3503 1317 3577 σκοπίαζε
1361 3502 1938 3582 καλυπτόμενον
1978 3503 2200 3584 λόχον
2240 3500 2557 3585 ἀνδρῶν.

423 3624 580 3682 Nam
624 3623 720 3682 hic
764 3642 997 3699 quoque
1041 3626 1244 3700 reponi
1288 3624 1573 3683 debebat:
1621 3621 2067 3701 καλυπτομένω
2084 3647 2149 3703 ν,
2194 3628 2355 3703 quod
2387 3646 2544 3688 nunc
2589 3630 2760 3689 video

425 3710 541 3767 iam
585 3730 621 3767 a
665 3709 1109 3786 Falkenburgio
1154 3729 1280 3770 esse
1325 3711 1660 3769 inventum.

294 3800 392 3855 655
595 3792 813 3865 XLIII,
869 3795 985 3853 196
1017 3813 1147 3870 sqq.
1234 3795 1569 3855 Melicertes
1624 3813 1755 3854 cum
1815 3798 2026 3856 ceteris
2082 3798 2213 3857 Diis
2266 3799 2511 3857 marinis
2556 3801 2763 3858 contra

425 3878 722 3936 Bacchum
779 3883 1149 3954 pugnaturus
1205 3899 1442 3939 currum
1499 3881 1765 3939 instruit.
1855 3881 2008 3939 Tum
2068 3903 2125 3941 v.
2168 3883 2285 3942 201
2327 3902 2416 3958 sq.
2460 3883 2603 3942 haec
2657 3883 2759 3942 ad-

425 3963 683 4022 duntur:

1234 4082 1314 4090 —
1361 4044 1462 4106 καὶ
1507 4048 1721 4132 ἱππείῳ
1765 4058 2127 4132 χρεμετισμῷ

823 4125 875 4190 Ι
884 4127 1024 4190 νδ
979 4154 1133 4192 ωων
1177 4127 1480 4210 κελάδημα
1526 4135 2002 4213 συνεπλατάγησε
2045 4133 2318 4195 λεόντων.

426 4249 692 4310 Graefius
748 4253 892 4313 haec
943 4254 1283 4313 adnotavit.
1341 4254 1632 4330 „,Vereor
1687 4260 1755 4313 ut
1809 4256 1903 4315 hic
1961 4260 2023 4313 et
2078 4275 2330 4331 sequens
2386 4275 2587 4315 versus
2646 4257 2760 4315 huc

424 4337 786 4410 pertineant.
877 4337 1140 4398 Leonum
1185 4300 1409 4400 menti’o
1453 4339 1528 4396 ad
1573 4340 1791 4398 Bacchi
1836 4359 2076 4400 currum
2120 4343 2383 4416 spectat,
2427 4341 2503 4400 cf.
2551 4361 2606 4400 v.
2656 4343 2756 4398 2⁶2.

427 4420 527 4478 sed
588 4421 731 4496 quid
791 4427 912 4498 est,
970 4424 1127 4499 quod
1186 4423 1401 4483 Bacchi
1460 4442 1669 4483 currus
1728 4427 1788 4483 et
1844 4426 2027 4484 fortia
2091 4425 2253 4486 facta
2315 4443 2436 4485 non
2504 4427 2761 4502 amplius
