3132 5129
406 1488 467 1536 18

1444 393 1894 458 —418-

500 552 693 625 aliud,
753 551 855 626 qui
913 569 1022 624 pro
1069 550 1271 625 Satyri
1316 550 1503 609 cauda
1558 550 1738 624 piscis
1795 550 2039 608 caudam
2099 550 2373 626 stringit,
2432 551 2596 609 aliud
2654 551 2842 625 ipsius

502 635 805 710 Deriadis,
862 637 964 710 qui
1008 635 1180 693 hasta
1222 636 1285 692 in
1329 634 1628 693 Bacchum
1675 635 1910 694 vibrata
1955 634 2223 709 delphini
2270 636 2501 710 spinam
2547 636 2840 695 dorsalem

505 721 762 795 percutit
811 721 894 796 (v.
931 714 1314 797 324-339).

670 805 796 863 Iam
844 823 981 864 vero
1027 805 1138 864 hoc
1184 805 1357 863 modo
1403 824 1537 863 cum
1583 804 1681 863 vix
1726 823 1792 863 ac
1835 823 1910 863 ne
1953 805 2051 864 vix
2099 805 2339 880 quidem
2402 824 2496 864 res
2539 805 2845 865 videretur

501 890 575 948 ad
632 894 856 948 certum
914 889 1156 964 perduci
1213 908 1388 965 posse
1447 891 1754 964 eventum,
1815 908 2049 949 necesse
2105 894 2235 948 erat
2288 891 2582 966 singulari
2637 889 2842 965 aliquo

502 974 765 1033 facinore
810 974 984 1032 etiam
1032 975 1442 1033 comminus
1487 974 1796 1051 pugnandi
1842 974 2078 1032 initium
2121 974 2268 1033 fieri.
2343 974 2413 1034 Id
2446 994 2583 1035 vero
2615 975 2841 1033 facinus

503 1060 595 1117 cui
654 1062 886 1117 tantum
946 1059 1265 1118 Bacchicae
1323 1060 1527 1118 classis
1592 1060 1748 1134 parti
1814 1059 2318 1118 accommodatius
2381 1060 2837 1133 adscriberetur,

502 1164 679 1218 quam
713 1143 1119 1219 Aeginetis
1162 1147 1338 1219 atque
1369 1144 1995 1218 Atheniensibus²
2041 1163 2295 1219 quorum
2340 1145 2566 1219 posteri
2595 1143 2840 1203 nobilis-

503 1229 713 1287 simam
757 1247 991 1303 pugnae
1037 1227 1395 1287 Salaminiae
1439 1229 1700 1307 palmam
1745 1230 2109 1303 reportaturi
2152 1237 2355 1288 essent
2379 1226 2477 1306 ¹)‘?
2544 1229 2624 1286 Hi
2655 1229 2845 1305 igitur

501 1332 621 1372 non
667 1314 860 1372 solum
907 1313 1043 1372 telis
1089 1315 1317 1372 eminus
1369 1317 1668 1390 pugnant,
1703 1314 1888 1389 ,quod
1951 1317 2014 1372 et
2070 1314 2263 1389 ipsum
2308 1333 2408 1373 eos
2452 1313 2664 1373 fecisse
2708 1332 2843 1372 cum

503 1417 571 1456 ex
619 1418 674 1457 v.
703 1399 821 1456 217
867 1390 1402 1473 ἅκοντοφόρων
1446 1396 1736 1473 πείσματα
1780 1404 1948 1471 νηῶν
1992 1402 2240 1473 apparet
2284 1401 2410 1457 tum
2457 1418 2527 1456 ex
2572 1398 2838 1456 hostium

502 1487 699 1559 strage
730 1503 789 1541 v.
824 1484 1157 1542 301—305
1190 1483 1486 1557 descripta
1500 1477 1571 1561 ²),
1620 1483 1723 1541 sed
1769 1484 1950 1542 etiam
1996 1484 2171 1542 solita
2212 1486 2340 1542 arte
2371 1484 2462 1542 usi
2492 1483 2641 1558 ipsis
2672 1483 2844 1541 navi-

503 1568 613 1626 bus
645 1568 707 1625 in
735 1567 996 1626 hostium
1041 1568 1291 1627 classem
1333 1567 1594 1642 undique
1639 1568 1892 1627 cinctam
1936 1573 1999 1627 et
2043 1586 2438 1642 compressam
2453 1563 2507 1647 ³)
2553 1568 2839 1644 impetum
2879 1595 2891 1606 ·

503 1652 730 1729 faciunt
778 1651 860 1728 (v.
899 1649 1277 1731 131—135),
1325 1654 1411 1711 ita
1451 1655 1521 1709 ut
1552 1653 1648 1713 vel
1691 1653 2025 1729 remigandi
2056 1653 2226 1711 labor
2253 1653 2616 1728 naviumque
2646 1652 2844 1710 incur-

505 1756 606 1794 sus
649 1735 917 1796 hostibus
964 1738 1285 1811 perniciem
1327 1739 1539 1796 afferat
1585 1733 1734 1815 (vid.
1781 1758 1838 1799 v.
1875 1738 2207 1795 212—217
2253 1742 2317 1797 et
2360 1737 2655 1813 imprimis
2701 1737 2846 1795 haec

504 1817 931 1899 φιληρέτμῳ
960 1816 1027 1879 δὲ
1056 1819 1318 1902 κυδοιμῷ
1357 1819 1366 1901 Ι
1404 1810 1484 1899 ἦν
1527 1815 1758 1897 κλόνος,
1802 1812 1911 1898 ἦεν
1941 1819 2126 1898 ’Ἄρης
2172 1815 2296 1885 τότε
2327 1820 2628 1892 ναυτίλοςς
2675 1825 2737 1880 et
2765 1821 2843 1879 cf.

504 1926 558 1966 v.
596 1907 713 1963 149
762 1900 901 1982 ῥύεο
947 1900 1006 1962 δ’
1053 1901 1336 1983 ἡμετέρης
1379 1898 1609 1965 πλόον
1664 1900 1915 1976 ὁλκάδος
1969 1910 2150 1984 atque
2195 1927 2251 1966 v.
2286 1909 2404 1966 361
2433 1926 2565 1982 sqq.
2620 1910 2681 1965 et
2735 1906 2844 1963 im·

503 1991 712 2065 primis
743 1991 848 2049 illa
876 1992 1023 2047 τοῖσι
1066 1987 1175 2066 μὲν
1220 1982 1637 2068 ἐγρεκύδοιμος
1683 1988 1788 2066 ἔην
1829 1987 2110 2073 πλόος).
2188 1991 2357 2052 Hanc
2386 1997 2510 2051 tam
2542 1986 2842 2067 insignem

504 2077 949 2150 impressionem
993 2077 1175 2136 etiam
1220 2078 1589 2137 orationibus
1634 2078 1905 2136 exornari
1949 2078 2038 2136 fas
2095 2081 2249 2136 erat:
2307 2078 2444 2136 hinc
2508 2080 2570 2135 et
2611 2076 2844 2135 Aeacus

502 2159 706 2219 Iovem
753 2165 983 2234 patrem
1028 2163 1310 2237 implorat
1366 2163 1641 2222 beneficii
1697 2162 1887 2221 divini
1947 2165 2159 2239 argute
2217 2180 2466 2237 memor,
2531 2178 2649 2236 quo
2694 2159 2841 2219 olim

503 2246 795 2321 Aeginam
827 2246 1082 2305 insulam
1121 2248 1387 2307 siccitate
1429 2247 1804 2306 laborantem
1849 2266 2002 2322 aqua
2044 2246 2486 2321 sublevaverat,
2534 2250 2596 2304 et
2624 2244 2845 2303 Erech-

504 2330 675 2388 theus
706 2330 954 2388 Boream
983 2351 1266 2407 generum
1311 2333 1383 2390 de
1430 2333 1641 2391 ceteris
1672 2332 1867 2391 ventis
1914 2350 2185 2407 securus,
2235 2332 2336 2407 qui
2381 2332 2563 2390 etiam
2596 2330 2644 2387 si
2673 2328 2844 2387 Indis

504 2433 677 2489 opem
710 2416 832 2473 sint
868 2416 1075 2490 laturi,
1109 2417 1551 2477 vehementiore
1583 2417 1746 2475 illius
1775 2416 1921 2476 flatu
1954 2419 2312 2493 superentur
2340 2411 2426 2495 (v.
2463 2415 2848 2491 135—211).

641 2599 690 2662 1)
730 2596 854 2649 Vid.
884 2596 1088 2653 Herod.
1114 2597 1265 2663 VIII,
1289 2603 1354 2651 93
1391 2594 1491 2663 „lv
1531 2596 1597 2652 δὲ
1633 2597 1700 2666 τῇ
1727 2599 2025 2667 ναυμαχία
2051 2593 2233 2668 ταύτῃ
2269 2593 2526 2667 ἥκουσαν
2556 2591 2683 2650 ‘Eu
2709 2588 2844 2648 ’νων

505 2658 711 2730 ἄριστα
748 2663 1086 2734 Αἰγινῆται,
1125 2659 1221 2718 ἐπὶ
1259 2665 1322 2719 δὲ
1354 2660 1716 2733 Ἀθηναῖοιῷ
1753 2681 1924 2733 quam
1948 2652 2191 2734 gloriam
2217 2667 2412 2734 aperte
2437 2663 2670 2731 respicit
2745 2677 2844 2715 on·

504 2748 608 2819 nus
646 2749 693 2788 v,
718 2738 813 2810 1ξὸ
832 2749 912 2814 sq.
954 2763 1017 2770 ·-
1054 2731 1361 2816 Αἰακίᾷαις
1400 2730 1462 2787 δὲ
1495 2736 1505 2798 Ι
1535 2727 1749 2816 Αἰακὸς
1777 2728 1964 2814 ,ὑγρὸν
2010 2727 2165 2815 donft
2209 2736 2615 2800 προθεσπίζων
2655 2733 2846 2784 Σαλα-

504 2801 710 2930 μινοὲ)1
730 2804 1382 2921 Χξέἔὲἰέΐεὶεπέιέῗιμέἔέ
1411 2797 2189 2945 ἔεξὲἔίῗξοέτέἶίξέἲὲτέἵέἷιοξ
2218 2884 2286 2921 ex
2329 2867 2588 2920 omnibus
2614 2865 2850 2920 Graecis

504 2935 1001 3013 praeter-gravem
1037 2938 1379 2989 armaturam
1416 2936 1587 2988 etiam
1625 2935 1938 3013 sagittandi
1974 2938 2084 3014 arti
2121 2935 2621 3014 operam-dedisse
2668 2935 2843 3000 atque

503 3003 841 3122 fflilaffls
871 3019 1108 3123 ‘1⁴:323
1117 3019 1192 3122 ἓξ
1220 3018 1403 3138 ἒᾛῗ
1408 3002 2272 3125 Ἔοῗῧῗῗιζῐέἳῗέῧέὧῑὲῗα
2289 3002 2847 3149 ἱῖξῃῖᾜὲἑὲξένῗὲ

505 3135 703 3189 Aesch.
731 3135 881 3189 Pers.
907 3144 1007 3190 460
1028 3153 1127 3204 sq.‚
1164 3137 1218 3190 in
1244 3137 1562 3191 Plataeensi
1587 3137 1792 3194 Herod.
1821 3137 1913 3203 IX,
1933 3143 2015 3202 60,
2054 3138 2206 3204 quod
2232 3143 2402 3191 etiam
2429 3137 2662 3190 innuere
2689 3134 2843 3188 vide·

506 3206 599 3255 tur
634 3201 842 3256 Simon.
882 3204 1058 3273 epigr.
1096 3212 1197 3258 200
1232 3205 1316 3259 ed.
1357 3204 1766 3260 Schneidewin.
1807 3206 1891 3274 [==
1919 3212 2015 3259 143
2050 3205 2239 3273 Bergk
2267 3205 2470 3271 (Poett.
2509 3205 2644 3282 lyrr.
2669 3209 2843 3271 p.915

503 3271 794 3339 <1172>›];
835 3273 902 3324 cf.
931 3287 1031 3324 nos
1055 3272 1091 3326 l.
1121 3289 1166 3326 c.
1191 3290 1245 3340 p.
1271 3277 1351 3328 68.
1391 3273 1549 3326 Bello
1578 3272 2050 3342 Peloponnesiaco
2089 3274 2284 3327 exorto
2321 3288 2430 3325 non
2468 3289 2652 3325 minus
2690 3269 2843 3323 mille

505 3344 787 3392 sescentos
822 3339 990 3392 fuisse
1028 3355 1097 3392 ex
1133 3339 1459 3408 Thucydide
1496 3341 1701 3395 scimus
1737 3340 1809 3407 ΙΙ,
1840 3348 1918 3405 13,
1945 3348 1993 3406 8,
2032 3341 2130 3408 qui
2167 3341 2338 3394 etiam
2377 3340 2470 3403 IV,
2498 3347 2582 3406 33,
2609 3345 2656 3392 2.
2696 3344 2781 3403 34,
2809 3345 2840 3390 3

507 3407 782 3473 quantum
819 3410 1197 3461 sescentorum
1233 3408 1657 3477 sagittariorum
1691 3410 2040 3461 momentum
2076 3409 2134 3461 in
2169 3408 2538 3462 celeberrima
2573 3406 2841 3474 Sphacte·

507 3473 678 3526 riensi
716 3474 1076 3542 expeditione
1114 3475 1285 3528 fuerit
1318 3476 1613 3544 perspicue
1650 3477 1870 3540 narrat,
1907 3491 2254 3544 quamquam
2280 3475 2474 3529 Cleoni
2509 3475 2640 3542 plus
2676 3473 2843 3534 iusto,

506 3544 572 3594 ut
606 3542 835 3609 opinor,
872 3543 1127 3595 infestus.
1180 3543 1321 3595 Hinc
1361 3543 1473 3595 iam
1511 3543 1712 3596 melius
1748 3543 1944 3597 intelle
2051 3584 2064 3609 ,
2101 3542 2237 3612 quid
2261 3543 2335 3597 sit
2358 3542 2510 3610 quod
2535 3540 2844 3611 Sophocles

507 3610 593 3662 Ai.
636 3615 969 3663 1120—1123
1008 3613 1066 3664 et
1112 3609 1397 3663 disertius.
1422 3610 1591 3664 etiam
1632 3610 1926 3679 Euripides
1947 3560 2127 3665 ffirc.
2167 3615 2271 3664 fur.
2312 3616 2577 3664 188--203
2613 3624 2842 3663 arcuum

508 3693 666 3729 usum
704 3679 997 3743 tamquam
1033 3693 1144 3731 non
1181 3678 1364 3731 minus
1400 3678 1648 3732 nobilem
1686 3681 1857 3746 atque
1894 3680 2082 3747 gravis
2128 3681 2446 3732 armaturae
2493 3677 2628 3731 data
2671 3691 2846 3744 opera

506 3744 833 3802 defendunt.
907 3745 1027 3798 Hoc
1063 3747 1259 3798 notare
1297 3746 1749 3813 supersedissem,
1789 3745 1893 3799 nisi
1919 3746 2172 3800 viderem
2207 3747 2545 3816 interpretes
2580 3744 2697 3797 fere
2723 3758 2840 3820 om:

505 3828 603 3865 nes
639 3814 843 3866 abusos
878 3811 1159 3865 Pausania
1194 3814 1233 3877 I,
1257 3819 1340 3878 23,
1367 3820 1400 3866 4
1436 3830 1556 3866 rem
1592 3830 1703 3867 non
1740 3813 1875 3867 satis
1910 3815 2193 3868 assecutos
2228 3830 2362 3880 esse,
2400 3831 2468 3868 ex
2506 3812 2710 3880 quibus
2745 3827 2843 3878 qui

505 3878 693 3931 Aiacis
738 3878 862 3957 loco
911 3879 1208 3957 adscripsit
1251 3880 1486 3934 Athenis
1538 3882 1652 3935 iam
1707 3883 1943 4001 propter
1989 3881 2224 3949 Scythas
2276 3880 2514 3948 τοξότας
2566 3877 2845 3957 sagittarii

504 3962 709 4000 nomen
744 3948 954 4000 infame
991 3948 1188 4013 fuisse,
1226 3963 1337 4001 non
1375 3948 1654 4017 cogitavit
1686 3948 1811 4002 ilos
1847 3948 2174 4017 disciplinae
2199 3949 2458 4019 publicae
2485 3949 2844 4002 administros

504 4015 745 4067 arcubus
782 4015 894 4068 suis
930 4044 994 4054 -
1029 4016 1076 4068 si
1112 4015 1279 4069 modo
1315 4029 1447 4070 vere
1484 4018 1813 4086 gestabant!
1859 4046 1924 4055 ·—-
1971 4019 2123 4070 certe
2168 4032 2279 4070 non
2327 4017 2507 4071 minus
2552 4032 2678 4069 raro
2716 4028 2844 4066 usos

505 4098 622 4134 csse
659 4099 828 4149 quam
866 4081 1117 4136 eiusdem
1154 4085 1378 4152 generis
1414 4100 1447 4136 a
1491 4084 1566 4137 ud
1602 4084 1888 4138 Helvetios
1935 4084 2286 4154 apparitores
2330 4084 2482 4137 tubis
2524 4080 2844 4151 ignivomis,

506 4150 710 4269 {uibus
753 4150 956 4203 armati
1001 4168 1225 4218 semper
1270 4153 1438 4205 ambu
1465 4154 1564 4206 ant
1601 4152 1686 4206 vel
1732 4168 1935 4206 nomen
1981 4155 2352 4218 „venatorum
2387 4151 2738 4222 publicorum
2776 4178 2842 4188 -

602 4217 739 4283 ndjc‘i
778 4235 836 4271 er
871 4222 973 4257 —“
1011 4219 1142 4274 inde
1177 4219 1354 4274 nacti!

639 4288 699 4349 3)
781 4288 994 4340 ortasse
1030 4289 1161 4341 ante
1198 4288 1386 4342 oculos
1423 4288 1626 4342 habuit
1657 4287 1842 4358 ipsum
1879 4287 2216 4356 Aeschylum
2253 4288 2403 4342 Pers.
2438 4293 2538 4342 417
2559 4306 2635 4356 sq.

1068 4386 1407 4458 Ἑλληνικαί
1439 4409 1497 4444 τε
1535 4388 1673 4461 νῆἓς
1709 4384 1816 4443 οὐκ
1852 4383 2244 4459 ἄφραδμόνως

1079 4453 1272 4524 κύκλῳ
1310 4455 1474 4525 πέριξ
1516 4455 1770 4512 ἔθεινον.
