3132 5129
1406 316 1860 379 —574-

470 492 648 532 manu
691 474 754 531 in
797 469 1054 532 λείπεται
1097 473 1261 532 abiit.
1336 471 1410 531 In
1441 471 1730 531 eiusmodi
1760 470 2162 531 locutionibus
2195 470 2552 531 adiectivum
2585 471 2804 531 omisso

466 558 649 618 verbo
707 553 834 615 ἐστί
882 577 1006 618 ιιοιι
1060 559 1257 617 minus
1300 557 1592 617 usitatum
1638 576 1764 617 esse
1810 576 1986 633 quam
2031 556 2359 633 perfectum
2404 556 2654 617 verbum
2699 555 2803 615 alii

469 643 585 701 loci
617 642 1045 739 demonstrant,
1092 645 1162 701 ut
1191 641 1347 701 Med.
1382 644 1501 702 381
1549 635 1682 699 ἀλλ’
1732 636 1796 698 ἕν
1841 639 1901 700 τί
1937 661 2038 719 μοι
2079 638 2430 719 πρόσαντες,
2477 641 2655 701 Here.
2687 641 2804 701 sur.

478 730 591 787 196
628 728 701 785 ‘ev
744 722 855 805 μὲν
897 718 963 787 τὸ
1006 726 1245 809 λῷστον.

636 812 712 871 V.
749 815 867 872 731
894 833 1026 889 sqq.
1094 810 1407 889 Iphigenia
1465 810 1537 871 de
1600 812 1798 871 nuntii
1865 810 1981 871 fide
2039 831 2102 872 se
2158 812 2432 871 dubitare
2487 812 2803 888 profitetur

466 898 559 957 his
604 898 833 958 verbis.

958 970 1073 1060 ἐγώ
1117 977 1184 1040 δὲ
1226 979 1445 1083 ταρβῶ,
1487 976 1570 1058 μὴ
1613 973 2026 1059 ἀπονοστήσας
2067 976 2294 1077 χθονὸς

956 1065 1141 1144 θῆται
1182 1060 1327 1145 παρ’
1375 1058 1555 1124 οὐδὲν
1597 1060 1703 1135 τὰς
1748 1062 1891 1142 ἐμὰς
1935 1054 2239 1137 ἐπιστολὰς

955 1145 987 1210 ὁ
1035 1149 1214 1227 τήνδε
1256 1146 1489 1227 μέλλων
1531 1145 1738 1209 δέλτον
1779 1148 1864 1221 εἰς
1895 1146 2108 1230 ’Ἄργος
2151 1146 2375 1229 φέρειν.

470 1270 691 1341 Mirum
734 1271 999 1346 profecto
1042 1274 1151 1346 est,
1198 1270 1357 1346 quod
1402 1288 1473 1329 ex
1516 1272 1610 1329 tot
1638 1270 1968 1331 editoribus
1999 1274 2138 1330 ante
2166 1268 2600 1337 Kircbhoffium
2629 1288 2803 1331 nemo

468 1357 532 1414 in
586 1356 865 1431 genetivo
921 1352 1203 1432 χθονός
1258 1354 1535 1429 offendit,
1592 1355 1696 1431 qui
1752 1355 1833 1431 si,
1897 1354 2396 1431 quemadmodum
2451 1356 2633 1431 vulgo
2675 1354 2805 1414 fieri

470 1441 648 1516 solet,
709 1441 781 1499 de
838 1440 1089 1501 Taurica
1132 1444 1293 1499 terra
1353 1440 1758 1517 intellegitur,
1817 1443 1987 1515 patet
2037 1444 2145 1500 aut
2195 1438 2377 1517 τῆσδε
2431 1442 2540 1499 aut
2609 1439 2805 1515 ipsum

475 1527 779 1603 Ταυρικῆς
823 1544 1041 1585 nomen
1082 1524 1459 1584 adiciendum
1502 1523 1704 1600 fuisse,
1750 1526 1841 1584 uti
1871 1525 2007 1584 Hel.
2038 1526 2164 1583 474
2194 1521 2647 1601 Λακεδαίμονος
2689 1529 2803 1603 γῆς

471 1608 652 1688 δεῦρο
693 1604 1011 1687 νοστήσασ’
1060 1606 1179 1667 ἄπο
1223 1609 1446 1669 dictum
1490 1612 1602 1669 est.
1690 1609 2243 1671 Demonstrativum
2290 1629 2432 1670 vero
2476 1627 2808 1685 pronomen

470 1696 671 1769 etiam,
718 1696 767 1754 si
813 1714 946 1754 cum
976 1694 1339 1755 Kirchhoffio
1384 1686 1624 1769 χθόνα
1670 1694 1982 1770 scribatur,
2026 1696 2356 1755 necessario
2404 1693 2805 1753 desideratur.

469 1799 661 1876 neque
705 1779 863 1838 enim
906 1775 1083 1855 χθών
1126 1779 1479 1854 simpliciter
1522 1779 1596 1837 de
1623 1784 1764 1879 pat
1779 1799 1887 1841 ria
1932 1740 2046 1839 diei
2090 1782 2309 1855 potuit.
2393 1780 2532 1838 Non
2575 1778 2806 1853 dubito,

470 1866 616 1939 quin
646 1861 873 1940 χθονός
904 1864 1236 1940 explicandi
1266 1882 1442 1923 causa
1482 1863 1558 1921 ad
1603 1853 2052 1965 ἀπονοστήσας
2080 1865 2448 1940 adscriptum
2478 1863 2802 1941 genuinam

471 1949 795 2009 clausulam
825 1948 1135 2025 expulerit,
1184 1968 1302 2024 qua
1332 1948 1475 2007 olim
1518 1951 1700 2023 poeta
1741 1941 2148 2025 ἀπονοστήσας
2191 1946 2270 2006 δ
2238 1968 2422 2025 ομον
2465 1949 2808 2023 scripserat,

472 2034 561 2093 uti
608 2053 785 2110 supra
827 2054 888 2095 v.
922 2034 1045 2093 534
1088 2029 1260 2092 οὔπω
1303 2024 1618 2109 νενόστηκ’
1663 2024 1893 2095 οἶκον.

640 2119 715 2178 V.
740 2120 861 2179 755
864 2138 1007 2215 sqq.
1052 2117 1309 2196 Pylades
1348 2119 1499 2179 hanc
1528 2117 1645 2179 sibi
1675 2120 2032 2179 sacramenti
2061 2118 2476 2179 liberationem
2507 2117 2808 2195 postulat.

876 2232 1175 2340 ἐξαίρετόν
1214 2256 1313 2315 μοι
1356 2232 1467 2308 δὸς
1504 2230 1656 2311 τόδ’,
1699 2233 1783 2314 ἤν
1823 2258 1879 2296 τι
1922 2244 2077 2309 ναῦς
2119 2235 2315 2321 πάθῃ,

874 2316 949 2400 χὴ
995 2318 1200 2394 δέλτος
1240 2318 1307 2381 ἐν
1347 2315 1611 2381 κλύδωνι
1652 2320 2046 2400 χρημάτων
2087 2318 2231 2424 μέτα

875 2402 1117 2485 ἀφανὴς
1160 2403 1421 2549 γὲνήται,
1467 2414 1636 2484 σῶμα
1679 2401 1742 2464 δ’
1791 2402 2030 2467 ἕκσιόσω
2069 2400 2276 2485 μόνον,

877 2488 985 2551 τὸν
1027 2488 1207 2573 ὅρκον
1251 2513 1278 2551 ε
1304 2513 1405 2551 ναι
1448 2489 1620 2552 τόνδε
1661 2486 1868 2570 μηκέτ’
1915 2489 2188 2570 ἔμπεδον.

472 2607 849 2687 Quamquam
890 2632 1012 2673 non
1054 2613 1401 2690 negaverim
1445 2632 1551 2688 per
1595 2631 1659 2673 se
1702 2613 1944 2689 quidem
1988 2615 2105 2673 dici
2145 2632 2316 2689 posse
2347 2615 2540 2690 perire
2571 2613 2808 2674 litteras

471 2691 857 2774 χρημάτων
883 2692 1047 2774 μέτα,
1091 2699 1150 2758 h.
1180 2718 1232 2757 e.
1265 2716 1397 2758 cum
1429 2699 1660 2774 ceteris,
1706 2717 1858 2774 quae
1888 2699 2026 2758 navi
2055 2698 2369 2774 impositae
2397 2700 2540 2774 sint,
2573 2698 2804 2775 opibus,

472 2782 616 2841 haec
660 2782 790 2857 ipsa
833 2783 1035 2842 tamen
1080 2801 1295 2858 opum
1339 2783 1568 2844 mentio
1613 2784 1818 2858 potius
1847 2785 2163 2843 mercatori
2193 2787 2298 2843 aut
2327 2784 2612 2860 opulento
2642 2803 2809 2860 pere-

477 2866 771 2943 grinatori
824 2867 1139 2927 convenire
1196 2867 1435 2928 videtur
1486 2886 1667 2964 quam
1711 2867 1956 2944 Pyladi,
2006 2868 2110 2945 qui
2153 2869 2480 2944 naufragus
2524 2871 2586 2927 et
2628 2868 2812 2928 habe-

374 2951 437 2999 14
478 2951 657 3011 batur
700 2954 763 3010 et
804 2951 1009 3011 haberi
1064 2951 1330 3027 voluit,
1336 2953 1555 3026 ,omnia
1601 2971 1706 3011 sua
1748 2971 1945 3013 secum
1991 2953 2300 3029 portans‘fi
2391 2953 2602 3051 Itaque
2646 2953 2808 3012 baud

470 3036 591 3096 scio
636 3055 714 3095 an
758 3035 1072 3112 Euripides
1114 3037 1316 3113 potius
1360 3032 1744 3113 σελμάτων
1784 3035 1929 3114 μέτα
1973 3039 2276 3114 scripserit
2317 3039 2488 3098 navis
2532 3038 2595 3097 in
2637 3037 2810 3096 tabu—

468 3120 558 3179 las
602 3139 737 3180 suas
781 3120 1103 3181 dissolutae
1146 3122 1458 3181 interitum
1490 3126 1759 3182 accurate
1790 3123 2176 3183 indicaturus.
2250 3123 2334 3182 Et
2361 3124 2436 3183 cs.
2469 3121 2628 3198 Cycl.
2667 3123 2805 3198 144,

470 3205 572 3263 ubi
617 3205 691 3264 de
733 3206 873 3265 vino
916 3207 1254 3282 quaeritur:
1303 3201 1367 3264 ἐν
1409 3202 1692 3282 σέλμασιν
1734 3203 1885 3278 νεῶς
1931 3203 2089 3266 ἐστιν
2133 3200 2180 3281 ἢ
2223 3203 2420 3284 φέρεις
2466 3199 2545 3265 σύ
2586 3227 2709 3274 νιν;

640 3287 973 3366 Corruptus
1017 3292 1206 3352 adhuc
1250 3291 1552 3351 ferebatur
1593 3311 1650 3352 v.
1683 3294 1825 3369 912,
1870 3311 2048 3368 quem
2079 3293 2139 3350 B
2166 3293 2280 3353 hoc
2321 3292 2496 3352 modo
2539 3291 2806 3352 exhibet:

876 3403 1056 3468 οὐδέν
1096 3399 1157 3486 μ’
1208 3404 1414 3486 ἐπίσχῃ
1455 3403 1515 3488 γ’
1563 3403 1703 3468 οὐδ’
1748 3403 2075 3488 ἀποστήσει
2116 3407 2317 3489 λόγου,
2373 3417 2379 3422 ’

472 3527 573 3587 ubi
616 3527 767 3587 nihil
812 3527 981 3588 iuvat
1025 3522 1237 3609 ἐπίσχῃ
1280 3532 1343 3588 et
1381 3521 1690 3609 ἀποστήσῃ
1745 3529 1945 3590 codice
1993 3528 2044 3589 0
2082 3530 2377 3604 oblatum,
2416 3532 2498 3630 ἒ.
2545 3528 2808 3588 toleran-

470 3613 652 3672 tiores
707 3631 892 3688 aequo
950 3611 1197 3673 fuerunt
1236 3613 1605 3689 antiquiores
1647 3613 1936 3690 editoreS‚
1998 3615 2100 3690 qui
2153 3614 2428 3690 repositis
2470 3633 2544 3672 ex
2589 3613 2811 3672 Aldina

470 3697 809 3758 indicativis
853 3697 1123 3757 contenti
1166 3697 1427 3757 fuerunt.
1516 3698 1754 3758 Vitium
1797 3701 2036 3759 subesse
2079 3699 2399 3759 Elmsleius
2443 3698 2659 3773 sensit,
2706 3698 2810 3756 sed

471 3782 534 3840 in
578 3801 648 3846 eo
677 3782 944 3842 tollendo
974 3781 1251 3842 subtilior
1279 3802 1459 3858 quam
1489 3781 1722 3844 felicior
1750 3785 1997 3859 exstitit,
2043 3803 2178 3842 cum
2222 3777 2307 3842 οὐ
2350 3777 2444 3860 μή
2487 3775 2550 3860 μ’
2601 3778 2810 3862 ἐπίσχῃ

470 3860 533 3942 γ’
590 3859 725 3926 οὐδ’
784 3860 1105 3943 ἀποστήσει
1160 3863 1339 3946 λόγον
1382 3868 1654 3930 coniecit.
1747 3869 1933 3940 Quem
1977 3869 2081 3944 qui
2123 3871 2284 3928 recte
2327 3868 2617 3928 refutavit
2659 3867 2811 3926 Her-

472 3970 724 4011 mannus
768 3969 1130 4028 magnopere
1170 3971 1377 4012 vereor
1405 3972 1482 4012 ne
1512 3953 1826 4013 scribendo
1870 3947 2049 4012 οὐδέν
2089 3973 2172 4030 με
2215 3948 2306 4030 μὴ
2355 3959 2492 4033 σχῇ
2533 3947 2594 4031 γ’
2600 3993 2619 4027 ,
2665 3939 2803 4010 οὐδ’

470 4028 791 4113 ἀποστήσει
849 4033 1028 4114 λόγου
1081 4055 1204 4096 ιιοιι
1258 4041 1382 4097 tam
1428 4039 1660 4113 „rarius
1705 4039 1938 4098 dicendi
1992 4037 2242 4115 genus‘ss
2290 4039 2389 4098 sed
2434 4056 2676 4113 prorsus
2719 4055 2808 4096 so-

473 4122 705 4181 loecum
769 4121 1075 4196 intulerit,
1147 4141 1507 4199 quamquam
1564 4123 1628 4182 id
1684 4125 1866 4184 etiam
1925 4121 2250 4183 Schoenius
2303 4141 2504 4182 secure
2561 4123 2805 4198 recepit.

472 4207 675 4265 Unum
726 4209 888 4266 recte
943 4206 1097 4266 vidit
1141 4206 1491 4285 Hartungus
1547 4208 1688 4267 ferri
1743 4226 1867 4268 non
1920 4227 2091 4284 posse
2146 4207 2498 4285 particulam
2543 4201 2651 4286 γέ,
2707 4206 2812 4265 sed

474 4291 597 4364 ipse
642 4310 880 4367 quoque
925 4291 1095 4367 quasi
1140 4293 1433 4352 medicato
1478 4293 1692 4369 poculo
1739 4293 2088 4354 obcaecatus
2117 4293 2546 4353 Elmsleianum
2591 4283 2676 4350 οὗ
2685 4312 2812 4390 μη

471 4394 582 4450 pro
639 4381 803 4436 certa
857 4376 1154 4436 medicina
1209 4377 1449 4453 habuit,
1508 4379 1715 4454 itaque
1769 4371 1850 4436 οὐ
1906 4374 1998 4454 μή
2041 4369 2110 4454 μ’
2169 4374 2440 4459 ἕπίσχῃς
2487 4369 2618 4436 οὐδ’
2665 4365 2814 4434 ἀπο-
