3132 5129
314 2522 381 2569 20

1359 319 1780 382 -64-

405 484 583 555 atque
626 479 996 550 absolutum,
1053 481 1123 537 ut
1179 477 1252 534 de
1309 494 1379 534 eo
1434 494 1540 552 per
1594 495 1658 534 se
1715 477 1982 550 spectato
2026 476 2126 535 vix
2170 491 2321 548 opus
2366 474 2528 531 esset
2569 471 2738 547 quid-

407 584 584 639 quam
630 563 790 634 addi,
835 563 953 621 nisi
998 581 1068 620 ex
1113 581 1175 621 re
1205 560 1511 620 videretur
1554 559 1847 635 quaedam
1894 560 1967 617 de
2011 578 2082 618 eo
2126 554 2437 634 speciatim
2481 574 2737 626 monere,

405 668 559 724 quae
626 651 838 723 postea
894 647 1073 705 etiam
1129 646 1261 704 aliis
1317 645 1602 725 adplicari
1653 647 1953 715 poterunt.
2043 644 2132 702 Ac
2186 644 2447 719 primum
2501 640 2739 716 quidem

407 734 536 793 leve
578 736 699 805 est,
757 732 914 807 quod
973 731 1050 790 ab
1094 731 1268 789 initio
1314 750 1467 789 unus
1511 730 1739 789 alterve
1782 748 1988 788 versus
2031 730 2093 787 in
2137 727 2547 787 concinnanda
2588 744 2742 785 com·

408 837 560 895 page
602 820 867 877 resectus
912 820 1021 890 est,
1066 834 1241 891 quem
1286 816 1442 873 haud
1488 815 1610 874 scio
1654 833 1730 872 an
1775 814 2155 873 dimidiatum
2187 813 2509 872 habeamus
2554 810 2743 869 adhuc

409 903 470 961 in
516 903 640 962 489

712 975 983 1065 διογενὴς
1028 981 1262 1062 Πηλέος
1308 982 1475 1062 υἱός,
1521 981 1712 1055 πόδας
1757 977 1918 1055 ὠκὺς
1957 977 2291 1060 Ἀχιλλεύς,

408 1142 586 1200 quem
645 1123 948 1183 cumulata
991 1123 1245 1181 Achillis
1299 1122 1601 1181 mentione
1646 1125 1955 1181 oneratum
2006 1153 2079 1163 —
2126 1140 2235 1180 nec
2278 1120 2422 1179 alibi
2467 1119 2570 1179 ille
2615 1118 2738 1177 διο-

408 1206 585 1287 γενής
616 1208 800 1281 audit,
848 1208 1009 1284 quod
1039 1228 1109 1267 ex
1141 1208 1261 1266 337
1296 1207 1683 1266 concinnator
1711 1206 2036 1282 sumpsisse
2068 1207 2323 1277 videtur,
2371 1208 2435 1264 et
2464 1205 2742 1280 displicet

412 1308 644 1387 Πηλέος
688 1305 844 1383 υἱός,
887 1328 1243 1384 quamquam
1289 1309 1467 1367 etiam
1512 1307 1579 1363 11
1608 1310 1709 1366 21.
1757 1309 1788 1363 λ
1818 1308 1940 1367 478
1972 1307 2117 1366 locis
2147 1308 2252 1365 et
2238 1308 2423 1382 ipsius
2453 1307 2741 1382 suspectis

413 1409 642 1488 Πηλέος
696 1406 793 1469 υἱέ
843 1411 1067 1487 legitur
1110 1442 1192 1451 —
1238 1428 1369 1468 meo
1426 1412 1553 1468 iure
1611 1429 1791 1484 supra
1847 1410 2086 1471 sustuli.
2176 1409 2295 1467 Fac
2341 1409 2535 1479 enim,
2583 1407 2742 1483 quod

412 1498 645 1557 collatis
691 1496 814 1554 488
845 1499 906 1553 et
936 1496 1059 1554 429
1106 1495 1251 1554 satis
1296 1495 1602 1570 probabile
1646 1494 1901 1567 videtur,
1948 1497 2086 1552 ante
2117 1494 2238 1552 349
2284 1485 2593 1570 δακρύσας
2625 1497 2734 1551 etc.

411 1583 671 1658 positum
718 1580 899 1639 fuisse
942 1580 1349 1639 huiuscemodi
1392 1598 1664 1639 versum:

718 1685 967 1773 Αὐτὰρ
1006 1686 1038 1754 ὃ
1080 1694 1449 1775 χωόμενος
1494 1695 1766 1774 κούρης
1810 1694 1999 1768 πόδας
2044 1690 2204 1767 ωκύς
2244 1691 2576 1774 Ἀχιλλεύς,

412 1854 522 1895 nec
575 1835 896 1911 quidquam
954 1834 1027 1892 ad
1096 1834 1321 1893 exordii
1383 1835 1792 1910 integritatem
1847 1808 2233 1894 desiderabis.
2323 1834 2529 1909 Neque
2585 1834 2744 1893 enim

414 1920 644 1979 Naekio
689 1920 991 1979 adsentior
1031 1938 1090 1995 p.
1126 1920 1247 1978 268
1281 1938 1367 1994 sq.
1414 1920 1733 1978 conicienti
1777 1939 1848 1977 ex
1892 1917 2022 1994 ipsa
2053 1916 2340 1994 Μήνιὸος
2365 1920 2745 1978 conclusione

416 2006 692 2064 carminis
736 2004 975 2063 initium
1020 2008 1258 2078 captum
1304 2023 1429 2063 esse
1473 2004 1584 2063 hoc
1629 2004 1835 2063 modo:

720 2114 926 2199 Αὐτὰρ
970 2115 1002 2179 ὁ
1049 2120 1223 2199 μήνιε
1267 2118 1441 2199 νηυσὶ
1487 2120 1826 2199 παρήμενος
1872 2117 2268 2199 ὠκυπόροισι,

719 2203 991 2285 διογένης
1039 2204 1268 2284 Πηλέος
1313 2205 1478 2281 υἱός,
1522 2205 1717 2278 πόδας
1761 2201 1922 2277 ὠκύς
1962 2202 2274 2285 Ἀχιλλεύς.

719 2290 1022 2373 δακρύσας
1068 2287 1128 2349 δ’
1179 2286 1403 2370 ἑτάρων
1444 2289 1612 2370 ἄφαρ
1657 2288 1810 2362 ἕζετο
1854 2288 2031 2367 νόσφι
2076 2291 2367 2363 λιασθείς.

418 2430 570 2489 Nam
617 2447 724 2488 nec
768 2429 963 2504 primo
1008 2430 1223 2501 versui,
1274 2448 1391 2505 quo
1434 2429 1690 2487 navibus
1735 2428 2006 2488 adsidere
2036 2429 2260 2488 dicitur
2291 2430 2571 2503 Achilles,
2606 2430 2751 2489 satis

416 2517 699 2576 concinne
743 2515 947 2573 statim
993 2514 1331 2573 adiciuntur
1374 2514 1683 2589 sequentia
1728 2513 1798 2571 de
1842 2514 2107 2573 solitaria
2151 2515 2414 2575 sessione
2445 2515 2518 2573 ad
2566 2515 2750 2574 maris

418 2603 561 2659 litus
605 2605 803 2676 capta,
860 2604 923 2657 et
966 2600 1204 2658 videtur
1247 2598 1486 2658 secundi
1532 2599 1811 2657 carminis
1859 2603 2067 2658 auctor
2109 2602 2382 2659 consulto
2429 2620 2748 2659 memorem

416 2684 669 2743 Achillis
714 2684 897 2757 iram,
956 2685 1122 2743 cuius
1179 2684 1575 2759 descriptione
1620 2684 1765 2742 488.
1813 2686 2147 2743 490-492
2191 2685 2448 2760 primum
2511 2704 2750 2744 carmen

416 2769 819 2911 ἓοιιοίιιάἰιιὶιιέῃ1
856 2771 1156 2843 tamquam
1188 2769 1396 2826 matris
1428 2768 1666 2826 demum
1701 2769 1885 2844 ipsius
1934 2769 2179 2844 imperio
2226 2771 2515 2829 sancitam
2561 2771 2747 2829 intro-

458 2872 655 2912 uxisse
856 2872 946 2927 sq.

720 2963 865 3029 ἀλλὰ
913 2967 989 3028 σύ
1033 2965 1144 3046 μὲν
1190 2977 1305 3029 νῦν
1348 2967 1568 3047 νηυσὶ
1610 2969 2040 3049 παρήμενος
2086 2966 2548 3051 ωκνπόροισι

723 3049 923 3132 μήνι’
968 3046 1321 3132 Ἀχαιοῖσιν,
1366 3051 1622 3132 πολέμου
1668 3050 1728 3113 ‹5’
1775 3051 2083 3116 ἀποπαύεο
2125 3077 2399 3135 παμπαν.

591 3192 784 3250 Huius
841 3192 1076 3267 imperii
1134 3193 1435 3251 mentione
1481 3192 1636 3251 viam
1683 3192 1855 3252 nobis
1901 3193 2263 3254 munivimus
2307 3196 2380 3252 ad
2429 3195 2604 3252 aliam
2649 3195 2747 3254 ob-

421 3279 833 3349 servationem,
880 3295 1057 3351 quam
1087 3296 1207 3335 non
1240 3278 1365 3335 sine
1396 3277 1595 3335 fructu
1623 3278 1896 3352 persequi
1927 3278 2101 3336 nobis
2132 3280 2423 3339 videmur.
2495 3278 2752 3338 Omnino

420 3363 577 3421 enim
624 3362 893 3419 Litarum
938 3364 1116 3436 poeta
1160 3366 1353 3421 totum
1400 3381 1573 3420 suum
1621 3380 1853 3420 carmen
1899 3362 1984 3420 ita
2013 3364 2278 3423 instituit
2307 3368 2369 3423 et
2398 3365 2749 3441 composuit,

422 3450 491 3505 ut
536 3446 705 3521 quasi
763 3464 1096 3521 congruens
1142 3447 1338 3523 imago
1386 3446 1608 3504 Menidi
1652 3447 2066 3520 responderet,
2116 3450 2241 3508 sive
2288 3467 2480 3507 rerum
2527 3452 2748 3508 statum

422 3536 602 3606 atque
658 3531 915 3589 rationes
974 3531 1099 3589 sive
1143 3550 1533 3607 personarum
1579 3532 1843 3588 animum
1889 3550 2198 3607 moresque
2243 3534 2515 3609 respicis,
2577 3553 2751 3609 quem

424 3617 484 3674 in
528 3615 707 3674 finem
751 3614 921 3672 baud·
952 3633 1086 3673 raro
1149 3615 1294 3673 adeo
1342 3617 1466 3690 ipsa
1510 3615 1817 3690 archetypi
1863 3618 1953 3676 sui
1999 3618 2183 3676 verba
2226 3623 2330 3677 aut
2372 3619 2610 3694 integra
2653 3621 2754 3676 aut

425 3700 735 3775 paululum
780 3699 1007 3758 variata
1050 3699 1504 3761 retinuit.1ta
1534 3701 1741 3758 statim
1772 3700 1943 3759 initio
1975 3702 2238 3760 Achilles
2284 3704 2429 3761 mari
2478 3703 2754 3762 adsidens

426 3802 745 3859 precesque
791 3783 865 3842 ad
911 3787 1163 3842 matrem
1209 3784 1463 3843 fundens
1508 3785 1872 3843 simillimam
1916 3785 2091 3844 nobis
2136 3788 2195 3844 in
2228 3791 2487 3845 mentem
2518 3789 2756 3847 revocat

427 3866 684 3945 Chrysae
731 3867 1167 3928 condicionem:
1233 3870 1311 3927 cs.
1362 3870 1480 3927 349
1530 3863 1755 3971 ἑτάρων
1800 3902 1878 3910 —-
1926 3866 2109 3944 νόσφι
2164 3869 2434 3941 λιασθείς
2491 3892 2626 3931 cum
2674 3873 2753 3930 35

425 3946 739 4010 απανευθε
794 3972 973 4026 κιων,
1031 3954 1156 4012 350
1207 3947 1340 4011 θῖν’
1401 3944 1500 4028 ἔφ’
1558 3947 1697 4024 ἇλός
1757 3955 1968 4030 πολιῆς
2025 3973 2157 4013 cum
2224 3957 2303 4014 34
2371 3955 2530 4035 παρὰ
2604 3958 2755 4013 θῖνα

427 4034 886 4113 πολυφλοίσβοιο
915 4036 1249 4112 θαλάσσης,
1282 4039 1401 4096 351
1434 4037 1618 4096 πολλὰ
1651 4036 1715 4096 δὲ
1744 4059 1918 4138 μητρι
1948 4038 2093 4116 φίλῃ
2122 4030 2378 4116 ἠρήσατο
2406 4060 2541 4099 οιιιιι
2565 4042 2646 4099 35
2663 4060 2752 4116 sq.

427 4117 614 4179 πολλὰ
663 4153 736 4163 -
783 4115 970 4198 ἠρᾶθ’
1019 4141 1052 4178 o
1098 4118 1330 4200 γεραιὸς
1370 4123 1379 4196 Ι
1414 4113 1738 4181 Ἀπόλλωνι
1781 4144 2010 4181 ανακτι.
2106 4125 2258 4183 Τιιιιι
2302 4127 2461 4201 quod
2507 4128 2630 4185 353
2665 4144 2754 4200 sq.

428 4205 781 4265 honorem
825 4209 984 4265 certe
1038 4226 1074 4264 a
1116 4207 1258 4267 Iove
1313 4208 1425 4266 sibi
1485 4207 1686 4267 deberi
1732 4213 1938 4286 urget,
1983 4228 2102 4268 non
2147 4210 2340 4269 solum
2384 4211 2640 4269 refertur
2681 4209 2754 4269 ad

435 4292 549 4348 171
601 4293 663 4348 et
707 4290 846 4360 ⁴244,
894 4291 1112 4366 quibus
1156 4292 1398 4364 eum-ab
1430 4292 1875 4368 Agamemnone
1906 4293 2019 4352 sibi
2064 4295 2271 4370 negari
2313 4296 2603 4369 queritur,
2652 4294 2756 4353 sed

432 4375 664 4433 adludit
706 4375 881 4433 etiam
927 4375 997 4433 ad
1053 4379 1196 4450 175,
1252 4397 1368 4453 quo
1418 4378 1826 4453 Agamemnon
1883 4379 1958 4437 ab
2005 4380 2138 4454 ipso
2183 4380 2323 4438 Iove
2368 4399 2431 4438 se
2475 4379 2755 4438 honorari
