3132 5129
1428 387 1890 451 ——512—

489 549 618 605 tum
664 547 871 606 vinum
916 545 1247 604 adhibitum
1291 565 1419 605 esse
1450 548 1702 606 constat.
1780 544 2057 618 Accedit,
2103 544 2265 620 quod
2297 550 2472 618 σῶμα
2518 538 2628 602 σόν
2655 544 2827 603 ιιιιΙῙο

490 636 664 707 pacto
710 631 781 689 de
828 648 1071 706 corpore
1116 631 1177 688 in
1223 631 1450 690 cineres
1491 631 1688 689 soluto
1733 629 1849 688 dici
1879 629 2095 705 potuit.
2169 628 2430 688 Omnino
2475 634 2831 690 erraverunt

492 718 874 792 interpreteS,
920 715 1082 791 quod
1125 714 1220 775 hic
1264 716 1338 774 de
1382 717 1537 775 iusto
1584 715 1709 774 sive
1754 732 1900 791 rogo
1933 714 2058 773 sive
2089 714 2360 789 sepulcro
2406 713 2829 792 cogitaverunt

491 800 866 861 immemores
910 819 1143 876 eorum,
1189 818 1340 876 quae
1383 801 1560 860 modo
1605 820 1663 861 v.
1710 800 1833 858 625
1878 798 2189 875 quaerenti
2236 798 2435 858 Oresti

895 913 1083 995 τάφος
1128 914 1191 977 δὲ
1234 923 1405 990 ποῖος
1452 913 1677 990 δέξεταί
1714 908 1814 994 μ’,
1859 912 2006 975 ὅταν
2050 908 2251 983 θάνως

491 1038 805 1114 respondit
848 1038 1163 1116 Iphigenia

891 1146 1014 1219 πῦρ
1059 1130 1220 1219 ἱερὸν
1263 1135 1440 1199 ἔνδον
1481 1131 1678 1216 χάσμα
1720 1132 1775 1194 τ’
1824 1126 2094 1217 εὐρωπὸν
2137 1133 2376 1214 πέτρας,

489 1260 703 1358 quibus
758 1259 995 1320 verbis
1015 1260 1090 1319 ab
1149 1259 1478 1336 Euripide
1491 1278 1718 1318 morem
1773 1260 2110 1334 respectum
2171 1276 2296 1317 esse
2362 1258 2519 1334 apud
2578 1256 2826 1317 Cartha-

487 1346 787 1421 ginienses
831 1347 1139 1420 receptum
1167 1344 1466 1405 Diodorus
1494 1345 1643 1403 alios
1688 1343 1845 1401 haud
1889 1342 2068 1401 dubie
2112 1342 2359 1403 secutus
2408 1346 2665 1402 testatur
2691 1343 2826 1401 loco

491 1431 761 1488 certatim
806 1429 880 1488 ab
927 1430 1203 1489 omnibus
1247 1431 1546 1528 adscripto
1591 1429 1720 1504 XX,
1759 1428 1866 1486 14.
1912 1417 1998 1501 ἦν
2041 1422 2106 1485 δὲ
2151 1421 2296 1504 παρ’
2344 1419 2544 1498 αὐτοῖς
2572 1417 2828 1501 ἀνδριὰς

429 1516 452 1534 ’
493 1510 733 1589 Κρόνου
778 1513 1033 1608 χαλκοῦς
1078 1506 1403 1583 έκτετακως
1448 1509 1551 1585 τὰς
1598 1518 1799 1589 χεῖρας
1854 1502 2069 1583 ὑπτίας
2115 1508 2526 1590 ἐγκεκλιμένας
2572 1508 2666 1569 ἐπι
2710 1508 2828 1585 τὴν

395 2105 454 2152 17

491 1599 634 1676 γῆν,
680 1594 828 1657 ωστε
872 1588 977 1655 τὸν
1022 1594 1370 1659 ἐπιτεθέντα
1425 1605 1551 1657 τοῖν
1594 1596 1831 1656 παίδων
1884 1591 2324 1656 ἀποκυλίεσθαι
2366 1594 2469 1655 καὶ
2514 1596 2828 1656 πίπτειν

492 1681 605 1753 εις
648 1704 716 1741 τι
757 1675 990 1759 χάσμα
1034 1683 1311 1757 πλῆρες
1354 1674 1626 1777 πυρός·
1673 1675 1877 1753 εἰκὸς
1921 1677 2002 1740 δὲ
2046 1702 2171 1740 και
2218 1677 2343 1741 τὸν
2386 1672 2829 1784 Ευριπίδην

493 1763 857 1826 ἐντεῦθεν
913 1764 1308 1864 εἰληφέναι
1361 1756 1440 1825 τὰ
1492 1760 2120 1844 μυθολογούμενα
2175 1756 2345 1844 παρ’
2400 1759 2594 1849 αὐτῷ
2650 1764 2828 1843 περὶ

493 1842 627 1924 τὴν
671 1847 746 1909 ἐν
792 1845 1111 1927 Ταύροις
1166 1850 1485 1928 θυσίαν,
1541 1849 1618 1910 έν
1675 1844 1786 1921 οἷς
1842 1848 2125 1928 εἰσάγει
2184 1849 2314 1929 τὴν
2361 1827 2828 1930 Ἰφιγένειαν

492 1926 632 1996 υπὸ
671 1929 1016 2013 Ὀρέστου
1060 1934 1638 2017 διερωτωμένην
1682 1932 1916 2012 ,,τοὶφος
1943 1940 2056 1996 etc.
2132 1937 2223 1996 De
2266 1937 2376 1996 hac
2419 1938 2609 2015 igitur
2649 1957 2822 1998 vora-

493 2024 634 2098 gine
682 2041 846 2082 sacro
901 2023 1042 2100 igne
1096 2023 1418 2100 completa,
1476 2025 1539 2082 in
1595 2042 1774 2098 quam
1827 2025 2151 2081 mactatum
2207 2041 2420 2098 corpus
2477 2024 2824 2099 praecipita-

492 2108 668 2166 batur
711 2107 1207 2184 comburendum,
1254 2111 1315 2169 et
1352 2102 1544 2183 τάφον
1577 2108 1699 2168 625
1729 2112 1910 2185 atque
1942 2107 2062 2167 632
2096 2110 2157 2165 et
2196 2100 2397 2182 πυράν
2444 2110 2564 2168 635
2597 2108 2822 2167 dictum

493 2212 621 2252 esse
666 2196 860 2268 patet,
909 2193 969 2253 in
1015 2213 1083 2252 ea
1126 2197 1322 2253 autem
1368 2194 1656 2269 voragine
1701 2192 1998 2253 combusti
2053 2194 2319 2267 corporis
2378 2196 2825 2268 ceterarumque

492 2297 690 2337 rerum
735 2278 1083 2337 commixtos
1140 2279 1364 2339 cineres
1421 2279 1661 2338 relictos
1714 2296 1842 2338 esse
1894 2279 2357 2337 consentaneum
2410 2280 2524 2337 est.
2599 2276 2829 2337 Orestis

493 2363 682 2438 igitur
724 2364 987 2439 corpori,
1035 2367 1358 2440 antequam
1388 2363 1451 2423 in
1480 2361 1847 2440 profundum
1880 2361 2209 2420 deiceretur
2232 2407 2248 2437 ,
2294 2379 2360 2422 se
2403 2362 2824 2421 instillaturam

492 2468 621 2507 esse
665 2447 891 2524 oleum,
939 2449 1167 2508 scilicet
1211 2467 1326 2524 quo
1372 2449 1546 2507 citius
1579 2446 2058 2521 combureretur,
2103 2448 2557 2520 promittentem
2605 2447 2828 2506 fecerat

497 2533 870 2610 Iphigeniam
916 2536 1097 2609 poeta
1140 2533 1321 2593 verbo
1353 2538 1721 2608 καταψεκῶ
1767 2552 1803 2591 a
1845 2550 1977 2592 rore
2004 2563 2080 2574 —
2107 2531 2180 2591 cf.
2213 2532 2424 2595 Aesch.
2458 2533 2671 2610 Agam.
2705 2533 2824 2592 561

494 2615 696 2695 δρόσοι
753 2614 1159 2688 κατεψέκαζον
1211 2651 1284 2660 --
1333 2622 1472 2694 apte
1516 2619 1594 2677 ad
1640 2619 1831 2678 oleum
1878 2617 2202 2693 translate,
2248 2618 2409 2693 quod
2453 2637 2524 2677 ex
2567 2621 2823 2694 angusto

492 2703 735 2779 lecythii
780 2704 932 2762 collo
978 2705 1261 2780 guttatim
1319 2703 1606 2764 destillat.
1681 2703 2072 2762 Locutionem
2113 2703 2342 2778 aliquid
2390 2703 2608 2761 habere
2656 2703 2826 2761 Euri-

493 2788 665 2862 pideo
710 2789 863 2847 mori
909 2805 1236 2863 congruum
1279 2788 1594 2846 concludas
1640 2808 1710 2846 ex
1753 2786 2169 2880 Xenophontis
2216 2786 2422 2863 Symp.
2464 2787 2542 2863 H,
2576 2789 2675 2861 26,
2724 2788 2830 2845 ubi

492 2872 764 2931 Socrates
807 2872 1035 2931 minuta
1079 2872 1292 2947 pocula
1335 2873 1735 2932 commendat·
1795 2865 1876 2947 ἢν
1930 2865 1997 2929 δὲ
2040 2860 2187 2946 ἡμῖν
2229 2869 2295 2927 οἱ
2330 2869 2539 2942 παῖδες
2582 2875 2826 2947 μικραῖς

494 2951 683 3028 κύλιξι
745 2975 947 3015 πυκνα
1024 2952 1591 3028 ἕπιψεκάζωσιν
1645 2988 1725 2999 -
1787 2953 1889 3013 ἵνα
1940 2952 2041 3014 καὶ
2115 2948 2227 3033 ε’γω
2281 2950 2348 3015 ἐν
2408 2954 2830 3033 Γοργιείοις

492 3038 751 3118 ῥήμασιν
805 3038 956 3100 εἴπω
1013 3072 1098 3085 -
1150 3045 1266 3144 etc.
1355 3041 1872 3102 Constructionem
1925 3060 2066 3101 sane
2120 3041 2336 3116 paulo
2357 3041 2824 3117 insolentiorem,

493 3145 600 3202 pro
645 3146 763 3201 qua
805 3126 1022 3203 aliquis

898 3240 1160 3318 ξανθόν
1204 3239 1260 3303 τ’
1309 3241 1561 3304 ἔλαιον
1608 3243 1913 3324 σώματος
1956 3248 2328 3320 καταψεκῶ

494 3365 869 3440 praetulerit,
938 3365 1002 3424 in
1060 3365 1284 3425 rariore
1339 3366 1519 3427 verbo
1579 3366 1885 3427 admisisse
1938 3365 2177 3426 videtur
2230 3367 2561 3441 exemplum
2633 3367 2820 3425 usita—

493 3451 662 3509 tioris
726 3443 1109 3521 κατακλύζειν
1168 3453 1419 3511 secutus.
1508 3451 1650 3510 Alia
1714 3454 2048 3511 commenta
2111 3453 2182 3509 ut
2247 3451 2576 3527 Musgravii
2640 3470 2823 3507 κατα-

490 3536 719 3593 στελῶ
765 3535 1043 3594 Schoenii
1087 3534 1486 3595 κατασκεδῶ
1527 3536 2013 3596 Rauchensteinii
2066 3532 2371 3594 καταπλᾶ
2386 3552 2483 3593 σω
2525 3554 2631 3594 οιιι·
2660 3536 2823 3594 ‘ferri

491 3623 821 3697 nequeant,
866 3620 1164 3681 neminem
1212 3621 1391 3699 fugit.

662 3791 827 3852 Sicco
871 3791 1020 3868 pede
1063 3791 1326 3869 plerique
1370 3791 1764 3869 interpretum
1810 3793 2177 3852 transierunt
2219 3791 2364 3851 haec
2408 3812 2465 3852 v.
2514 3794 2636 3851 818
2669 3811 2758 3866 sq.

579 3910 989 3969 ΟΡΕΣΤΗΣ.
1045 3905 1147 3968 καὶ
1177 3903 1378 3987 λούτρ’
1428 3906 1487 3981 ἐς
1517 3901 1717 3969 Αὖλιν
1757 3905 1983 3988 μητρὸς
2026 3904 2287 3982 ἀνεδέξω
2329 3931 2524 4006 παρα;

580 3995 1067 4056 ΙΦΙΓΕΝΕΙΑ.
1123 3985 1275 4052 οἶδ’·
1321 3988 1392 4053 οὐ
1435 3985 1547 4073 γὰρ
1593 3990 1625 4053 ὁ
1671 3987 1857 4074 γάμος
1902 3985 2116 4066 ἐσθλὸς
2161 4016 2250 4054 ων
2293 3983 2354 4072 μ’
2407 3990 2697 4071 ἀφείλετο.

495 4114 760 4185 Quorum
804 4115 1016 4173 ultima
1058 4114 1324 4190 plerique
1384 4133 1518 4174 cum
1564 4114 1890 4174 Matthiaeo
1936 4115 2021 4173 sic
2067 4114 2547 4190 explicaverunt.
2594 4133 2827 4191 „nup-

496 4200 645 4258 tiae
702 4200 896 4258 enim
951 4199 1187 4258 bonae
1240 4218 1387 4259 non
1455 4201 1908 4275 effecerunt,
1978 4201 2060 4258 ut
2124 4200 2445 4261 lavacris
2509 4219 2543 4258 a
2598 4202 2830 4258 matre

495 4284 1030 4344 ministrandis
1076 4284 1465 4344 carerem.“
1540 4285 1705 4357 Quae
1734 4284 2033 4345 sententia
2075 4288 2203 4343 tum
2246 4288 2481 4344 tantum
2528 4287 2729 4360 staret,
2776 4284 2828 4343 si

494 4387 770 4443 sponsam
815 4370 1048 4429 bonas
1094 4369 1332 4446 quidem
1377 4372 1617 4446 nuptias
1662 4371 1943 4429 inituram
1987 4369 2242 4429 lavacris
2282 4370 2567 4430 maternis
2612 4387 2825 4444 carere,

494 4454 566 4511 ad
612 4454 846 4513 malas
892 4473 1031 4514 vero
1075 4455 1330 4532 nuptias·
1363 4475 1433 4514 ea
1477 4476 1513 4514 a
1555 4458 1746 4514 matre
1787 4455 2054 4530 accipere
2087 4455 2270 4515 moris
2302 4455 2530 4516 fuisset.
2601 4453 2828 4513 Contra
