3132 5129
1247 386 1332 399 --
1417 348 1556 413 545·
1630 384 1705 397 -

307 507 473 564 1299
506 500 691 562 πέσεα
720 498 947 563 (5021)—
971 501 1301 580 αἱμάξετον,
1335 505 1462 564 Ion.
1500 507 1618 564 168
1635 524 1722 581 sq.
1755 500 2021 578 αἱμάξεις
2046 536 2122 545 -—
2151 493 2253 573 τὰς
2282 500 2645 598 καλλιφθόγ-

301 609 453 666 γους
503 581 688 671 ὦδᾶς,
733 590 828 648 ΕΙ.
857 591 976 648 573
992 609 1082 664 sq
1124 582 1310 662 οὐλὴν
1340 623 1421 632 -
1460 582 1712 668 ᾑμάχθη
1746 590 1889 649 satis
1936 590 2243 649 defensum
2285 577 2637 664 αἱμάσσουσ’

302 673 465 735 ἄταν
493 677 770 751 repositis
797 674 972 733 simul
1017 674 1236 735 dativis
1279 675 1391 734 hoc
1433 676 1610 735 modo
1656 676 1970 735 emendare
2015 675 2339 734 studuerit:
2387 669 2645 749 δυσφόρ-

300 782 474 840 μιγγι
521 760 730 832 ξείνων
773 753 1132 832 αἱμασσουσ’
1180 750 1291 838 α’τᾳ
1337 752 1592 836 βωμούς.

483 847 568 905 Et
611 846 899 905 accedunt
942 845 1076 920 alia,
1123 864 1478 919 quamquam
1522 865 1558 903 a
1602 846 1838 904 nemine
1884 847 2023 905 dum
2071 846 2497 907 animadversa.
2558 846 2647 903 Ac

303 934 574 1009 primum
620 931 875 1005 quidem,
922 930 1024 1005 qui
1067 948 1186 988 non
1233 931 1424 988 solum
1469 930 1832 1006 tragicorum
1879 931 1979 988 sed
2026 928 2289 989 omnium
2334 936 2648 1005 poetarum

304 1019 684 1077 constantem
732 1035 903 1075 usum
951 1015 1102 1073 bene
1147 1015 1399 1089 noverit,
1447 1033 1570 1073 non
1614 1017 1838 1090 poterit
1880 1034 1999 1074 non
2043 1017 2105 1073 in
2135 1017 2355 1074 vitiosa
2384 1015 2647 1074 eiusdem

303 1104 504 1179 etymi
545 1102 902 1176 repetitione
934 1131 1013 1140 —
1046 1093 1495 1176 αἱμόρραντον
1539 1094 1993 1176 αἱμάσσουσ’
2038 1122 2193 1158 αταν
2224 1134 2303 1142 -
2331 1101 2644 1173 offender‚e

301 1207 416 1263 pro
463 1206 582 1263 qua
626 1188 803 1261 poeta
847 1180 1246 1281 αἱμόρραντον
1290 1177 1773 1256 φοινίσσουσ’
1818 1181 1972 1243 ὅταν
2017 1188 2345 1247 certissime
2375 1186 2645 1259 scripsis-

305 1277 420 1349 set,
470 1291 651 1348 quam
697 1270 1110 1346 repetitionem
1156 1270 1401 1327 minime
1430 1270 1673 1347 mitiges
1702 1272 2004 1330 redeundo
2035 1271 2108 1329 ad
2140 1272 2428 1330 librorum
2460 1271 2645 1345 scrip-

307 1364 515 1416 turam
561 1353 1004 1431 αἵμορριὶντων,
1051 1374 1224 1429 quam
1272 1374 1405 1413 cum
1452 1358 1787 1416 accusativo
1822 1356 2310 1415 commutandam
2356 1374 2483 1415 esse
2528 1357 2647 1413 iam

308 1442 612 1501 Canterus
657 1441 802 1499 olim
850 1439 1161 1498 intellexit.
1237 1440 1318 1497 Et
1361 1441 1608 1498 nimium
1654 1442 1921 1515 profecto
1967 1442 2064 1500 hic
2107 1444 2199 1501 est
2236 1441 2469 1517 profusi
2514 1459 2646 1499 san-

306 1528 546 1604 guiniS‚
607 1528 676 1583 ut
720 1526 839 1584 fere
884 1526 947 1583 in
992 1523 1189 1599 lepido
1237 1523 1340 1583 illo
1386 1525 1594 1583 insulsi
1641 1527 1943 1585 cuiusdam
1990 1528 2370 1602 antiquarum
2416 1531 2647 1602 tragoe-

305 1614 549 1671 diarum
603 1611 760 1668 simii
819 1610 1080 1684 cantico,
1139 1628 1257 1685 quo
1318 1609 1492 1667 homo
1549 1612 1803 1687 ignavus
1856 1612 1940 1670 sic
1983 1632 2019 1669 a
2064 1612 2447 1688 sanguinario
2491 1611 2648 1670 socio

304 1698 682 1772 increpatur:

805 1780 922 1849 „So
965 1784 1273 1853 veryosscst
1317 1779 1398 1837 du
1439 1783 1537 1840 nie
1580 1781 1758 1839 Bzut
1800 1782 1976 1841 ΒΖΜ
2019 1783 2204 1841 Blut
2248 1783 2451 1853 Bzut,

819 1864 958 1923 Uml
998 1865 1260 1923 sc'ibeltest
1301 1882 1423 1924 nur

808 1950 932 2007 Der
977 1947 1319 2020 Gefallcncn
1361 1955 1607 2009 stummc
1653 1948 1987 2010 Gebeine!“

314 2071 547 2130 Verum
591 2069 905 2145 Iphigenia
948 2087 1055 2126 sua
1099 2087 1276 2125 manu
1323 2070 1673 2145 sanguinem
1720 2070 1848 2145 ipsa
1891 2089 2215 2145 numquam
2247 2071 2518 2145 profudit
2547 2073 2649 2131 sed

312 2156 665 2215 mactandos
720 2157 957 2213 tantum
1002 2171 1166 2211 sacra
1210 2174 1362 2229 aqua
1405 2146 1686 2229 adspersa
1729 2156 1955 2219 initiari
2002 2156 2178 2231 solet,
2235 2156 2392 2230 quod
2438 2158 2648 2232 ipsum,

316 2242 548 2301 scilicet
578 2258 650 2298 ne
677 2240 1050 2298 sanctissima
1073 2239 1242 2314 virgo
1266 2241 1573 2299 teterrimo
1597 2240 1881 2299 sacrificio
1904 2240 2199 2299 maculata
2222 2241 2650 2315 introducatur,

320 2327 603 2401 pluribus
648 2325 793 2427 locis
841 2316 1196 2397 disertisque
1241 2326 1436 2382 verbis
1481 2325 1841 2399 inculcatur,
1894 2329 1964 2382 ut
2006 2320 2207 2384 statim
2255 2327 2424 2384 initio
2470 2327 2654 2385 vr40

904 2420 1266 2525 κατάρχομαι
1310 2423 1448 2503 μέν,
1496 2441 1723 2504 σφαγια
1767 2421 1828 2482 δ’
1874 2422 2148 2484 ἄλλοισιν
2190 2423 2367 2502 μέλει.

215 2556 224 2561 -
316 2532 372 2571 v.
412 2513 491 2570 53
516 2531 603 2587 sq.
899 2497 1062 2587 κᾶγω
1085 2504 1315 2609 τέχνην
1360 2504 1534 2589 τήνδ’
1583 2505 1664 2587 ἣν
1708 2508 1817 2586 ἔχω
1863 2505 2208 2583 ξενοκτόνον

609 2607 618 2614 “
893 2586 1100 2670 τιμῶσ’
1150 2589 1457 2673 ὑδραίνειν
1503 2588 1691 2655 αὐτὸν
1735 2591 1817 2666 ὥς
1861 2589 2262 2674 θανούμενον.

313 2716 402 2773 Et
458 2715 532 2773 cf.
582 2716 702 2772 244
735 2735 825 2790 sq.
889 2717 1092 2774 617—
1106 2717 1249 2775 624.
1339 2717 1427 2775 Eo
1485 2718 1682 2776 minus
1736 2717 1923 2793 igitur
1979 2717 2050 2776 de
2096 2737 2157 2777 se
2202 2711 2649 2794 αἰμοὶσσουσ’
2691 2733 2753 2779 23

312 2797 475 2856 ἄταν
519 2800 613 2858 hic
656 2819 892 2874 quoque
938 2802 1129 2860 dicere
1174 2804 1387 2877 potuit,
1435 2804 1539 2861 sed
1585 2802 1748 2860 aliud
1793 2803 1991 2877 potius
2036 2821 2256 2877 ponere
2289 2803 2496 2863 debuit
2524 2824 2649 2863 ver-

314 2886 470 2943 bum
538 2884 920 2944 humectandi
986 2888 1081 2946 vel
1143 2886 1427 2963 irrigandi
1482 2888 1791 2946 notionem
1848 2889 2184 2964 continens,
2250 2888 2408 2963 quod
2463 2891 2655 2964 ipsum

314 2963 760 3067 ὖδραίνουσ’
811 2970 994 3031 fuisse
1052 2973 1267 3047 aliquis
1324 2992 1393 3030 ex
1450 2972 1579 3031 loco
1627 2972 1801 3030 modo
1847 2973 2030 3030 allato
2075 2974 2234 3031 haud
2280 2977 2478 3049 inepte
2524 2993 2656 3032 con-

327 3057 546 3129 iceret,
604 3056 719 3113 nisi
776 3058 840 3113 et
883 3057 1073 3116 additi
1120 3058 1393 3117 vocabuli
1430 3049 1666 3134 βωμούς
1710 3057 1861 3115 ratio
1907 3057 2178 3116 habenda
2221 3062 2377 3118 esset
2420 3063 2481 3117 et
2522 3078 2655 3135 pro·

321 3140 584 3199 habilius
631 3140 810 3198 etiam
857 3141 1010 3200 foret
1053 3143 1302 3201 verbum
1347 3142 1407 3200 id
1453 3142 1636 3202 fuisse
1682 3142 1988 3216 eiusmodi,
2034 3144 2191 3217 quod
2237 3144 2407 3202 facile
2451 3145 2524 3202 ab
2571 3145 2655 3202 in-

326 3229 467 3299 epto
525 3226 857 3300 glossatore
911 3246 1016 3301 per
1070 3216 1419 3303 αἷμάσσουσ’
1463 3227 1755 3324 ’explicari
1812 3229 2094 3300 potuerit
2190 3229 2381 3299 Quae
2396 3249 2529 3288 cum
2577 3231 2659 3286 ita

324 3312 478 3386 sint,
528 3311 670 3368 mihi
720 3311 956 3385 quidem
1003 3311 1319 3387 Euripides
1365 3312 1670 3387 scripsisse
1715 3311 1979 3370 videtur:

898 3411 1109 3485 ξείνων
1153 3407 1492 3491 τέγγουσ’
1540 3433 1694 3470 αταν
1737 3412 2034 3489 βωμοῖς.

498 3514 806 3573 Postremo
854 3515 914 3574 in
960 3536 1016 3578 v.
1051 3517 1174 3576 230
1197 3536 1323 3592 sqq.

901 3611 1005 3675 τὸν
1047 3612 1108 3674 δ’
1148 3615 1344 3695 ’Ἀργει
1389 3612 1699 3693 δμαθέντα
1743 3614 1927 3674 κλαίω

902 3696 1229 3780 σύγγονον,
1276 3698 1346 3759 ὃν
1391 3699 1596 3760 ἔλιπον
1640 3697 2047 3779 ἐπιμαστίδιον

903 3782 986 3843 ἔτι
1028 3783 1253 3863 βρέφος
1299 3783 1380 3845 ἔτι
1428 3783 1562 3845 νέον
1608 3782 1691 3843 ἔτι
1737 3784 1928 3856 θάλος

328 3905 552 3980 aliquid
602 3906 908 3964 turbatum
951 3924 1081 3964 esso
1127 3907 1244 3964 iam
1288 3910 1546 3964 metrum
1593 3908 1749 3965 clare
1795 3906 2044 3978 indicat,
2102 3906 2194 3962 cui
2240 3923 2412 3962 nemo
2458 3904 2660 3963 addita

328 3995 463 4065 post
526 3985 932 4065 ἐπιμαστίδιον
976 3991 1266 4065 particula
1308 3987 1374 4067 γέ
1418 3993 1562 4049 satis
1608 3994 1985 4067 prospectum
2029 4008 2153 4048 esse
2202 3989 2491 4048 Schoenio
2537 4009 2657 4048 cre-

329 4075 566 4134 diderit.
656 4077 780 4134 Noc
837 4078 1151 4150 quisquam
1207 4076 1569 4136 Rossbachio
1615 4075 2107 4151 Westphalioque
2165 4073 2340 4133 fidem
2398 4074 2656 4148 habebit,

330 4161 432 4234 qni
479 4161 752 4235 neglecto
799 4155 1097 4239 σύγγονον
1140 4161 1296 4219 hunc
1339 4160 1749 4220 incredibilem
1780 4160 1951 4219 nobis
1984 4160 2023 4215 l.
2058 4177 2105 4219 0.
2146 4177 2202 4232 p.
2236 4160 2353 4215 124
2386 4161 2658 4234 propina-

331 4247 546 4303 verunt
591 4248 1002 4305 tetrametrum
1050 4246 1441 4305 trochaicum:

485 4339 562 4402 ὃν
605 4341 810 4405 ἔλιπον
854 4343 1264 4423 ἐπιμαστίδιον
1310 4343 1342 4403 ἕ
1384 4344 1395 4425 1
1448 4367 1496 4404 τι
1544 4343 1798 4424 βρέφος,
1847 4339 1927 4399 ἔτι
1973 4339 2142 4400 νέον.
2191 4340 2274 4426 ἔτι
2318 4336 2503 4414 θαλος

718 4439 790 4479 (A)
822 4455 860 4478 υ
893 4453 968 4479 w
1002 4455 1038 4479 υ
1075 4473 1106 4479 ..
1145 4450 1933 4480 υυυυυυυυυ
1968 4443 2063 4476 υυ·

432 4523 548 4562 Κῦο
525 4523 675 4574 0,th
705 4523 956 4565 Schriften.
1002 4526 1038 4564 1.
2190 4519 2253 4566 35

1986 4597 2016 4624 ο
