3132 5129
1362 367 1779 431 ...10-

405 524 564 584 Iovis
620 527 949 601 potentiam
1008 530 1301 585 memorat
1357 527 1418 584 in
1473 525 1810 585 evertendis
1867 524 2115 583 urbibus
2173 524 2499 597 efficacem,
2557 546 2739 603 porro

404 630 459 668 v.
517 612 843 669 119—129
895 631 1073 687 quam
1120 614 1296 687 turpe
1340 613 1421 670 sit
1466 609 1706 669 Graecis
1749 630 1813 668 re
1857 610 2076 668 infecta
2120 610 2358 669 domum
2403 613 2622 671 reverti
2667 632 2738 672 eo

402 696 656 753 maxime
701 696 949 771 probat,
1009 696 1170 772 quod
1218 698 1490 771 quaesita
1546 701 1609 754 et
1651 696 2038 755 immoderate
2081 700 2255 754 aucta
2298 698 2738 773 comparatione

304 787 364 833 13
401 780 595 839 decies
650 785 821 840 tanto
878 782 1013 856 plus
1072 801 1198 840 esse
1256 781 1620 841 Achivorum
1683 800 1857 856 quam
1916 781 2313 840 Troianorum
2371 782 2739 841 demonstrat

404 864 729 923 (8011011.
762 866 835 923 ad
866 868 1109 924 v.128:
1156 860 1596 942 ὑπερβολικῶς·
1648 857 1870 937 Τρώων
1911 860 2023 941 μὲν
2064 860 2177 942 γὰρ
2219 856 2375 941 ἦσαν
2416 860 2611 937 πόλεις
2654 865 2735 941 ε’,

394 943 701 1025 Ἑλλήνων
743 947 809 1007 δὲ
855 947 989 1027 ιβ’.)
1061 951 1271 1027 Inepte
1326 972 1386 1010 v.
1437 953 1555 1009 119
1612 941 1858 1025 αἰσχρὸν
1911 947 2048 1026 γὰρ
2101 948 2234 1008 τόδε
2275 955 2388 1010 etc.
2447 954 2738 1027 particula

402 1034 651 1094 causalis
697 1036 896 1110 posita
939 1040 1059 1108 est,
1110 1055 1288 1111 quam
1333 1037 1562 1093 frustra
1606 1041 1849 1094 excusat
1892 1035 2323 1112 Naegelsbach.
2367 1056 2428 1111 p.
2485 1038 2601 1095 149
2643 1057 2735 1095 re·

403 1120 599 1178 ferens
645 1120 716 1178 ad
766 1116 1024 1178 δυσκλέα
1070 1141 1125 1179 v.
1180 1124 1327 1191 115,
1378 1120 1537 1195 quod
1585 1120 1713 1178 fieri
1743 1121 1956 1194 nequit
2001 1125 2062 1179 et
2092 1126 2342 1196 propter
2385 1123 2735 1181 intersertos

404 1210 525 1264 tres
570 1224 805 1277 versus,
853 1210 915 1264 et
957 1206 1100 1281 quia
1144 1205 1203 1263 in
1236 1205 1340 1264 illo
1372 1205 1640 1264 membro
1672 1224 1791 1263 non
1822 1201 2079 1262 δυσκλέα
2111 1205 2214 1266 sed
2251 1203 2462 1283 ’Ἄργος
2493 1202 2736 1264 ἱκέσθαι

406 1290 747 1364 primariam
794 1310 922 1349 esse
982 1292 1365 1362 sententiam,
1422 1309 1574 1366 quae
1631 1291 2017 1364 sequentibus
2072 1291 2434 1365 explicatur,
2488 1292 2734 1350 verbum

403 1375 637 1433 finitum
696 1372 922 1433 κελεύει
980 1376 1263 1450 postulat.
1341 1374 1454 1433 Illa
1505 1374 1623 1433 duo
1667 1379 1969 1433 momenta
2022 1379 2220 1450 potius
2277 1376 2561 1449 orationi,
2618 1395 2736 1451 qua

404 1459 622 1519 diserte
654 1461 728 1518 ad
759 1459 1147 1536 pugnandum
1178 1460 1642 1534 provocabatur,
1689 1461 2005 1519 convenire
2048 1463 2269 1536 optime
2299 1462 2489 1520 sensit
2515 1462 2588 1534 is,
2631 1462 2736 1536 qui

405 1546 519 1603 iam
568 1549 637 1603 ut
680 1563 883 1603 eorum
940 1545 1258 1603 efficaciam
1302 1545 1628 1615 minueret,
1687 1545 2089 1619 ineptissimos
2148 1564 2355 1605 versus
2405 1547 2735 1605 130—133

405 1629 827 1706 adglutinavit.
915 1629 1175 1706 Egregie
1244 1629 1368 1704 ipse
1422 1629 1848 1705 Naegelsbach
1910 1649 1966 1704 p.
2031 1632 2149 1688 152
2210 1650 2279 1688 ex
2344 1631 2476 1689 aliis
2533 1630 2738 1689 Iliadis

403 1715 548 1772 locis
595 1714 1031 1773 demonstravit
1059 1732 1301 1789 prorsus
1345 1732 1500 1772 novo
1542 1714 1718 1771 modo
1764 1717 2000 1772 tantum
2046 1716 2107 1773 in
2138 1715 2533 1774 Troianorum
2563 1716 2739 1775 sociis

402 1799 545 1873 poni
578 1803 979 1871 momentum,
1029 1803 1320 1874 quantum
1351 1799 1497 1857 alias
1542 1818 1853 1895 nusquam.
1930 1799 2012 1857 Et
2054 1800 2114 1858 in
2158 1800 2403 1859 verbis
2388 1801 2531 1876 ipsis
2565 1802 2738 1893 plura

403 1884 636 1956 insunt,
686 1902 835 1959 quae
866 1902 1230 1960 magnopere
1263 1884 1592 1956 offendant,
1640 1885 1918 1986 primum,
1919 1881 2190 1976 Τρώων,
2236 1883 2296 1941 οἳ
2327 1882 2560 1942 ναίουσι
2587 1906 2738 1942 κατα

401 1965 643 2041 πτόλιν,
693 1969 861 2065 quasi
908 1968 1183 2027 Hectoris
1236 1964 1387 2025 πολὺ
1433 1970 1695 2026 πλεῖστοι
1738 1989 1839 2025 και
1890 1958 2118 2044 ἄριστοι
2172 1968 2307 2027 λαοί
2359 1973 2594 2028 tantum
2639 1989 2736 2028 ur-

403 2052 591 2112 banae
637 2053 839 2128 copiae
885 2053 1167 2125 fuissent,
1213 2071 1323 2112 nec
1366 2054 1543 2111 etiam
1588 2054 1653 2111 in
1696 2073 1839 2130 agro
1871 2054 2121 2112 Troiano
2164 2054 2560 2128 habitassent3
2608 2058 2738 2113 tum

402 2134 548 2214 μέγα
593 2132 911 2212 πλάζουσι,
959 2140 1008 2196 si
1054 2138 1322 2197 conferas
1367 2160 1403 2193 α
1453 2141 1550 2196 75.
1598 2135 1638 2211 β
1668 2139 1810 2196 396.
1858 2158 1904 2194 ω
1936 2140 2085 2210 307,
2134 2140 2291 2214 quod
2338 2139 2570 2198 etiamsi
2603 2158 2735 2197 cum

404 2221 611 2281 Curtio
656 2242 714 2297 p.
761 2224 798 2279 4
844 2241 964 2281 non
1009 2222 1080 2280 de
1133 2221 1506 2281 turbanda
1549 2226 1776 2296 mente,
1851 2224 1954 2281 sed
1999 2223 2070 2282 de
2127 2223 2568 2298 repellendo
2624 2225 2734 2282 im·

403 2310 546 2383 petu
593 2307 843 2383 ceperis,
904 2307 1056 2366 male
1101 2311 1299 2365 tamen
1352 2308 1534 2365 habet
1587 2306 1736 2365 illud
1781 2300 1894 2364 οὐκ
1939 2301 2102 2365 εἰώσ’
2154 2341 2228 2350 -—
2277 2302 2588 2384 ἐκπέρσαι,
2647 2309 2735 2367 in-

403 2393 551 2452 scite
596 2412 665 2451 ex
714 2395 776 2450 A
822 2393 946 2452 550
1002 2388 1086 2469 (P
1126 2392 1275 2467 659)
1328 2392 1440 2450 huc
1494 2391 1871 2450 translatum.
1958 2392 2119 2451 Illud
2176 2389 2458 2451 ἐθέλοντα
2514 2397 2730 2465 autern,

404 2478 562 2552 quod
609 2497 678 2535 ex
725 2476 857 2537 aliis
902 2477 1078 2550 locis,
1126 2482 1196 2534 ut
1242 2476 1291 2532 B
1336 2477 1479 2535 391.
1528 2497 1553 2534 ε
1588 2478 1687 2535 99.
1736 2496 1768 2533 ο
1800 2478 1950 2547 280,
2000 2478 2358 2553 desumpsit,
2405 2498 2583 2553 quam
2627 2480 2731 2536 ab·

403 2563 580 2621 surde
626 2563 683 2621 h.
730 2562 769 2620 l.
826 2562 1089 2638 positum
1144 2561 1250 2630 sit,
1311 2562 1528 2620 mirum
1585 2566 1677 2620 est
1729 2561 2022 2621 neminem
2080 2562 2336 2640 vidisse.
2406 2563 2738 2624 Senserunt

403 2650 562 2705 certe
593 2648 855 2722 antiqui:
910 2643 1268 2704 ἐθέλοντα
1313 2640 1447 2704 ἀντὶ
1490 2653 1595 2704 τοῦ
1640 2643 1980 2722 δυνάμενον
2024 2649 2085 2706 in
2115 2647 2232 2705 LV
2263 2649 2498 2725 legitur.
2580 2649 2732 2707 Tum

404 2753 457 2794 v.
508 2735 626 2790 133
687 2732 988 2808 integrum
1034 2731 1445 2806 transscripsit
1499 2750 1571 2790 ex
1616 2732 1676 2787 A
1727 2734 1866 2791 164.
1929 2733 1965 2788 Ι
2008 2734 2150 2792 402.
2211 2732 2277 2789 Ν
2321 2735 2462 2793 380.
2547 2733 2732 2793 Vides

400 2817 619 2875 iterum
668 2817 787 2874 iam
832 2817 1004 2876 nobis
1050 2817 1542 2875 consarcinatoris
1582 2836 1824 2875 manum
1869 2836 2203 2892 occurrere3
2253 2837 2434 2893 quare
2479 2838 2598 2877 non
2630 2819 2729 2876 du·

399 2900 559 2974 bito,
607 2901 751 2978 quin
798 2904 992 2960 totum
1040 2919 1212 2960 suum
1258 2906 1655 2960 commentum
1703 2921 1772 2960 ex
1821 2902 1859 2958 I
1901 2904 2191 2960 543—45
2237 2902 2562 2962 effinxerit:

610 3032 713 3094 τὸν
757 3027 817 3094 δ’
867 3032 998 3107 υίὸς
1044 3035 1263 3112 Οἰνῆος
1307 3026 1651 3095 ἀπέκτεινεν
1696 3011 2071 3114 Μελέαγρος,

611 3115 946 3179 πολλέων
990 3117 1066 3180 ἐκ
1109 3119 1382 3179 πολίων
1426 3116 1765 3216 θηρήτορας
1810 3118 2037 3198 άνδρας
2081 3116 2319 3200 άγείρας

614 3202 713 3264 καὶ
757 3198 977 3276 κύνας·
1022 3199 1093 3265 ού
1138 3201 1249 3283 μὲν
1290 3201 1402 3284 γάρ
1446 3200 1506 3263 κ’
1555 3197 1741 3282 ἐδάμη
1787 3203 2146 3285 παύροισι
2188 3207 2462 3286 βροτοῖσι.

410 3325 618 3401 Itaque
663 3326 815 3385 bene
860 3326 976 3384 iam
1024 3345 1128 3385 suo
1173 3325 1370 3385 officio
1403 3327 1643 3384 functus
1689 3329 1782 3384 est
1811 3326 2216 3399 Aristarchus,
2264 3327 2336 3384 de
2384 3346 2503 3402 quo
2535 3327 2731 3386 Schol.

405 3410 555 3468 Ven.
603 3411 649 3468 Α
703 3410 776 3469 ad
824 3430 883 3471 v.
925 3412 1073 3471 130:
1122 3430 1231 3480 εως
1278 3417 1384 3468 τοῦ
1423 3403 1603 3468 Ἰλίου
1650 3406 1928 3486 εκπέρσαι
1969 3403 2332 3468 ἆθετοῦνται
2374 3409 2556 3489 στίχοι
2604 3407 2728 3469 τέτ-

399 3513 599 3569 ταρες,
645 3515 734 3551 οτι
778 3491 1048 3553 καθόλου
1094 3492 1323 3565 πάντας
1369 3490 1505 3565 τοὺς
1534 3492 1876 3571 βαρβάρους
1919 3491 2035 3553 σὺν
2078 3499 2200 3565 τοῖς
2245 3491 2580 3574 ἐπικούροις
2623 3493 2728 3573 ἤσ-

402 3594 581 3648 σονας
627 3586 747 3637 ταῖν
783 3572 1085 3656 Ἑλλήνων
1128 3576 1225 3637 διὰ
1271 3576 1493 3650 παντός
1540 3594 1731 3654 φησιν
1775 3570 1943 3638 εἶναι.
2022 3579 2138 3638 Sed
2186 3599 2335 3656 quae
2381 3587 2726 3656 sequuntur,

398 3683 452 3723 v.
520 3665 877 3738 134-141,
941 3666 1208 3741 graviter
1274 3665 1606 3724 orationem
1674 3664 2044 3736 clauderent,
2112 3684 2231 3740 qua
2293 3666 2517 3725 sincere
2584 3668 2728 3742 fuga

395 3749 760 3808 suaderetur.

567 3834 818 3894 Acutior
864 3836 955 3892 est
997 3833 1531 3908 Naegelsbachius,
1580 3853 1756 3909 quam
1786 3853 1964 3909 quem
2008 3836 2104 3892 tot
2147 3837 2467 3909 tantaeque
2512 3836 2726 3894 discre-

398 3919 634 3993 pantiae
680 3920 926 3978 lateant.
1002 3918 1213 3994 Itaque
1245 3918 1397 3976 hane
1437 3918 1800 3994 excogitavit
1844 3918 2158 3990 rationem,
2208 3937 2537 3979 sermonem
2570 3920 2725 3995 Aga-

396 4004 724 4063 memnonis
781 4022 906 4063 esse
961 4001 1164 4078 μῦθον
1227 3999 1561 4077 κερδαλέον,
1637 4004 1829 4078 qualis
1893 4004 1924 4073 ζ
1981 4003 2098 4061 148
2160 4003 2355 4062 Ulixis
2423 4005 2724 4078 innuatur,

398 4107 515 4163 quo
561 4107 829 4147 sermone
874 4090 923 4147 is
970 4089 1093 4146 eius
1153 4089 1414 4161 consilii,
1474 4088 1631 4163 quod
1678 4087 1946 4160 simulet,
2004 4106 2129 4145 rem
2186 4090 2541 4147 contrariam
2598 4109 2725 4165 per-

398 4173 569 4232 ficere
614 4173 867 4231 studeat.
946 4173 1158 4247 Itaque
1217 4175 1277 4231 et
1331 4173 1587 4231 multum
1632 4192 1758 4231 esse
1815 4172 1876 4229 in
1936 4172 2322 4230 describenda
2376 4173 2722 4249 ignominia,

299 4282 360 4331 14
393 4277 571 4333 quam
619 4257 904 4332 fugiendo
951 4259 1285 4333 suscepturi
1330 4259 1452 4316 sint
1498 4256 1736 4330 Graeci,
1795 4261 1853 4315 et
1901 4276 2118 4315 vanum
2163 4276 2496 4332 proponere
2542 4261 2727 4318 socio-

396 4362 529 4401 rum
576 4342 968 4401 Troianorum
1013 4347 1263 4414 metum,
1324 4347 1385 4400 et
1429 4341 1643 4401 addere
1689 4342 1792 4399 illa
1835 4361 1893 4402 v.
1945 4344 2061 4400 117
2095 4361 2181 4417 sq.
2231 4341 2303 4400 de
2345 4342 2562 4417 quibus
2609 4344 2722 4400 iam

396 4431 553 4487 recte
598 4427 815 4486 dixerit
859 4426 1208 4487 scholiasta:
1255 4421 1553 4486 ὑπόνοιαν
1597 4420 1661 4483 δὲ
1690 4423 1901 4483 δίδωσι
1930 4422 2191 4503 καὶπερὶ
2227 4419 2426 4486 Ἰλίου.
2501 4426 2724 4485 Verum
