3132 5129
1290 403 1715 467 ...75—

330 560 615 618 continuo
661 577 802 619 eum
845 559 949 619 illo
995 561 1164 636 quasi
1211 562 1272 619 in
1318 560 1495 620 unius
1541 560 1805 636 corporis
1853 561 2140 620 unitatem
2190 561 2669 637 coniungendam

331 644 755 718 arbitraretur,
812 664 1173 722 magnopere
1230 650 1486 705 erraret:
1542 645 1705 704 omni
1762 645 1919 703 enim
1979 649 2182 704 carent
2236 664 2436 704 rerum
2492 647 2672 705 inter·

332 747 562 804 naeque
606 730 955 790 conexionis
999 730 1262 789 vinculo,
1350 731 1471 804 Ita,
1529 733 1602 788 ut
1657 749 1842 788 unum
1886 733 2124 788 tantum
2183 750 2251 788 ex
2308 731 2515 789 multis
2570 730 2672 789 sed

332 814 877 873 luculentissimum
919 834 1188 891 promam
1234 817 1601 891 exemplum,
1650 818 1853 875 noster
1881 817 2057 890 poeta
2099 815 2146 874 si
2181 818 2318 873 ante
2349 816 2671 874 exercitum

333 898 405 957 ab
467 900 920 974 Agamemnone
990 901 1415 975 perlustratum
1477 900 1713 959 Ulixem
1772 899 2208 959 introduxisset
2269 901 2511 975 egregia
2570 900 2676 958 illa

332 983 685 1059 imperatori
732 986 1132 1061 praestantem
1179 985 1542 1059 ministeria,
1591 985 1856 1060 profecto
1900 1003 2008 1042 1100
2051 985 2220 1043 illum
2267 985 2506 1044 fecisset
2549 987 2672 1042 tam

333 1069 551 1127 acriter
594 1068 735 1127 huic
776 1070 1225 1128 maledicentem
1257 1071 1380 1129 338
1412 1090 1545 1145 sqq.
1593 1088 1702 1128 nec
1731 1069 1890 1127 hunc
1933 1070 1993 1126 in
2039 1070 2392 1145 gravissima
2432 1087 2669 1144 respon·

334 1154 501 1211 sione
547 1154 674 1212 350
703 1174 839 1229 sqq.
890 1154 965 1212 ad
997 1155 1225 1231 agenda
1255 1155 1455 1228 potius
1502 1155 1810 1229 futurique
1855 1154 2143 1229 temporis
2185 1154 2668 1213 incertitudinem

341 1257 518 1312 quam
567 1238 642 1295 ad
687 1242 819 1297 acta
862 1241 1334 1315 praestitumque
1366 1240 1541 1298 modo
1587 1238 1942 1297 beneficium
1989 1238 2426 1314 respicientem.
2517 1238 2671 1296 Hine

337 1341 453 1380 non
500 1322 696 1380 solum
745 1323 861 1382 duo
907 1325 1013 1382 illa
1057 1325 1319 1383 carmina
1361 1343 1482 1383 non
1526 1323 1861 1400 copulanda
1905 1327 2135 1382 certum
2179 1326 2294 1397 est,
2341 1323 2446 1381 sed
2490 1323 2673 1381 etiam

338 1410 613 1466 nostrum
661 1408 767 1465 illo
812 1409 1118 1484 antiquius
1147 1428 1308 1481 esse,
1357 1409 1417 1467 id
1447 1410 1647 1483 ipsum
1680 1426 1819 1467 vero
1852 1426 1972 1466 non
2019 1408 2146 1466 sine
2175 1407 2355 1466 huius
2399 1410 2673 1483 respectu

335 1492 734 1567 compositum
777 1511 904 1552 esse
949 1494 1258 1568 probabile
1301 1494 1556 1553 videtur.

504 1575 656 1635 Cum
704 1576 1063 1637 Paetione
1108 1582 1157 1638 si
1200 1580 1580 1654 comparatur
1607 1577 2179 1652 Teichoscopia,
2225 1579 2380 1635 mira
2423 1576 2675 1636 offendit
2706 1583 2770 1629 10

333 1660 591 1719 duorum
657 1662 920 1721 locorum
983 1663 1329 1722 similitudo,
1404 1663 1476 1721 In
1530 1663 1638 1721 illa
1691 1663 1849 1721 enim
1913 1665 1983 1720 ut
2038 1662 2306 1720 Minerva
2369 1662 2441 1720 de
2508 1662 2671 1721 caelo

333 1744 646 1805 descendit
696 1748 750 1800 Δ
794 1748 874 1805 85
909 1766 997 1822 sq.
1042 1741 1222 1822 ἀνδρὶ
1265 1742 1426 1823 ΐκέλη
1470 1780 1553 1790 —-

641 1844 1002 1928 Λαοδόκῳ
1052 1842 1542 1929 Ἀντηνορίδῃ
1587 1855 1880 1928 κρατερῷ
1923 1847 2211 1930 αἰχμητῇ,

345 1950 429 2007 ita
474 1950 537 2007 in
583 1949 693 2007 hac
741 1950 799 2005 Γ
837 1952 951 2007 131
985 1970 1116 2025 sqq.
1162 1951 1275 2010 Iris
1318 1949 1391 2008 ad
1437 1951 1726 2009 Helenam
1771 1950 1996 2009 aceedit

661 2047 934 2128 εἰδομένη
976 2048 1200 2132 γαλόῳ,
1241 2044 1664 2130 Ἀντηνορίδαο
1707 2048 1992 2127 δάμαρτι,

642 2131 753 2214 τὴν
793 2129 1327 2212 Ἀντηνορίδης
1373 2127 1488 2213 εἶχε
1533 2133 1797 2214 κρείων
1832 2129 2158 2213 Ἑλικάων,

640 2218 1028 2298 Λαοδίκην
1085 2255 1184 2279 —-.

335 2325 506 2385 Talia
566 2344 710 2384 vero
769 2344 890 2384 non
934 2327 1057 2383 tam
1103 2343 1287 2381 unum
1344 2324 1611 2400 produnt
1652 2327 1886 2399 poetam
1945 2343 2123 2400 quam
2178 2325 2355 2397 duos,
2413 2344 2669 2401 quorum

335 2411 489 2469 alter
532 2410 789 2469 alterum
832 2410 1116 2483 respexit.

502 2493 730 2563 Quodsi
777 2493 1199 2569 Teichoscopia
1255 2495 1550 2553 recentior
1605 2496 1697 2552 est
1740 2493 2050 2566 Pactione,
2114 2493 2186 2552 de
2242 2513 2361 2569 qua
2404 2514 2467 2553 re
2526 2496 2670 2555 mibi

337 2581 603 2639 nondum
651 2580 869 2655 liquet,
927 2580 1089 2637 certe
1133 2579 1297 2637 illius
1352 2581 1558 2638 auctor
1616 2598 1724 2638 nec
1780 2578 1852 2638 de
1907 2579 2156 2638 indutiis
2212 2580 2494 2640 faciendis
2563 2600 2673 2640 nec

341 2665 414 2723 de
457 2667 784 2724 certamine
829 2666 986 2723 inter
1028 2663 1303 2722 Paridem
1362 2667 1423 2721 et
1468 2664 1805 2722 Menelaum
1860 2664 2230 2723 instituendo
2277 2666 2526 2740 cogitari
2570 2686 2669 2725 vo-

339 2750 474 2808 luit.
562 2749 849 2824 Alioquin
907 2750 1068 2808 enim
1130 2753 1193 2807 et
1255 2767 1498 2823 prorsus
1556 2750 1730 2807 aliter
1784 2749 2088 2807 Priamum
2147 2753 2327 2825 atque
2381 2749 2671 2809 Helenam

335 2834 789 2894 confabulantes
834 2834 1262 2893 introduxisset
1305 2852 1412 2892 nec
1444 2834 1715 2908 profecto
1762 2835 1971 2892 ceteris
2005 2833 2397 2893 Troianorum
2429 2835 2671 2895 senibus

334 2919 757 2978 celeberrimos
799 2919 959 2989 illos,
1007 2917 1078 2975 de
1118 2918 1338 2993 quibus
1369 2919 1483 2976 iam
1516 2937 1699 2992 supra
1729 2920 2049 2992 monitum,
2098 2938 2304 2979 versus
2339 2922 2670 2978 156—158

336 3003 445 3062 hoc
489 3005 620 3078 ipso
668 3005 954 3078 temporis
998 3004 1298 3061 momento
1343 3002 1820 3076 pronuntiandos
1864 3003 2144 3062 dedisset.
2221 3002 2381 3072 Quos
2425 3023 2671 3080 prorsus

339 3088 563 3146 alienos
610 3107 740 3147 esse
784 3108 819 3145 a
862 3086 1116 3146 foederis
1160 3087 1609 3146 condicionibus
1654 3086 1898 3162 pulchre
1943 3089 2245 3162 perspexit
2288 3090 2371 3160 is,
2418 3090 2520 3164 qui
2551 3091 2668 3164 pri-

334 3192 464 3230 mus
521 3172 1001 3316 Τὲἑὼιίεορέἒεω
1066 3175 1244 3247 atque
1300 3172 1649 3247 Epipolesin
1707 3175 2011 3247 separatas
2066 3172 2339 3231 Pactioni
2393 3174 2670 3247 inseruit,

334 3276 468 3315 011111
688 3278 721 3316 0

638 3365 784 3434 nm&
826 3372 927 3432 καὶ
969 3365 1084 3449 ὥς,
1128 3371 1255 3451 τοίη
1298 3394 1408 3454 περ
1452 3327 1655 3450 ἕοῦσζ,
1701 3370 1768 3433 ἐν
1813 3371 1988 3450 νηυσὶ
2031 3369 2302 3450 νεέσθω,

641 3453 786 3537 μηδ’
830 3453 979 3535 ἡμῖν
1021 3453 1282 3519 τεκέεσσί
1320 3454 1373 3516 τ’
1420 3453 1651 3518 ὀπίσσω
1696 3466 1864 3536 πῆμα
1908 3458 2165 3536 λίποιτο,

334 3579 489 3637 haud
533 3578 773 3638 inficeto
817 3578 1103 3652 adiceret,
1149 3579 1377 3639 scilicet
1420 3580 1671 3640 encomii
1703 3579 2182 3654 pertinaciaeque
2211 3580 2670 3656 grandiloquen-

337 3665 485 3722 tiam
531 3664 607 3722 ad
656 3664 915 3724 Helenae
973 3663 1306 3722 reddendae
1360 3665 1674 3724 consilium
1727 3663 2294 3723 accommodatum.
2370 3664 2670 3739 Principa-

336 3748 453 3806 lem
513 3748 772 3808 colorem
829 3748 1163 3823 desumpsit
1220 3768 1292 3807 ex
1334 3750 1394 3806 A
1441 3751 1560 3809 116
1618 3737 1796 3805 ἄλλα
1853 3745 1975 3805 καὶ
2029 3737 2080 3805 ὦ
2094 3770 2124 3818 ς
2181 3743 2368 3806 ἐθέλω
2425 3746 2672 3826 δόμεναι

337 3828 551 3906 πάλιν,
620 3835 725 3893 sed
789 3834 971 3893 etiam
1028 3833 1145 3891 alia
1208 3833 1705 3906 obversabantur,
1775 3837 1843 3892 ut
1897 3828 2165 3892 νεέσθων
2226 3853 2410 3908 supra
2468 3835 2547 3891 74
2608 3837 2670 3892 et

340 3908 611 3994 εὐχωλὴν
657 3949 736 3961 -—
780 3915 1059 3975 λίποιτε
1103 3949 1188 3959 -
1222 3911 1469 3993 Ἑλένην
1515 3919 1564 3974 Β
1612 3918 1753 3979 176.

510 4002 672 4062 Num
715 4003 872 4063 idem
914 4003 1380 4075 contaminator,
1428 4021 1604 4078 quem
1649 4021 1771 4060 non
1815 4001 2024 4061 dubito
2069 4002 2433 4062 Pisistrateis
2478 4004 2669 4063 multo

339 4087 739 4163 antiquiorem
782 4089 994 4158 fuisse,
1045 4088 1228 4146 etiam
1277 4088 1609 4148 136—138
1656 4085 1997 4160 intruserit,
2045 4106 2168 4146 non
2212 4087 2667 4148 adfirmaverim.

340 4170 495 4230 Nam
541 4173 733 4231 multo
778 4172 1063 4232 crassiore
1107 4172 1356 4231 artificio
1402 4172 1527 4232 fere
1571 4191 1645 4231 ex
1690 4173 2027 4231 253-255

508 4281 745 4370 αὐτὰρ
784 4282 1273 4368 Ἀλέξανδρος
1317 4286 1441 4350 καὶ
1483 4284 1892 4368 ἆρηίφιλος
1940 4285 2337 4362 Μενέλαος

512 4394 801 4518 μακρῖς
847 4371 1177 4473 ἐγχείῃσι
1219 4371 1631 4452 μαχήσοντ’
1674 4369 1867 4450 ἆμφὶ
1908 4372 2178 4453 γυναικί·

510 4465 603 4542 τῷ
650 4459 687 4519 δ
783 4479 857 4518 κε
902 4474 1292 4536 νικησαντι
1332 4459 1487 4538 γυνὴ
1531 4456 1633 4518 καὶ
1674 4454 1939 4538 κτήμαθ’
1987 4454 2183 4518 ἕποιτο
