3132 5129
1275 376 1566 443 -369
1656 414 1729 427 —

593 567 667 577 —
758 565 838 575 —-
926 566 1009 575 —
1097 528 1261 591 ἐπεί
1301 531 1380 610 ρὀἷ
1424 532 1488 589 οἵ
1524 531 1728 594 αλλοτε
1770 528 1878 611 μέν
1920 554 2038 592 που

587 611 720 676 ἰθὺ
763 614 976 693 βέλος
1020 614 1318 694 πεπότητο
1363 612 1442 675 δι’
1491 613 1664 694 ἠέρος
1708 614 1915 678 ἄλλοτε
1959 612 2019 676 δ’
2067 609 2210 677 αὖτε

584 697 949 781 ἆλγινόεντες
991 698 1270 773 ἄκοντες·
1320 695 1416 761 ἐπ’
1462 698 1622 761 α’λλω
1668 697 1726 761 δ’
1774 697 1951 762 αλλον
1998 699 2235 779 ἔπεφνε.

335 822 470 882 Scio
521 822 759 898 quidem
816 813 1027 899 βέλος
1079 842 1188 897 per
1231 840 1292 880 se
1338 823 1571 897 saepius
1615 823 1771 899 apud
1818 821 2105 892 Quintum
2151 823 2525 898 sagittam
2568 823 2664 880 de-

333 909 598 984 signare3
666 907 742 966 cf.
792 906 904 980 VI,
953 909 1095 965 361.
1145 908 1289 966 530.
1357 907 1469 982 XI,
1532 908 1676 967 370.
1725 909 1868 966 495.
1956 908 2042 965 At
2086 907 2142 965 h.
2189 907 2226 963 1.
2274 908 2665 983 suspicionem

334 995 536 1052 movet
590 996 652 1050 et
708 992 1026 1067 singularis
1080 1009 1203 1050 non
1259 991 1361 1049 ille
1416 993 1560 1051 satis
1617 993 1970 1051 conveniens
2027 992 2301 1068 sequenti
2346 992 2562 1068 plurali
2609 996 2668 1050 et

329 1078 482 1136 illud
537 1072 670 1133 ἰθύ
724 1076 798 1134 ad
856 1076 1015 1151 quod
1071 1095 1140 1155 ex
1183 1076 1501 1136 Homerica
1555 1077 1982 1137 consuetudine
2026 1076 2251 1152 aliquid
2298 1076 2670 1135 desideratur
2750 1105 2757 1110 ⁴

333 1180 450 1238 quo
497 1163 785 1220 directe
849 1160 1111 1220 delatum
1155 1161 1234 1220 sit
1275 1162 1484 1220 telum.
1575 1161 1655 1221 Et
1696 1162 1936 1220 videtur
1978 1162 2090 1220 hoc
2134 1156 2267 1218 ἰθύ
2309 1180 2428 1221 non
2474 1163 2667 1221 solum

333 1247 408 1305 ad
454 1247 778 1323 sagittas
823 1240 1027 1305 verum
1074 1247 1255 1314 etiam
1286 1246 1362 1304 ad
1391 1247 1640 1306 iacula
1671 1247 2047 1305 referendum
2078 1264 2240 1305 esse:
2291 1246 2502 1321 Itaque
2532 1245 2667 1305 vide

335 1351 410 1391 an
454 1332 550 1390 hic
592 1346 829 1408 quoque
873 1329 1099 1407 aliquid
1146 1330 1301 1389 desit
1344 1331 1562 1390 veluti:

592 1483 667 1492 —
757 1484 838 1491 —
932 1481 1002 1492 —
1096 1442 1226 1505 ἐπεί
1266 1442 1342 1527 ῥά
1386 1447 1458 1507 οἷ
1495 1445 1787 1529 (ἕρκεος
1831 1445 2029 1525 αἰεὶ>

590 1530 701 1594 ἰθὺ
746 1530 915 1611 βέλος
961 1528 1253 1609 πεπότητο
1301 1524 1383 1591 δι’
1430 1526 1681 1611 ἠέρος,
1726 1532 1985 1593 ἄλλοτε
2028 1530 2162 1609 μέν
2203 1553 2346 1592 που

594 1616 734 1720 (ἰοὶ
776 1612 917 1677 ἆπό
964 1626 1279 1722 νευρῆφι
1323 1616 1818 1699 πολύστονοι)
1860 1614 2124 1678 αλλοτε
2170 1608 2227 1674 δ’
2277 1609 2453 1677 αὖτε

587 1694 952 1784 ἆλγινόεντες
994 1725 1242 1803 aaron&
1288 1708 1398 1765 etc.

509 1789 664 1849 Tum
710 1810 764 1850 v.
810 1791 966 1865 452,
1015 1791 1117 1867 qui
1162 1791 1225 1849 in
1269 1789 1407 1853 ΑΜ.
1455 1792 1541 1850 sic
1586 1790 1840 1867 legitur:
1928 1846 1935 1849 „

591 1904 941 1988 λευγαλέην·
988 1905 1302 1983 σφετέρου
1346 1906 1639 1985 καρήατος
1682 1896 1806 1986 ἠδὲ
1850 1904 1972 1965 καὶ
2019 1903 2240 1983 ἄλκαρ,

337 2032 400 2088 et
442 2031 645 2088 contra
688 2047 783 2087 me
829 2030 929 2104 qui
975 2030 1120 2087 olim
1165 2028 1247 2087 in-
1273 2029 1598 2088 emendatt.
1632 2048 1691 2104 p.
1726 2030 1845 2087 247
1894 2024 2106 2104 ἕρκος
2152 2023 2228 2086 δὲ
2275 2023 2567 2102 καρήατος
2610 2021 2668 2102 ἠ.

338 2134 396 2172 κ.
440 2109 499 2173 ἄ.
547 2115 768 2173 conieci
815 2118 877 2172 et
922 2117 1131 2173 contra
1177 2112 1554 2190 Spitznerum
1600 2115 1700 2188 qui
1749 2114 1810 2172 in
1838 2113 2175 2173 observatt.
2224 2134 2277 2188 p.
2332 2113 2667 2170 273-275

337 2198 933 2258 Rhodomannianum
991 2194 1278 2272 σφετέρου
1333 2193 1412 2257 δὲ
1467 2218 1522 2257 κ.
1583 2194 1893 2273 ἔμμεναι
1949 2194 2145 2274 ἄλκαρ
2202 2198 2469 2255 defendit
2511 2199 2669 2255 recte

338 2283 721 2343 Hermannus
764 2284 996 2342 monuit
1025 2284 1066 2345 1.
1097 2302 1149 2342 c.
1182 2304 1241 2359 p.
1269 2284 1389 2343 267
1423 2302 1628 2343 verum
1663 2283 2029 2359 Scaligerum
2060 2282 2280 2342 vidisse
2312 2282 2413 2357 qui
2447 2282 2669 2356 scripto

340 2364 691 2444 σφετέροιο
736 2370 874 2426 ante
918 2368 979 2426 id
1024 2387 1353 2443 pronomen
1397 2368 1805 2427 adnotaverit:
1855 2367 2197 2426 AEIHEI.

507 2453 817 2512 Postremo
860 2454 926 2511 in
969 2452 1078 2512 hoc
1122 2454 1276 2512 libro
1308 2452 1533 2512 Pauwii
1578 2452 1766 2528 probo
1812 2451 2095 2512 iudicium
2127 2452 2227 2527 qui
2261 2454 2400 2526 post
2432 2468 2664 2511 versum

340 2539 494 2613 481,
541 2539 643 2614 qui
686 2539 749 2597 in
795 2537 1015 2597 Aldina
1059 2538 1145 2598 ita
1187 2537 1529 2615 legebatur·

589 2645 720 2715 οὐδ
770 2677 888 2736 αρα
929 2655 1232 2734 μαψιδίως
1276 2649 1530 2735 χαμαδις
1574 2653 1783 2716 πέσεν·
1833 2649 2013 2715 ἆλλά
2058 2677 2183 2732 μιν
2226 2653 2437 2727 ὄντα,

341 2795 523 2835 unum
569 2795 803 2836 versum
851 2777 1221 2836 intercidisse
1264 2781 1441 2852 putat
1483 2779 1546 2836 in
1589 2795 1708 2851 quo
1752 2795 1968 2835 nomen
2013 2779 2074 2834 et
2119 2775 2384 2836 condicio
2415 2776 2670 2835 hominis

341 2863 427 2919 ita
472 2864 542 2919 ut
584 2882 692 2937 par
735 2867 864 2921 erat
906 2862 1496 2921 commemorabatur.
1553 2862 1777 2920 Tamen
1821 2862 1915 2922 vel
1948 2863 2032 2921 sic
2062 2861 2509 2920 rescribendum
2544 2879 2670 2919 esse

340 2966 475 3005 cum
521 2946 948 3006 Rhodomanno
995 2943 1345 3003 Μένοντα
1390 2947 1482 3007 vel
1528 2942 1891 3004 Μέδοντα
1934 2948 2205 3022 apparet.

512 3029 701 3091 Venio
748 3032 822 3090 ad
866 3031 1378 3091 duodecimum
1422 3032 1726 3091 librum.
1786 3031 1879 3089 Ibi
1926 3052 1984 3092 v.
2020 3033 2094 3089 71
2124 3050 2209 3106 sq.
2242 3030 2671 3106 Neoptolemus

341 3115 630 3175 ferociens
675 3116 816 3177 haec
858 3117 1071 3176 iactat:

595 3268 693 3339 -ἱ
719 3227 886 3378 Ἕόνφ
929 3231 1041 3314 γὰρ
1085 3231 1280 3294 ἔοικεν
1320 3228 1591 3314 ἀριστέας
1638 3231 1883 3310 ἔμμεναι
1926 3229 2156 3314 ἄνδρας
2707 3254 2774 3301 24

597 3340 699 3378 και
779 3341 846 3398 ορ
875 3365 890 3379 .

345 3437 503 3497 Haec
546 3441 596 3498 si
641 3444 802 3499 recte
831 3438 1055 3499 habent
1084 3441 1306 3499 debent
1335 3442 1421 3499 ita
1450 3441 1813 3517 explicari2,
1820 3439 2114 3514 ,labore
2145 3439 2331 3498 enim
2364 3442 2436 3497 et
2465 3438 2586 3496 has
2602 3443 2673 3496 ta

344 3524 557 3584 decet
600 3526 801 3584 viros
848 3544 1006 3584 esse
1052 3525 1485 3601 primores&
1529 3527 1616 3584 ita
1660 3529 1729 3582 ut
1770 3519 2045 3598 ἀριστέας
2093 3543 2224 3583 cum
2272 3524 2451 3583 verbo
2498 3519 2672 3597 ἔμμε-

345 3629 444 3666 ναι
474 3611 774 3686 iungatur.
823 3610 1174 3685 Elegantius
1206 3616 1364 3669 certe
1395 3612 1729 3685 scripsisset
1757 3603 2031 3682 αριστέας
2062 3603 2264 3685 ἔμμεν’
2294 3599 2670 3685 αρίστους.

346 3693 464 3753 Sed
521 3696 707 3754 multo
762 3694 1104 3753 credibilius
1157 3695 1321 3753 nulla
1375 3713 1519 3755 voce
1563 3699 1792 3753 mutata
1850 3691 1884 3751 ἔ
1891 3715 2026 3770 μμε
2046 3715 2165 3753 ναι
2223 3695 2495 3769 iungitur
2539 3711 2674 3751 cum

342 3803 380 3838 α
361 3775 627 3854 ”νὸρας
673 3781 768 3838 ita
803 3783 873 3837 ut
915 3779 1091 3838 huius
1135 3780 1464 3838 sententiae
1511 3797 1717 3838 versus
1762 3780 1843 3838 sit
1886 3781 2171 3839 omissus:

597 3912 682 3922 —
766 3876 933 3959 πόνῳ
975 3901 1086 3957 γαρ
1134 3900 1328 3939 εοικεν
1368 3872 1643 3951 ἀριστέας
1688 3875 1998 3956 ἐμμενὲς
2041 3875 2192 3937 αἰεὶ

598 3959 1081 4109 <λὶαιὲνίὸσσοι
1128 3985 1433 4023 επονται
1478 3954 1866 4043 αρίστους>
1911 3961 2234 4040 ἔμμεναι
2277 3959 2561 4041 ἄνδρας

599 4072 676 4109 κα
783 4071 851 4128 ορ

473 4185 486 4192 ·
515 4171 603 4230 De
648 4170 985 4230 Laocoonte
1029 4172 1144 4229 iam
1189 4173 1492 4230 occaecato
1534 4170 1679 4229 haec
1722 4171 2009 4245 leguntur
2053 4188 2110 4228 v.
2143 4167 2265 4225 444
2293 4188 2421 4244 sqq.

604 4268 900 4332 Λαοκόων
945 4266 1004 4331 δ’
1055 4263 1136 4331 ἔτ’
1187 4268 1429 4348 ἔμιμνεν
1473 4267 1815 4344 ἐποτρύνων
1861 4263 2157 4343 ἕταροισιν

600 4355 789 4418 ιππον
831 4349 1167 4431 ἀμαλδῦναι
1209 4360 1440 4438 μαλεροῖ
1485 4355 1656 4452 πυρί·
1707 4376 1793 4412 τοι
1841 4351 1908 4413 δέ
1949 4354 2012 4413 οἵ
2048 4375 2178 4413 ουτι

602 4435 914 4521 πείθοντ’,
959 4437 1289 4502 αθανοὲτων
1331 4439 1444 4522 γὰρ
1491 4431 1961 4521 ὑποτρομέεσκον
2004 4434 2288 4515 ὁμοκλήν.

453 4547 698 4601 Keemy,
728 4552 787 4593 se
789 4550 961 4590 ιιιίαοιι
934 4563 976 4590 ιι.
1016 4551 1055 4589 1
2209 4543 2275 4591 24
