3132 5129
1380 378 1791 443 „53-

413 542 847 614 proponantur.
937 536 1082 596 Eius
1139 537 1276 595 libri
1337 536 1528 610 prima
1585 540 1756 612 parte
1812 540 1873 596 et
1914 537 2331 612 antiquissima
2374 539 2645 612 tempora
2689 541 2752 597 et

417 619 790 685 Homericam
840 624 1094 683 aetatem
1141 620 1637 695 comprehendam
1683 622 1796 695 ita,
1845 625 1912 681 ut
1953 641 2075 681 non
2120 622 2345 693 solum,
2407 641 2559 696 quae
2618 643 2752 682 mea

411 710 494 768 sit
537 708 609 767 de
654 708 745 767 his
789 707 966 766 rebus
1014 706 1450 766 obscurissimis
1494 707 1866 782 maximeque
1911 706 2106 765 dubiis
2148 707 2477 777 sententia,
2523 708 2751 783 simpli·

414 795 561 853 citer
604 796 892 869 perpetua
922 792 1189 851 oratione
1220 810 1527 867 exponam,
1575 793 1675 851 sed
1709 790 1889 851 etiam
1920 791 2370 850 Homericorum
2403 794 2751 865 carminum,

412 879 616 953 qualia
673 878 816 936 mihi
876 877 1115 952 quidem
1178 878 1372 936 soluta
1414 876 1621 936 Iliadis
1678 880 1861 953 atque
1907 876 2210 952 Odysseae
2253 895 2536 953 compage
2578 878 2752 936 resti-

318 963 379 1009 13
412 962 637 1021 tuenda
681 962 976 1034 videntur,
1025 962 1349 1038 propriam·
1372 965 1650 1020 naturam
1706 966 1888 1038 atque
1932 963 2218 1021 virtutem
2265 980 2439 1036 quam
2485 962 2750 1022 luculen-

412 1048 642 1106 tissime
686 1051 897 1122 potero
928 1048 1238 1122 explicem,
1285 1048 1518 1105 solutus
1549 1047 1714 1105 omni
1749 1047 2282 1106 controversiarum
2313 1049 2491 1121 atque
2523 1048 2753 1122 discep—

413 1132 708 1190 tationum
754 1151 951 1190 onere.
1022 1130 1245 1190 Verum
1292 1133 1449 1189 enim
1493 1150 1634 1190 vero
1679 1134 1961 1207 quoniam
1991 1151 2060 1190 ea
2089 1131 2416 1190 carminum
2445 1133 2751 1191 restitutio

411 1215 738 1278 verendum
808 1220 902 1275 est
971 1235 1046 1274 ne
1099 1217 1277 1274 nimis
1334 1234 1404 1273 ex
1463 1216 1698 1290 tripode
1754 1217 1946 1275 edicta
2001 1222 2062 1275 et
2116 1216 2284 1291 quasi
2339 1234 2445 1291 pro
2502 1217 2752 1291 imperio

412 1302 798 1376 pronuntiata
841 1301 1140 1370 videatur,
1202 1301 1263 1357 in
1309 1301 1791 1376 supplementum
1835 1302 2105 1377 poeticae
2149 1302 2311 1359 illius
2356 1302 2751 1361 enarrationis

412 1386 506 1444 his
569 1385 688 1443 iam
734 1385 1256 1445 dissertationibus
1301 1387 1535 1444 criticas
1581 1378 1849 1445 breviter
1892 1383 2185 1461 exponere
2229 1386 2428 1460 placet
2469 1387 2750 1458 rationeS,

411 1471 650 1545 quibus,
696 1475 765 1529 ut
808 1471 1068 1529 carmina
1111 1469 1222 1528 hoc
1267 1489 1381 1544 quo
1430 1470 1541 1528 feci
1589 1471 1763 1530 modo
1810 1472 2223 1546 disposuerim,
2269 1469 2565 1529 adductus
2595 1490 2747 1529 sum.

410 1555 484 1614 In
528 1574 599 1613 ea
643 1559 844 1614 autem
887 1573 951 1612 re
995 1554 1278 1614 versabor
1321 1555 1430 1627 ita,
1490 1558 1560 1613 ut
1605 1555 1829 1631 ubique
1868 1555 2324 1615 Lachmanni
2373 1555 2747 1627 „considera-

413 1639 669 1711 tiones“,
718 1659 862 1715 quas
907 1639 1050 1699 satis
1097 1639 1201 1696 diu
1246 1640 1425 1716 vulgo
1470 1641 1774 1716 neglectas
1805 1660 1856 1698 a.
1890 1638 2314 1699 MDCCCXLV
2345 1640 2406 1697 in
2452 1644 2746 1699 conventu

413 1722 851 1799 philologorum
879 1723 1349 1783 Darmstadiensi
1374 1744 1408 1781 a
1430 1745 1523 1783 me
1554 1726 1812 1801 primum
1841 1726 2141 1800 publicam
2166 1726 2227 1783 in
2255 1724 2747 1799 disceptationem

413 1810 652 1867 vocatas
696 1828 822 1868 esse
864 1809 1160 1884 hodieque
1204 1809 1461 1885 gaudeO,
1521 1829 1629 1885 pro
1687 1810 2074 1869 fundamento
2120 1809 2539 1885 disputationis
2585 1828 2748 1868 meae

409 1893 679 1965 habeam,
725 1897 786 1953 et
830 1912 1217 1969 quaecunque
1261 1894 1546 1969 principis
1593 1896 1782 1954 critici
1826 1896 2098 1953 acumine
2143 1895 2261 1952 iam
2305 1894 2379 1952 ad
2409 1892 2586 1952 finem
2617 1914 2748 1970 per-

412 1977 589 2035 ducta
633 1982 789 2050 sunt,
832 1999 905 2037 ea
951 1978 1302 2054 simpliciter
1346 1980 1600 2059 repetita
1631 1981 1956 2051 adsumam,
2002 1980 2103 2038 ubi
2135 1999 2276 2038 vero
2310 1997 2345 2035 a
2375 1979 2490 2037 viri
2523 1982 2741 2038 summi

409 2062 764 2122 auctoritate
832 2063 1305 2122 dissentiendum
1362 2065 1505 2123 mihi
1563 2065 1827 2139 videtur,
1886 2065 1968 2123 ibi
2030 2083 2188 2123 meas
2240 2064 2500 2122 rationes
2557 2063 2747 2122 fusius

409 2147 723 2222 explicem,
767 2149 840 2206 ab
884 2149 1292 2225 impugnando
1336 2152 1536 2208 autem
1586 2150 1713 2225 ipso
1746 2149 2123 2209 Lachmanno
2155 2168 2276 2207 non
2319 2148 2518 2206 minus
2565 2169 2744 2225 quam

409 2232 485 2290 ab
534 2232 868 2293 adferendis
913 2234 1166 2292 aliorum
1195 2234 1662 2309 refutandisque,
1712 2254 1863 2311 quae
1893 2235 2039 2293 mihi
2069 2254 2189 2295 non
2221 2232 2568 2310 probantur,
2613 2253 2746 2293 sen-

410 2317 648 2389 tentiis,
710 2320 775 2377 si
818 2320 1058 2394 quidem
1120 2321 1244 2377 ullo
1297 2320 1358 2378 id
1415 2320 1591 2378 modo
1648 2319 1863 2377 evitari
1918 2321 2164 2394 poterit,
2225 2320 2347 2378 fere
2392 2317 2744 2377 abstineam.

409 2403 526 2461 Res
582 2403 803 2461 etenim
859 2406 921 2462 in
975 2404 1333 2463 eiuscemodi
1394 2404 1843 2479 quaestionibus
1900 2405 2042 2463 haec
2102 2407 2224 2476 est,
2284 2406 2353 2461 ut
2394 2405 2458 2461 et
2499 2403 2745 2475 veritas,

408 2487 511 2546 ubi
557 2488 743 2546 semel
787 2487 1029 2547 inventa
1073 2490 1269 2560 fuerit,
1316 2508 1423 2547 sua
1453 2490 1641 2564 ipsius
1675 2490 1730 2547 vi
1761 2508 2019 2548 errorem
2052 2491 2144 2548 vel
2177 2488 2744 2548 inveteratissimum

408 2576 660 2644 evertat,
709 2576 769 2632 et
810 2574 1160 2633 commissus
1206 2576 1311 2632 aut
1353 2575 1643 2648 repetitus
1691 2593 1851 2632 error
1908 2575 2143 2634 facilius
2206 2575 2525 2651 detegatur
2584 2593 2741 2633 com-

410 2657 761 2732 modiusque
815 2659 1200 2729 discutiatur,
1260 2659 1310 2716 si
1364 2658 1560 2717 missis
1621 2659 1874 2717 aliorum
1921 2660 2322 2735 opinionibuS,
2373 2679 2524 2737 quae
2570 2681 2604 2717 a
2649 2680 2744 2717 mo

408 2742 713 2816 proposita
738 2742 978 2813 fuerint,
1003 2761 1109 2817 per
1131 2761 1192 2800 se
1225 2740 1353 2800 sola
1378 2742 1727 2803 Homericae
1749 2744 2018 2803 lectionis
2049 2746 2278 2804 trutina
2308 2744 2740 2805 examinentur.

576 3013 708 3086 His,
757 3033 906 3088 quae
935 3015 1266 3074 necessario
1297 3016 1734 3089 praemittenda
1765 3016 2136 3088 videbantur,
2181 3017 2473 3077 absolutis
2516 3018 2632 3075 iam
2664 3018 2738 3075 ad

406 3117 528 3157 rem
561 3099 750 3173 ipsam
795 3098 1006 3157 accedo
1052 3100 1255 3158 statim
1301 3118 1337 3157 a
1380 3101 1618 3175 prima
1661 3102 1980 3176 rhapsodia
2022 3102 2260 3160 initium
2307 3101 2593 3162 facturus.
2669 3103 2740 3160 In

406 3202 476 3241 ea
530 3183 980 3241 Lachmannum
1037 3187 1272 3243 constat
1328 3204 1387 3260 p.
1435 3185 1597 3244 4-7
1644 3189 1781 3262 post
1836 3188 2147 3261 primum
2203 3205 2441 3246 carmen
2490 3187 2734 3246 1—-347

406 3267 550 3325 duas
620 3268 938 3327 secrevisse
992 3269 1583 3341 «continuationes»,
1640 3272 1900 3346 priorem
1955 3272 2290 3332 430—492
2347 3267 2734 3347 posteriorem

409 3352 762 3410 348—429.
810 3354 1179 3427 493—611,
1238 3374 1488 3430 quarum
1533 3355 1635 3414 illa
1678 3357 1976 3430 copulatis
2021 3356 2292 3416 versibus
2338 3359 2460 3416 348
2506 3360 2568 3415 et
2611 3358 2737 3416 430

611 3481 614 3485 ’
658 3463 697 3547 ἡ
744 3461 801 3526 δ’
847 3460 1086 3529 ἆκέουσ’
1131 3467 1259 3547 ἅμα
1304 3476 1455 3532 τοῖσι
1496 3468 1645 3553 γυνὴ
1691 3472 1852 3534 κίεν·
1897 3460 2083 3552 αὐτὰρ
2121 3467 2439 3545 Ὀδυσσεὺς

405 3593 509 3648 aut
553 3594 613 3649 et
656 3590 785 3664 ipsa
827 3589 1007 3666 primi
1036 3592 1315 3651 carminis
1346 3611 1488 3668 pars
1520 3593 1689 3653 initio
1721 3594 1903 3653 fuerit
1930 3596 2035 3652 aut
2066 3594 2117 3652 ei
2148 3593 2395 3652 carmini
2424 3593 2736 3667 aptissime

403 3673 720 3748 habitaque
775 3674 997 3734 indolis
1053 3675 1179 3735 eius
1236 3678 1466 3736 ratione
1522 3679 1750 3738 adnexa
1806 3680 1913 3755 sit,
1972 3697 2103 3738 cum
2161 3679 2301 3737 haec
2360 3681 2423 3736 et
2464 3697 2498 3735 a
2540 3678 2735 3752 primo

405 3759 662 3817 carmine
695 3762 757 3817 et
788 3779 821 3816 a
851 3760 1047 3833 priore
1077 3761 1523 3822 continuatione
1554 3768 1799 3840 propter
1830 3764 2116 3840 temporis
2146 3765 2325 3838 atque
2356 3763 2469 3821 loci
2500 3765 2736 3838 apertas

404 3844 825 3919 discrepantias
872 3845 1194 3919 separanda
1238 3848 1336 3905 sit.
1413 3847 1495 3906 Et
1522 3847 1635 3907 hoc
1678 3851 1916 3925 quidem
1961 3848 2241 3908 iudicium
2288 3866 2408 3907 non
2453 3866 2602 3921 opus
2641 3851 2736 3907 est

402 3929 672 4002 pluribus
742 3928 1025 3987 fulciatur
1089 3935 1301 3990 contra
1369 3933 1751 4008 longissimas
1817 3935 2285 4009 vanissimasque
2360 3933 2730 4008 quorundam

402 4013 838 4089 argutationes,
898 4017 1247 4089 praesertim
1304 4036 1437 4076 cum
1493 4017 1702 4076 eodem
1746 4021 2012 4093 tempore
2057 4018 2385 4076 Naekius
2430 4018 2523 4075 vir
2567 4037 2733 4093 saga-

407 4098 679 4156 cissimus
724 4098 933 4157 iisdem
980 4100 1102 4158 fere
1148 4119 1290 4160 usus
1333 4102 1669 4161 rationibus
1698 4103 1944 4162 eandem
1973 4102 2349 4177 proposuerit
2376 4103 2732 4161 sententiam

404 4183 467 4241 in
525 4182 943 4242 dissertatione
998 4185 1214 4245 scholis
1272 4187 1513 4246 aestivis
1570 4207 1622 4245 a.
1674 4189 1834 4246 1838
1879 4189 2229 4263 praemissa,
2274 4206 2424 4262 quae
2467 4205 2625 4246 nunc
2667 4187 2731 4245 in

406 4267 824 4342 opusculorum
878 4269 994 4327 v'ol.
1043 4269 1071 4327 1
1116 4290 1173 4345 p.
1221 4272 1555 4331 263—271
1619 4272 1856 4347 legitur.
1949 4273 2312 4348 Quamquam
2371 4273 2547 4330 etiam
2617 4272 2734 4329 alia

404 4352 597 4410 afferri
643 4356 944 4428 poterunt,
990 4357 1058 4412 ut
1100 4354 1348 4415 Iunonis
1392 4374 1646 4432 persona
1674 4356 1927 4414 multum
1960 4357 2066 4415 illa
2096 4357 2156 4416 in
2187 4361 2439 4430 utroque
2470 4357 2729 4416 carmine

304 4444 369 4493 14
402 4437 651 4500 diversa.
722 4437 813 4496 De
842 4438 1039 4512 priore
1072 4457 1213 4499 vero
1245 4442 1698 4500 continuatione
1727 4441 1903 4514 paulo
1933 4442 2175 4516 aequius
2206 4440 2461 4501 sensisse
2492 4440 2732 4501 videtur
