3132 5129
1284 414 1742 480 —211-

347 574 717 635 Nitzschium
775 576 1039 650 aliosque
1087 574 1248 633 facili
1295 575 1537 650 negotio
1597 574 1996 633 demonstrari
2056 575 2272 650 possit,
2329 594 2450 634 non
2507 575 2684 634 unius

346 660 792 735 interpolatoris
856 659 1225 719 tessellatum
1295 677 1472 735 opus,
1542 659 1645 718 sed
1701 659 1819 717 tria
1874 678 1983 719 nos
2037 660 2134 719 hic
2192 660 2408 719 habere
2465 658 2687 719 diversi

344 746 581 821 generis
639 749 702 805 et
756 745 971 804 coloris
1028 744 1367 821 fragmenta
1422 743 1496 801 ad
1556 762 1649 804 res
1692 744 1911 803 inferas
1958 745 2319 820 spectantia,
2378 763 2528 819 quae
2573 744 2689 802 alia

343 826 586 889 aliunde
647 830 1001 905 deprompta
1055 829 1129 887 ab
1185 829 1506 887 hodiernae
1554 826 1855 904 Odysseae
1911 830 2330 888 concinnator-e
2386 830 2534 888 satis
2578 830 2688 887 im·

348 918 606 989 portune
653 915 1008 989 interposita
1051 917 1220 972 sunt:
1267 912 1549 972 Hesiodei
1595 917 1806 988 poetae
1850 914 2191 973 nominibus
2230 916 2465 971 tantum
2496 913 2687 973 brevi-

347 1017 460 1074 que
503 1000 666 1058 vitae
712 998 1106 1057 delineatione
1150 998 1415 1057 contenti
1449 1000 1543 1056 est
1573 997 1878 1074 catalogus
1909 998 2229 1056 mulierum
2258 1000 2290 1055 λ
2321 998 2688 1074 225-327;

346 1083 498 1142 alius
556 1087 732 1159 poeta
793 1087 915 1141 tres
970 1083 1179 1142 heroes
1224 1083 1542 1157 descripsit
1586 1082 1845 1142 Minoem
1888 1082 2139 1142 iudicem
2186 1081 2467 1143 Orionem
2512 1102 2688 1141 vena-

345 1174 540 1227 torem
574 1188 633 1227 v.
667 1169 1002 1227 568—575
1036 1171 1098 1226 et
1139 1167 1458 1225 Herculem
1502 1171 1907 1227 monstrorum
1951 1166 2292 1244 sagittando
2338 1169 2688 1225 extermina-

352 1255 542 1311 torem
587 1272 647 1312 ν.
694 1253 835 1312 601.
886 1252 1241 1311 605-611.
1289 1252 1411 1311 613
1444 1270 1530 1326 sq.
1578 1253 1763 1311 vitam
1818 1253 1881 1311 in
1938 1252 2116 1311 terris
2162 1256 2355 1310 actam
2400 1251 2556 1326 apud
2601 1253 2688 1310 in-

348 1337 504 1396 feros
576 1336 787 1396 eodem
854 1355 1021 1395 more
1086 1336 1381 1411 modoque
1456 1337 1902 1412 continuante83
1969 1337 2187 1396 tertius
2248 1335 2552 1394 doctrinae
2620 1336 2692 1395 de

343 1421 570 1480 talione
633 1422 870 1481 divinae
928 1420 1193 1480 iustitiae
1249 1421 1427 1480 etiam
1484 1421 1547 1479 in
1604 1426 1870 1481 mortuos
1923 1421 2180 1481 efficacis
2234 1419 2451 1479 vindex
2504 1422 2690 1479 trium

345 1507 775 1565 sceleratorum
836 1507 1128 1582 imagines
1200 1505 1468 1563 exhibuit
1520 1506 1717 1565 varias
1775 1526 1883 1582 pro
1938 1508 2120 1567 variis
2178 1505 2413 1564 delictis
2470 1524 2690 1581 poenas

341 1592 641 1650 luentium
685 1611 745 1650 v.
792 1592 1148 1652 576—600.
1237 1590 1507 1649 Alterius
1562 1593 1775 1664 poetae
1830 1592 2170 1668 fragmento
2227 1590 2301 1648 ab
2357 1591 2488 1665 ipso
2534 1588 2690 1650 Ono·

343 1676 592 1735 macr-ito
637 1674 1052 1735 celeberrimos
1099 1678 1220 1734 tres
1264 1694 1472 1733 versus
1505 1676 1861 1750 602-604,
1909 1694 2028 1734 non
2057 1694 2244 1734 unum
2276 1677 2512 1733 tantum
2545 1676 2685 1750 604,

343 1762 691 1820 interiectos
737 1778 868 1819 esse
912 1777 1086 1818 nemo
1117 1758 1290 1817 bodie
1320 1760 1535 1834 nescit3
1583 1760 1848 1837 vulgaris
1878 1760 2322 1835 interpolatoris
2353 1762 2447 1818 est
2476 1779 2531 1818 v.
2566 1760 2687 1819 612

346 1864 416 1903 ex
443 1845 693 1904 Hesiodi
739 1844 1118 1921 Theogoniae
1163 1863 1218 1902 v.
1253 1845 1374 1902 228
1419 1845 1842 1920 transcriptum
1889 1845 1993 1904 sed
2037 1864 2094 1904 v.
2130 1845 2466 1904 615—627
2500 1844 2688 1920 ipsius

344 1928 784 1988 concinnatoris
839 1933 985 2004 puto
1042 1947 1171 1988 esse
1226 1927 1500 1987 Herculis
1559 1930 1827 1989 oratione
1884 1929 2135 1988 alienam
2203 1930 2388 1987 trium
2446 1928 2685 1988 illorum

345 2015 818 2091 fragmentorum
861 2014 1075 2072 molem
1123 2016 1281 2071 certe
1326 2012 1526 2087 aliqua
1570 2014 1802 2074 ratione
1831 2016 2125 2091 genuinae
2151 2014 2415 2089 Necyiae
2445 2013 2701 2089 adapta--

347 2100 495 2173 turi,
541 2098 703 2174 quod
747 2117 856 2173 pro
902 2116 1008 2156 sua
1051 2097 1250 2156 indole
1296 2098 1441 2157 satis
1488 2097 1698 2157 callide
1742 2099 2009 2158 instituit
2052 2094 2327 2158 Herculis
2370 2116 2691 2172 personam

347 2185 559 2259 utpote
625 2182 987 2258 appellando
1047 2182 1211 2241 Ulixi
1277 2181 1948 2243 accommodatissimam
2018 2204 2052 2241 a
2118 2183 2349 2243 duobus
2424 2183 2688 2242 eiusdem

350 2269 590 2344 generis
644 2267 923 2327 heroibus
981 2266 1309 2341 separanda
1361 2270 1538 2342 atque
1591 2272 1730 2343 post
1784 2269 2101 2327 sceleratos
2158 2267 2399 2343 punitos
2454 2266 2691 2325 demum

349 2351 680 2411 inferenda.
755 2352 964 2411 Eidem
995 2370 1135 2410 vero
1180 2351 1586 2411 concinnatori
1630 2353 1776 2428 quin
1819 2355 2015 2412 totum
2057 2351 2207 2410 illud
2247 2354 2480 2428 praeter
2523 2371 2682 2427 egre-

348 2438 482 2513 gios
524 2455 735 2496 versus
781 2436 1116 2496 363—369
1162 2437 1429 2512 ineptum
1474 2436 1839 2512 colloquium
1880 2457 1935 2499 v.
1969 2438 2301 2496 328—386
2348 2436 2688 2495 adscriben-

347 2520 492 2581 dum
535 2522 633 2597 sit,
679 2522 796 2581 iam
842 2539 1019 2596 supra
1062 2539 1119 2596 p.
1155 2521 1275 2581 206
1307 2539 1396 2596 sq.
1442 2520 1746 2581 admonui.

514 2606 714 2665 Pauca
755 2606 976 2683 igitur,
1024 2625 1175 2680 quae
1219 2606 1346 2680 ipse
1391 2607 1622 2680 primus
1668 2607 1911 2681 seclusi,
1958 2606 2139 2682 longa
2183 2606 2690 2665 demonstratione

348 2692 448 2750 vix
477 2694 690 2768 egent:
735 2711 772 2748 κ
802 2690 1161 2749 542—545.
1214 2691 1245 2747 λ
1278 2690 1463 2749 6-8,
1506 2712 1550 2766 μ
1584 2691 1663 2749 23
1698 2711 1828 2767 sqq.
1861 2692 1979 2750 iam
2022 2691 2085 2749 in
2129 2690 2388 2767 genuino
2434 2691 2689 2768 apologo

346 2776 610 2835 adfuisse
654 2776 716 2834 in
763 2775 1083 2850 superioris
1130 2774 1568 2834 dissertationis
1613 2793 1673 2849 p.
1718 2777 1754 2834 6
1786 2795 1875 2851 sq.
1921 2772 2136 2854 [supra
2179 2794 2239 2850 p.
2280 2776 2399 2833 184
2424 2774 2542 2852 sq.]
2591 2776 2688 2834 de-

345 2860 712 2935 monstravi3
759 2880 792 2916 κ
825 2859 1164 2919 539—540
1209 2877 1278 2917 ex
1321 2856 1359 2915 ὃ
1391 2860 1513 2918 389
1545 2878 1631 2935 sq.
1677 2858 1793 2918 huc
1836 2860 2038 2919 illatos
2087 2878 2214 2920 esse
2242 2859 2397 2919 vidit
2438 2859 2685 2919 Brause-

2724 2360 2789 2407 21

347 2948 631 3004 wetterus
675 2964 737 3020 p.
786 2945 864 3003 28
897 2963 1016 3019 sq.;
1060 2945 1092 3000 λ
1128 2945 1374 3002 14-19
1421 2942 1656 3003 doctam
1701 2945 1827 3004 sive
1874 2944 2328 3005 cimmeriorum
2376 2945 2500 3004 sive
2547 2944 2688 3004 Cer·
2758 2953 2773 2966 ’

344 3029 650 3088 beriorum
679 3028 1203 3104 interpolationem
1232 3027 1498 3103 profecto
1542 3029 1797 3087 maxime
1841 3030 2058 3088 mirum
2105 3031 2265 3088 esset
2309 3030 2359 3088 si
2405 3048 2524 3088 non
2568 3030 2687 3088 iam

345 3114 742 3173 Alexandrini
770 3113 1142 3186 reiecissent3
1174 3115 1206 3170 λ
1232 3115 1477 3172 69-71
1512 3116 1678 3173 recte
1704 3132 1898 3189 nuper
1925 3113 2233 3173 damnavit
2260 3112 2309 3174 I.
2340 3114 2425 3172 La
2455 3114 2684 3188 Roche;

341 3202 647 3275 postremo
691 3200 721 3256 λ
743 3198 990 3257 38-43
1022 3215 1107 3271 ec,
1147 3215 1265 3272 quo
1301 3196 1480 3255 hodie
1518 3198 1823 3275 leguntur,
1860 3199 1993 3258 loco
2018 3199 2160 3258 satis
2184 3199 2556 3274 importunos
2578 3217 2686 3257 nec

347 3283 570 3342 iniuria
611 3283 731 3341 iam
777 3282 1315 3341 Alexandrinorum
1361 3280 1548 3340 obelis
1604 3283 1920 3342 transfixos
1963 3284 2026 3342 in
2071 3302 2237 3343 suam
2283 3283 2483 3342 sedem
2528 3285 2687 3341 recte

345 3387 445 3427 me
473 3384 782 3427 revocasse
827 3367 1077 3442 simplex
1124 3364 1340 3441 ipsius,
1388 3384 1506 3440 quo
1550 3367 1793 3443 propria
1835 3368 2062 3444 Necyia
2104 3367 2506 3442 concluditur,
2552 3366 2686 3426 finis

349 3452 533 3512 lectio
576 3470 1074 3527 unumquemque,
1120 3450 1348 3526 opinor,
1395 3449 1660 3511 docebit.

428 3642 466 3680 a
595 3641 678 3690 ως
722 3609 1044 3721 ἐφάμην,
1028 3612 1060 3678 o'
1103 3616 1172 3678 δέ
1211 3613 1276 3694 μ’
1323 3607 1505 3678 οὐδὲν
1546 3614 1838 3695 ἀμείβετο,
1883 3621 1964 3698 βῆ
2009 3617 2075 3678 δὲ
2116 3615 2244 3695 μετ’
2291 3616 2475 3691 ἄλλας
2538 3626 2685 3677 2564

514 3695 717 3804 ψυχὰς
762 3704 845 3774 εἰς
870 3697 1120 3807 Ἔρεβος
1164 3701 1403 3762 νεκύων
1447 3702 1977 3780 κατατεθνηώτων.

429 3810 468 3850 a
596 3782 788 3867 αὐτὰρ
825 3786 987 3884 ἐγών
1029 3782 1221 3847 αὐτοῦ
1264 3783 1450 3862 μένον
1493 3784 1768 3865 ἔμπεδον,
1814 3787 1876 3846 εἴ
1911 3810 1998 3858 τις
2043 3783 2129 3846 ἔτ’
2179 3785 2348 3846 ἔλθοι
2582 3797 2683 3845 628

512 3869 764 3946 ἀνδρῶν
802 3864 1036 3977 ᾑροὶων,
1082 3872 1141 3931 οἳ
1182 3869 1271 3977 δῂ
1307 3869 1374 3931 τὸ
1419 3870 1688 3976 πρόσθεν
1735 3866 1956 3933 ὄλοντο.

428 3980 466 4018 a
594 3958 702 4018 καί
737 3951 816 4018 νύ
860 3953 922 4018 κ’
969 3955 1053 4017 ἔτι
1094 3946 1413 4033 προτέρους
1460 3955 1600 4016 ἴδον
1641 3951 1880 4035 ἀνέρας,
1926 3977 2035 4028 ους
2081 3953 2299 4017 ἔθελόν
2342 3972 2482 4033 περ·

514 4034 666 4101 ἄλλα
709 4041 855 4122 πρὶν
898 4038 993 4102 ἐπὶ
1038 4036 1205 4101 ἔθνε’
1253 4036 1517 4141 ἀγείρετο
1558 4041 1742 4116 μυρία
1787 4051 2046 4121 νεκρῶν·

427 4128 470 4188 b
601 4124 836 4205 νύμφαι
879 4122 933 4188 τ’
967 4119 1187 4230 ἠίθεοί
1223 4147 1303 4204 τε,
1347 4120 1702 4203 πολύτλητοί
1740 4148 1798 4186 τε
1843 4125 2139 4207 γέροντες,
2617 4136 2685 4184 38

515 4211 891 4289 παρθενικαί
930 4204 983 4269 τ’
1030 4206 1242 4272 ἀταλαὶ
1288 4207 1617 4271 νεοπενθέα
1660 4201 1865 4288 θυμὸν
1908 4209 2164 4289 ἔχουσαι,

514 4293 719 4356 πολλοὶ
764 4290 826 4357 δ’
871 4290 1185 4374 οὐταμενοι
1227 4294 1586 4373 χαλκήρεσιν
1631 4294 1919 4401 ἐγχείῃσιν

512 4379 736 4454 ανδρες
778 4377 1122 4459 ἀρηίφατοι,
1165 4377 1578 4459 βεβροτωμένα
1625 4377 1816 4456 τεύχε’
1868 4379 2121 4459 ἔχοντες·

427 4468 470 4527 b
605 4465 666 4524 οἳ
707 4463 912 4526 πολλοὶ
958 4464 1094 4545 περὶ
1135 4460 1372 4545 βόθρον
1416 4463 1672 4542 ἐφοίτων
1715 4461 1978 4526 αλλοθεν
2020 4464 2195 4535 ἄλλος

2184 4569 2286 4617 14*
