3132 5129
1395 373 1849 438 „520-

899 530 1095 609 νώμης
1140 526 1201 589 δ’
1249 526 1540 589 ἄκουσον·
1587 529 1642 589 εἰ
1681 525 2009 609 πρόσαντες
2054 518 2136 604 ἦν
2178 526 2310 587 τόδε

858 613 1175 693 Αρτέμιδι,
1221 624 1347 686 πῶς
1390 609 1476 673 ἄν
1519 613 1745 688 Λοξίας
1791 612 2072 674 ἐθέσπισε

856 700 1098 779 κομίσαι
1140 695 1205 778 μ’
1253 695 1491 778 ἄγαλμα
1536 703 1692 771 θεᾶς
1735 694 1978 777 πόλισμ’
2030 700 2113 770 εἰς
2161 696 2479 769 Παλλάδος

855 784 958 845 καὶ
1003 784 1112 846 σὸν
1152 780 1478 859 πρόσωπον
1521 781 1803 853 εἰσιδεῖνς
1847 805 2085 843 απαντα
2127 781 2240 863 γὰρ

856 869 1102 942 συνθεὶς
1147 864 1284 929 τάδ’
1331 870 1415 941 εἰς
1457 868 1531 929 ’ἓν
1576 861 1789 930 νόστον
1832 866 2041 943 ἐλπίζω
2086 869 2311 947 λαβεῖν.

623 1026 786 1085 Sed
772 1044 834 1085 m
865 1025 1001 1084 his
985 1045 1115 1084 iure
1160 1024 1408 1084 offendit
1438 1024 1846 1101 MusgraviuS,
1895 1024 2061 1084 cuius
2104 1023 2249 1083 haec
2292 1026 2387 1083 est
2425 1026 2596 1083 nota:
2644 1019 2791 1099 „nai

451 1108 562 1170 σὸν
615 1107 934 1188 πρόσωπον
989 1108 1253 1169 εἰσιδεῖν.
1355 1108 1587 1168 Pendet
1642 1109 1715 1167 ab
1774 1104 2071 1168 ἐθέσπισε.
2161 1107 2383 1166 Verum
2437 1128 2514 1168 an
2570 1109 2791 1184 Apollo

454 1196 700 1258 Orestae
756 1197 1117 1256 vaticinatus
1186 1197 1342 1270 erat,
1408 1194 1607 1269 ipsum
1672 1195 1735 1252 in
1793 1194 2047 1254 Taurica
2100 1211 2360 1252 sororem
2416 1193 2792 1270 Iphigeniam

452 1281 766 1343 visurum?
855 1281 940 1339 At
984 1281 1094 1340 hoc
1139 1280 1191 1339 ei
1235 1298 1310 1338 ne
1356 1297 1461 1355 per
1505 1278 1803 1338 somnium
1849 1279 2089 1354 quidem
2134 1280 2196 1337 in
2252 1281 2515 1338 mentem
2560 1280 2791 1337 venisse

454 1371 584 1427 tota
613 1366 853 1426 fabulae
884 1365 1229 1425 oeconomia
1273 1363 1556 1427 declarat.
1634 1365 1732 1422 An
1776 1363 2126 1440 legendum:
2175 1360 2276 1421 καὶ
2319 1359 2429 1422 σὸν
2471 1359 2792 1441 πρόσωπον

451 1443 557 1529 ἦγ’
630 1447 827 1526 ἰδεῖν,
895 1454 957 1510 et
1020 1450 1463 1510 adduxisset
1527 1448 1616 1507 ad
1689 1453 1889 1508 tuam
1958 1449 2228 1508 faciem
2296 1449 2792 1508 intuendam.“

455 1538 626 1597 Hanc
673 1536 914 1613 quidem
958 1536 1355 1594 coniecturam
1401 1552 1609 1609 nemo,
1656 1536 1896 1610 opinor,
1952 1533 2264 1610 probabit3
2322 1533 2425 1593 sed
2469 1534 2652 1594 verba
2694 1532 2795 1592 καὶ

456 1614 568 1679 cdv
623 1617 945 1699 πρόσωπον
998 1617 1239 1679 εἰσιδεῖν
1294 1638 1416 1679 non
1472 1638 1642 1695 posse
1694 1619 1769 1678 ad
1827 1619 2049 1679 oraculi
2103 1621 2520 1695 argumentum
2589 1620 2793 1678 referri

457 1706 763 1766 verissime
793 1705 895 1764 ille
941 1704 1402 1778 demonstravit,
1450 1708 1519 1762 ut
1561 1722 1921 1780 magnopere
1951 1705 2200 1763 mirarer
2231 1703 2563 1762 Seidlerum
2593 1722 2795 1763 errore

457 1810 564 1850 suo
612 1790 822 1849 ceteris
867 1789 1141 1848 omnibus
1185 1790 1489 1864 imponere
1533 1789 1830 1864 potuisse,
1876 1790 1994 1849 nisi
2040 1788 2134 1847 hic
2178 1790 2548 1865 ingeniosam
2580 1790 2795 1847 summi

456 1877 648 1935 nostri
702 1878 914 1950 poetae
968 1876 1158 1932 artem
1215 1875 1277 1932 in
1337 1873 1625 1931 auxilium
1683 1878 1951 1934 vocasset
2006 1874 2270 1933 scribens
2324 1874 2498 1933 haec:
2559 1875 2798 1951 „Supra

460 1981 512 2021 v.
543 1961 624 2020 86
671 1960 742 2019 de
787 1958 1064 2036 Apolline
1111 1956 1382 2018 Orestes:

763 2107 841 2171 σὺ
886 2104 948 2170 δ’
997 2100 1168 2181 εἶπας
1215 2107 1419 2169 ἐλθεῖν
1467 2111 1768 2188 Ταυρικῆς
1812 2104 1877 2185 μ’
1899 2105 2105 2206 ορους
2150 2107 2407 2187 χθονός,

763 2189 902 2256 ἕνθ’
936 2192 1208 2274 Ἀρτεμις
1254 2186 1331 2270 σὴ
1373 2190 1664 2273 σύγγονος
1707 2184 1951 2273 βωμους
1996 2192 2132 2271 ἔχει.

460 2354 597 2412 Non
652 2352 725 2410 de
780 2350 970 2409 nihilo
1023 2350 1118 2408 hic
1173 2349 1405 2409 adiecta
1458 2354 1602 2409 sunt
1654 2349 1837 2409 verba
1890 2344 1965 2423 σὴ
2025 2344 2334 2426 σύγγονος.
2435 2349 2506 2409 In
2560 2351 2801 2410 oraculo

459 2439 681 2495 dictum
728 2435 968 2495 videtur
1021 2434 1177 2494 nude
1234 2430 1390 2493 ἔνθα
1431 2430 1721 2512 σύγγονος
1765 2430 2005 2508 βωμοὺς
2051 2429 2187 2509 ἔχει.
2272 2433 2438 2493 Haec
2496 2439 2627 2493 tum
2671 2436 2802 2510 qui·

398 2532 428 2580 9
460 2522 593 2582 dem
638 2520 880 2582 Orestes
925 2520 1434 2596 interpretabatur
1478 2520 1551 2579 de
1597 2519 1820 2594 Diana,
1883 2519 1987 2579 sed
2032 2519 2150 2578 iam
2194 2518 2388 2594 videt,
2452 2520 2634 2578 etiam
2678 2519 2801 2579 alio

460 2626 636 2667 sensu
679 2606 866 2681 accipi
911 2606 1200 2681 potuisse,
1249 2605 1320 2664 de
1363 2624 1471 2665 sua
1515 2605 1702 2680 ipsius
1747 2623 1965 2666 sorore.
2014 2605 2143 2663 Hac
2186 2604 2390 2663 eadem
2433 2605 2801 2680 amphibolia

462 2694 525 2751 in
569 2691 922 2766 cognomine
968 2690 1172 2749 fabula
1215 2709 1356 2749 usus
1398 2694 1492 2749 est
1535 2689 1825 2749 Goethius
1880 2689 2180 2749 nostras.“
2267 2689 2439 2750 Hanc
2484 2709 2623 2749 vero
2678 2710 2801 2748 am·

463 2775 788 2852 phiboliam
831 2773 1112 2850 ambiguo
1158 2776 1445 2833 sororis
1501 2775 1744 2833 nomine
1799 2778 2170 2850 procreatam
2223 2774 2273 2832 si
2331 2775 2447 2833 iam
2494 2774 2803 2849 Euripidis

463 2878 712 2919 acumen
757 2859 1113 2932 invenisset,
1161 2877 1284 2916 rem
1330 2858 1742 2918 miraculosam
1787 2878 1910 2918 non
1955 2858 2376 2919 obscurissimo
2422 2859 2802 2919 brevissimo-

466 2964 581 3021 que
613 2944 796 3003 verbo
828 2942 1109 3019 velasset,
1158 2942 1261 3001 sed
1305 2943 1529 3003 diserta
1572 2945 2132 3020 accuratissimaque
2163 2945 2387 3003 oraculi
2419 2962 2551 3003 cum
2584 2948 2804 3005 eventu

464 3029 904 3104 comparatione
946 3028 1326 3087 illustrasset.
1403 3028 1627 3088 Verum
1671 3028 1847 3105 longe
1891 3029 2010 3087 alia
2053 3033 2253 3104 erant,
2309 3028 2525 3104 quibus
2570 3029 2803 3089 Orestis

469 3114 702 3173 animus
747 3112 825 3172 ad
870 3112 1085 3171 bonam
1141 3130 1307 3188 spem
1356 3115 1535 3188 atque
1596 3114 1820 3172 sororis
1878 3113 2160 3173 solacium
2216 3113 2579 3190 erigeretur:
2642 3115 2803 3190 quod

465 3200 593 3274 ipsa
634 3197 855 3270 Diana,
903 3198 1071 3257 ouius
1116 3197 1496 3257 simulacrum
1542 3216 1613 3255 ex
1659 3198 1911 3257 Taurico
1942 3199 2166 3274 templo
2198 3198 2465 3257 Athenas
2494 3201 2796 3274 transpor-

464 3289 591 3342 tare
636 3283 874 3342 oraculo
933 3283 1128 3341 iussus
1182 3286 1368 3357 esset,
1428 3300 1722 3358 sororem,
1784 3302 1963 3358 quam
2019 3282 2440 3341 immolandam
2498 3283 2609 3342 sibi
2656 3283 2799 3342 olim

467 3369 885 3443 expetivisset,
942 3367 1139 3426 medio
1197 3387 1264 3426 ex
1321 3367 1605 3427 sacrificio
1661 3368 1812 3427 clam
1869 3367 2143 3427 omnibus
2198 3368 2449 3428 testibus
2487 3368 2805 3443 eripuisset

465 3457 648 3529 atque
693 3454 754 3510 in
800 3452 1007 3512 eodem
1053 3451 1157 3512 illo
1201 3453 1426 3528 templo
1471 3456 1540 3511 ut
1584 3470 1750 3510 suam
1803 3453 2162 3514 sacerdotem
2221 3453 2658 3528 collocavisset,
2719 3454 2803 3512 ita

467 3542 536 3597 ut
580 3538 778 3597 Oresti
838 3555 1101 3596 sororem
1146 3537 1331 3613 vulgo
1387 3541 1685 3596 mortuam
1741 3537 2008 3597 habitam
2065 3538 2415 3615 contigisset
2455 3539 2653 3597 vivam
2709 3538 2800 3596 in-

470 3624 671 3682 venire
715 3624 1028 3697 eiusque
1074 3621 1359 3682 intueri
1405 3622 1692 3685 faciem.
1765 3622 1928 3682 Haec
1970 3621 2316 3698 pluribus
2350 3622 2616 3681 versibus
2646 3623 2805 3681 inter

469 3728 527 3767 v.
563 3708 726 3767 1014
769 3708 833 3766 et
882 3707 1041 3766 1015
1087 3707 1414 3766 interiectis
1460 3707 1603 3766 olim
1648 3707 1916 3783 exposita
1960 3707 2144 3766 fuisse
2187 3725 2259 3765 ex
2303 3707 2530 3767 ultimis
2576 3705 2803 3767 Orestis

468 3793 669 3852 verbis
713 3794 897 3869 patet,
944 3791 1160 3867 quibus
1205 3791 1278 3850 ad
1324 3792 1578 3851 omnia
1621 3792 1825 3851 solacii
1868 3794 2224 3888 argumenta
2252 3791 2429 3851 modo
2459 3796 2806 3851 enumerata

469 3880 780 3938 revocatur
833 3876 1168 3955 Iphigenia.
1236 3895 1525 3935 απαντα
1581 3874 1693 3954 γὰρ
1740 3874 1752 3958 Ι
1798 3873 2047 3946 συνθεὶς
2102 3868 2260 3934 τάδ’
2319 3874 2406 3948 εἰς
2454 3875 2529 3934 ’ἓν
2596 3874 2807 3935 νόστον

471 3958 680 4034 ἐλπίζω
721 3960 948 4038 λαβεῖν.

640 4182 817 4242 Haud
864 4182 1141 4240 ultimum
1185 4184 1250 4242 in
1293 4185 1498 4242 nostra
1542 4183 1776 4259 fabula,
1822 4185 1886 4242 in
1929 4203 2047 4260 qua
2090 4187 2213 4243 tam
2260 4182 2450 4241 multa
2493 4181 2809 4258 splendent

473 4267 847 4343 eloquentiae
876 4268 1132 4343 lumina,
1178 4271 1344 4327 tenet
1373 4269 1566 4328 locum
1599 4267 1812 4346 ῥῆσις
1841 4269 1948 4327 illa
1977 4260 2362 4346 ἆγγελική,
2407 4287 2525 4343 qua
2556 4288 2611 4327 v.
2643 4268 2803 4326 1327

473 4351 724 4412 —1419
757 4353 929 4412 irrita
961 4350 1189 4413 Orestis
1218 4357 1394 4429 atque
1424 4354 1771 4431 Iphigeniae
1816 4354 1959 4430 fuga
2001 4354 2474 4413 luculentissime
2512 4355 2804 4412 narratur.

477 4437 607 4509 Quo
637 4439 830 4515 magis
876 4437 1221 4515 dolendum,
1268 4438 1427 4515 quod
1470 4439 1647 4499 huius
1677 4439 1865 4514 ipsius
1895 4440 2255 4499 narrationis
2281 4442 2484 4515 partes
2514 4437 2807 4515 quaedam
