3132 5129
1363 362 1821 426 -354-

425 525 674 599 ignavos
717 521 1015 581 deteriora
1058 540 1221 579 arma
1252 520 1533 595 induisse,
1580 518 1680 578 vix
1725 518 1951 593 poterit
1981 518 2255 577 dubitare
2289 516 2434 593 quin
2463 535 2533 575 ex
2556 514 2760 586 Quinti

426 626 591 667 more
637 608 735 667 hic
781 626 1015 683 quoque
1059 624 1265 666 versus
1310 605 1493 664 fuerit
1534 604 1770 680 positus
1812 621 1929 679 quo
1974 603 2053 661 in
2100 602 2528 662 universum
2560 620 2761 660 omnes

426 694 489 752 in
536 691 727 752 Ulixis
786 691 1046 751 tentorio
1100 692 1365 751 armatos
1429 708 1556 749 esse
1601 688 1928 749 indicatum
1975 691 2121 747 erat.
2211 687 2373 747 Bene
2417 688 2575 746 enim
2620 687 2761 746 haec

427 778 838 837 cohaererent.

680 887 1073 991 (ἐλθόντες
1116 888 1196 952 δὲ
1240 891 1436 963 θοῶς
1479 912 1625 993 αμα
1666 882 1946 962 πάντες
1991 886 2070 950 ἐν
2112 886 2353 950 ἔντεσι
2396 888 2632 949 δῦσαν
2646 886 2704 968 ·>

680 969 864 1039 πολλα
907 975 1048 1058 γὰρ
1093 968 1378 1057 ἐξημοιβὰ
1423 967 1571 1054 παρ’
1620 970 1847 1037 αὐτόθι
1889 968 2095 1053 τεύχεα
2138 978 2313 1035 κεῖτο.

595 1116 672 1177 V.
700 1118 827 1177 460
868 1117 1045 1193 plane
1090 1134 1203 1192 ego
1257 1114 1449 1191 probo
1491 1114 1723 1173 Pauwii
1767 1112 2049 1172 iudicium
2095 1112 2196 1188 qui
2241 1113 2386 1172 haec
2423 1113 2758 1191 adscripsit:

429 1205 658 1279 „Post
699 1202 875 1263 haec
919 1205 1163 1262 autem
1208 1219 1451 1260 nonne
1495 1200 1768 1259 desunt
1809 1218 1890 1258 ea
1935 1197 2213 1273 quibus
2255 1198 2605 1275 gaudium
2649 1201 2761 1258 in·

428 1289 788 1364 dicatum,
848 1286 1040 1364 quod
1086 1307 1166 1345 ex
1212 1288 1437 1346 vento
1483 1285 1809 1344 secundo
1852 1283 2195 1343 afflictis
2241 1284 2547 1343 et.fame
2592 1303 2755 1343 enc—

428 1374 614 1433 catis
659 1372 962 1433 oritur‘?
1007 1371 1369 1446 Attende,
1416 1368 2386 1447 quaeso:'comparationis
2431 1370 2645 1428 cardo
2690 1371 2760 1429 in

427 1478 509 1518 eo
554 1459 888 1519 vertitur
931 1457 1158 1533 plane
1202 1458 1276 1515 et
1318 1454 1678 1515 omnino.“
1744 1454 1832 1513 Eo
1879 1454 2069 1531 magis
2111 1453 2329 1513 diserte
2374 1454 2446 1513 de
2489 1455 2761 1531 gaudio

427 1544 491 1603 in
547 1563 665 1621 quo
725 1561 866 1602 sane
923 1542 1166 1601 tertium
1225 1540 1690 1616 comparationis
1744 1539 2006 1615 positum
2068 1537 2383 1599 dicendum
2429 1543 2586 1617 erat,
2644 1559 2760 1616 quo

427 1629 759 1688 accuratius
802 1627 876 1686 de
920 1625 1462 1686 sollicitudine
1508 1644 1661 1701 quae
1703 1626 1835 1685 erat
1878 1642 2229 1703 praegressa
2269 1624 2387 1685 fuit
2429 1625 2758 1701 expositum

427 1715 491 1773 in
536 1710 1043 1775 antecedentibus·
1190 1770 1197 1776 .
2340 1778 2343 1781 ,

597 1799 809 1857 Restat
849 1797 915 1856 in
956 1795 1069 1856 hoc
1113 1795 1268 1854 libro
1313 1814 1370 1854 v.
1418 1795 1541 1854 634
1586 1814 1705 1871 quo
1751 1795 1823 1855 de
1867 1796 1999 1854 loco
2043 1794 2160 1853 iam
2203 1794 2427 1854 monui.

595 1884 669 1942 In
713 1885 983 1941 octavo
1027 1880 1225 1940 libro
1268 1880 1388 1939 iam
1433 1880 1629 1939 fateor
1670 1898 1765 1938 me
1810 1879 1886 1938 ad
1914 1879 2182 1940 Piersoni
2217 1881 2575 1940 sententiam
2605 1901 2757 1939 acce·

429 1968 568 2028 dere
614 1969 717 2044 qui
762 1966 917 2026 circa
959 1985 1018 2025 v.
1050 1966 1127 2024 41
1178 1965 1466 2042 quaedam
1510 1964 1799 2025 excidisse
1845 1965 2176 2040 suspicatus
2220 1968 2376 2041 erat,
2433 1986 2609 2042 quam
2668 1986 2758 2024 su·

428 2054 750 2129 spicionem
794 2052 1029 2111 irritam
1072 2069 1201 2110 esse
1245 2052 1309 2110 in
1351 2050 1674 2110 emendatt.
1721 2070 1780 2126 p.
1811 2050 1933 2108 279
1980 2050 2387 2111 demonstrare
2433 2051 2652 2110 frustra
2695 2056 2763 2111 ut

427 2158 586 2198 nunc
629 2138 866 2197 videtur
906 2136 1157 2197 tentavi.

597 2240 671 2305 V,
719 2240 840 2299 347
889 2238 1256 2315 Tychsenius
1299 2257 1332 2297 e
1377 2238 1505 2301 cod.
1550 2235 1800 2313 Neapol.
1848 2236 2112 2313 scripsit:

680 2351 906 2434 τεύχεσι
949 2346 1009 2415 δ’
1057 2350 1436 2435 ἀμβροσίοισι
1478 2351 1614 2436 πέρι
1661 2351 1941 2433 στεροπαὶ
1984 2349 2281 2413 ποτέοντο.

427 2496 585 2554 Huic
638 2494 877 2554 lectioni
933 2492 1043 2553 hoc
1087 2494 1316 2570 obstat,
1373 2493 1532 2570 quod
1592 2492 1664 2550 de
1709 2491 1911 2551 veris
1958 2491 2415 2552 fulminibus
2458 2513 2608 2570 quae
2653 2496 2759 2552 cii·-

429 2601 560 2640 cum
605 2600 768 2640 arma
814 2579 1112 2640 Minervae
1157 2579 1494 2639 volaverint
1525 2577 1774 2655 cogitari
1823 2579 2050 2653 nequit,
2098 2578 2168 2636 de
2216 2578 2512 2655 fulgore
2543 2582 2758 2655 autem,

430 2667 479 2725 si
525 2685 661 2724 eum
707 2665 1016 2741 designare
1059 2663 1349 2723 voluisset
1391 2667 1599 2740 poeta,
1659 2663 2027 2723 incommode
2071 2667 2130 2722 et
2173 2664 2463 2738 pluralem
2507 2678 2759 2741 στερο-

333 2752 395 2801 18
427 2747 568 2806 παί
606 2752 668 2809 et
710 2747 960 2809 verbum
1005 2743 1370 2807 ποτέοντο
1415 2768 1534 2825 quo
1580 2768 1721 2808 vera
1763 2747 1963 2823 potius
2007 2747 2260 2807 fulmina
2305 2748 2555 2808 describi
2603 2749 2757 2810 vide-

431 2837 639 2895 rentur
682 2832 997 2910 posuisset.
1086 2833 1158 2892 In
1201 2832 1428 2893 Aldina
1469 2852 1678 2893 versus
1723 2833 1808 2891 ita
1850 2833 2162 2892 mutilatus
2206 2833 2455 2924 legitur:

682 2941 911 3029 τεύχεσι
952 2943 1013 3010 δ’
1062 2942 1436 3031 ἀμβροσίοισι
1479 2946 1615 3025 περὶ
1662 2937 1973 3034 στῖροπῇσι
2016 2970 2051 3010 *

430 3089 1254 3232 lipparetaciomparatum
1301 3087 1481 3148 fuisse
1527 3087 1763 3148 divinae
1808 3088 2024 3150 loricae
2065 3087 2360 3164 fulgorem
2393 3109 2525 3148 cum
2560 3089 2753 3148 fulmi-

426 3193 491 3233 ni
536 3192 605 3233 us
650 3194 670 3232 1
807 3192 934 3232 ere·

681 3284 943 3368 τεύχεα
984 3285 1046 3350 δ’
1093 3281 1463 3394 ἀμβροσίοισι
1504 3288 1639 3367 περὶ
1684 3287 2069 3369 στέρνοισι
2116 3287 2546 3373 <φοὶανθεν,

683 3367 924 3435 οἷον”
890 3370 988 3436 οτ’
1037 3367 1452 3456 οὐρανόθεν
1494 3373 1862 3457 λαμπραι>
1897 3374 2244 3456 στεροπαὶ
2290 3374 2713 3437 ποτέονται.

431 3514 598 3574 Hanc
650 3533 842 3574 meam
899 3513 1255 3572 sententiam
1317 3513 1536 3572 mirum
1582 3517 1871 3589 quantum
1917 3516 2228 3576 confirmat
2275 3515 2488 3575 similis
2533 3514 2606 3574 de
2652 3515 2759 3574 Mi-

428 3618 613 3659 nerva
654 3602 886 3659 armata
927 3599 1094 3658 locus
1138 3597 1300 3675 XIV,
1345 3598 1468 3657 457
1502 3617 1592 3675 sq.

684 3713 974 3816 ἔβραχεδ
975 3703 1202 3795 αἰγὶς
1243 3708 1449 3774 απασα
1492 3713 1626 3794 περὶ
1672 3709 1994 3795 στήθεσσιν
2036 3707 2329 3816 ἆνασσης,

681 3793 889 3861 οἷον”
856 3821 951 3861 οτε
994 3808 1350 3884 στεροπῇσιν
1393 3795 1696 3879 ἐπιβρέμει
1736 3798 1988 3876 ἄσπετος
2032 3796 2240 3880 αἰθήρ.

431 3938 522 4000 Cf.
568 3939 751 3999 etiam
793 3938 872 4016 II,
921 3940 1042 3999 206

1241 4055 1320 4066 —
1368 4029 1478 4083 τοῦ
1523 4017 1581 4080 δ’
1627 4045 1751 4126 αρα
1790 4020 1964 4102 τεύχη

682 4102 875 4186 πάντη
918 4106 1363 4189 μαρμαίρεσκον
1403 4102 1673 4187 ἀλίγκιον
1714 4102 2147 4192 αστεροπῇσιν,

427 4227 491 4284 et
533 4225 636 4303 XI,
681 4228 809 4287 410
837 4245 922 4306 sq.

682 4338 904 4405 οὕνεκά
949 4345 1012 4406 οἱ
1045 4344 1335 4427 μάρμαιρε
1379 4370 1526 4449 περι
1555 4351 1824 4427 βριαροῖς
1865 4346 2131 4424 μελέεσσι

685 4423 892 4508 τεύχεα
936 4432 1326 4514 θεσπεσίῃσιν
1371 4428 1675 4509 ἐειδόμενα
1718 4444 2089 4516 στεροπῇσιν.
