3132 5129
1310 388 1772 452 —301—

370 547 797 608 Praetulerim.
854 551 949 628 τῷ
990 547 1235 625 μοῖρανε
1291 545 1473 624 „quia
1522 545 1623 606 Dii
1665 544 2007 605 hominibus
2059 543 2217 602 mala
2258 543 2705 620 impertiuntur,

372 638 694 710 propterca
750 635 817 692 tu
873 606 1097 692 sortem
1149 631 1447 708 patienter
1490 633 1704 691 tolera.
1710 631 1746 660 “
1835 630 1984 688 Mire
2041 632 2244 688 autem
2301 629 2524 688 dictum
2583 631 2703 688 est.

377 717 501 777 τῶν
544 719 580 778 i.
627 739 679 778 e.
724 715 1016 795 πημάτων
1055 721 1289 794 μοῖραν.

541 802 611 867 V.
656 804 802 862 323.
858 801 1251 861 Scribendum
1298 801 1521 860 videri:
1579 795 1766 878 παρὲκ
1809 792 1952 858 νόον
2009 795 2192 869 ἰθὺς
2243 794 2534 874 ἰόντας,
2589 801 2706 857 iam

372 893 437 947 in
480 888 981 948 emendationibus
1024 887 1230 962 Quinti
1271 907 1309 945 a
1351 905 1447 944 me
1492 887 1785 945 monitum
1831 889 1942 944 est.

544 972 617 1029 V.
665 973 786 1033 644
818 991 907 1048 sq.

626 1122 709 1134 —-
753 1123 835 1134 —-—
884 1123 963 1132 -
1008 1083 1143 1148 οὐδ’
1193 1086 1275 1148 ἔτι
1318 1087 1437 1148 νῦν
1478 1109 1589 1166 περ
1633 1081 2050 1165 ἀποιχομένου
2087 1082 2426 1165 Ἀχέροντος

628 1174 799 1246 δίνας
843 1167 1230 1255 άπροφάτους
1275 1171 1483 1253 ψυχὴν
1529 1169 1876 1251 ἐπιδέδρομε
1920 1170 2101 1272 λήθη.

546 1294 661 1354 Vix
705 1315 840 1355 cum
886 1295 1220 1354 accusativo
1264 1292 1437 1363 δίνας
1468 1294 1735 1353 construi
1782 1295 2018 1370 poterat
2056 1286 2434 1368 άποίχεσθαι.
2500 1291 2710 1368 Itaque

385 1380 793 1525 repossndffi
820 1378 977 1542 gif:
1024 1373 1448 1456 ἕποιχομενου.
1507 1377 1674 1438 Adiit
1703 1378 1808 1438 ille
1837 1396 2049 1514 pgaeco
2081 1377 2439 1437 Acherontis
2469 1376 2710 1436 flumen.

629 1577 737 1641 Ἐν
777 1578 845 1640 δὲ
887 1581 1052 1659 βοῶν
1094 1579 1268 1641 ἔσκεν
1309 1579 1513 1654 λάσιος
1558 1574 1773 1680 νομός·
1819 1574 1974 1659 α’μφέ
2019 1576 2086 1638 δὲ
2128 1577 2306 1658 βουσὶ

640 1661 931 1772 Τηλεβόαι
970 1660 1277 1745 μάρναντο
1320 1663 1423 1725 καὶ
1467 1662 1624 1738 υἱέες
1662 1657 2134 1745 Ἠλεκτρυωνος·

638 1751 701 1810 οἳ
739 1747 850 1829 μὲν
893 1746 1349 1830 αμειβομενο
1366 1771 1419 1828 ι,
1463 1745 1616 1830 άτᾶρ
1657 1746 1778 1830 οἵγ’
1828 1746 2138 1822 ἐθέλοντες
2181 1744 2454 1830 ἀμέρσαι.

378 1869 659 1948 Ineptum
703 1875 796 1930 est
847 1863 1253 1948 ἀμειβόμενοι,
1308 1872 1472 1948 quod
1515 1891 1637 1931 non
1684 1890 1916 1948 vereor,
1971 1889 2048 1930 ne
2105 1871 2238 1948 quis
2282 1871 2436 1930 male
2484 1870 2714 1930 facetus

385 1956 624 2014 criticus
666 1956 1073 2031 explicaturus
1117 1957 1199 2016 sit
1243 1956 1314 2015 de
1354 1957 1685 2032 regerendis
1712 1957 1777 2016 in
1805 1957 2038 2016 hostem
2082 1955 2431 2015 inimicitiis.
2498 1955 2616 2014 Vel
2644 1973 2714 2014 ex

380 2039 655 2116 opposito
710 2042 975 2100 membro
1033 2043 1309 2118 apparet,
1368 2045 1607 2116 poetam
1663 2040 1722 2099 οἳ
1776 2035 1889 2119 μὲν
1942 2033 2416 2117 ἀμυνόμενοι
2458 2039 2712 2100 dedisse.

556 2123 630 2183 V.
679 2126 802 2185 879
832 2144 964 2202 sqq.
1064 2143 1071 2148 ·

625 2237 733 2314 Ὡς
775 2237 835 2301 δ’
882 2237 979 2302 ὅτε
1024 2241 1209 2321 λείρια
1251 2238 1406 2302 καλὰ
1446 2240 1903 2322 περιβρομέουσι
1943 2241 2213 2320 μέλισσαι

634 2322 857 2407 πέτρης
902 2325 1223 2406 ἐκχύμεναι
1264 2327 1643 2408 σιμβληίδος,
1699 2323 1856 2406 ἀμφὶ
1899 2323 1968 2386 δὲ
2010 2325 2228 2406 λειμών

634 2410 865 2491 ἑρσήεις
910 2411 1192 2516 γάνυται,
1237 2409 1337 2471 καὶ
1382 2408 1451 2472 δὲ
1490 2409 1723 2492 γλυκὺν
1764 2410 1972 2473 ἄλλοτε
2014 2411 2201 2472 ἄλλον

638 2493 871 2578 καρπὸν
911 2492 1273 2579 ἀμέργουσιν
1313 2494 1731 2577 πεποτημέναι.

390 2618 637 2677 Alienae
682 2622 825 2679 sunt
865 2619 1191 2695 particulae
1234 2615 1335 2677 και
1387 2616 1455 2679 δέ
1502 2639 1555 2679 v.
1605 2621 1749 2679 881.
1822 2618 2032 2695 Poeta,
2090 2621 2397 2680 revertens
2451 2616 2528 2678 ad
2570 2637 2711 2695 apes

385 2703 571 2780 ipsas,
619 2700 714 2761 ταὶ
761 2701 829 2763 δέ
874 2708 1173 2780 posuerat.

551 2805 624 2862 V.
671 2807 829 2867 903.
910 2838 983 2851 ·——
1072 2839 1155 2850 —
1241 2802 1476 2882 μοῦνόν
1515 2824 1586 2884 με
1631 2804 1768 2867 θεοὶ
1808 2804 2058 2866 λύσειαν
2097 2799 2357 2866 ἀέθλων.

384 2922 519 2983 Hoc
560 2924 611 2983 si
653 2925 905 3001 legitur,
967 2944 1181 2985 sensus
1224 2926 1488 3005 exsistit:
1543 2926 1778 3002 „solum
1819 2946 1946 3003 me,
2002 2928 2040 2989 i.
2085 2946 2136 2985 e.
2180 2945 2301 2986 non
2343 2926 2558 3001 alium,
2617 2926 2716 2984 Dii

384 3026 459 3067 ex
488 3011 809 3069 certamine
839 3010 1142 3071 servent.“
1218 3010 1335 3071 Sed
1363 3010 1592 3071 Iasonis
1621 3030 1789 3071 mens
1818 3012 1961 3071 haec
2003 3015 2126 3071 est:
2176 3011 2363 3088 „satis
2407 3011 2553 3070 mihi
2585 3010 2714 3085 erit,
2742 3024 2774 3071 3

386 3093 453 3151 in
494 3096 691 3170 patria
731 3095 1029 3155 habitare:
1084 3095 1455 3155 solummodo
1512 3115 1545 3155 e
1601 3098 1920 3156 certamine
1973 3096 2071 3155 Dii
2129 3096 2434 3157 servent.“
2508 3096 2718 3171 Itaque

384 3178 757 3239 scribendum
816 3183 992 3257 puto:
1049 3176 1281 3257 μοῦνόν
1331 3200 1441 3257 γε,
1507 3200 1685 3257 quam
1743 3181 2216 3241 emendationem
2270 3182 2518 3241 adiuvat
2572 3178 2717 3239 Vin·

386 3262 557 3339 dob.‚
602 3265 666 3324 in
708 3283 825 3341 quo
870 3266 1121 3342 legitur:
1164 3271 1415 3342 μοῦνον
1460 3261 1555 3323 δέ.

554 3346 627 3408 V.
678 3350 842 3409 1098
874 3369 962 3426 sq.

632 3443 737 3509 Ἐκ
777 3441 889 3529 γὰρ
932 3457 1035 3527 τῆς
1079 3440 1294 3528 ἄνεμοί
1332 3472 1391 3510 τε
1437 3448 1717 3510 θάλασσά
1763 3471 1820 3510 τε
1863 3445 2064 3513 νειόθι
2107 3472 2168 3513 τε
2213 3444 2385 3528 χθὼν

637 3542 805 3594 πασα
848 3535 1299 3613 πεπείρηται
1341 3531 1557 3612 νιφόεν
1600 3531 1675 3593 θ’
1723 3532 1857 3609 ἕδος
1905 3532 2270 3613 Οὐλύμποιο.

383 3636 557 3697 Ferri
599 3640 808 3714 nequit
858 3637 1237 3713 πεπείρηται,
1285 3639 1443 3714 quod
1488 3658 1622 3697 cum
1667 3657 1790 3698 non
1829 3641 2020 3715 possit
2050 3638 2308 3701 derivari
2350 3639 2468 3699 nisi
2511 3660 2548 3698 a
2589 3658 2718 3698 πει-

384 3714 549 3798 ράω,
593 3724 826 3782 nullum
869 3724 1115 3818 praebet
1160 3742 1417 3783 sensum.
1496 3722 1684 3794 Quale
1714 3724 1962 3784 verbum
1994 3726 2392 3800 desideretur,
2437 3743 2511 3783 ex
2554 3723 2717 3783 scho-

394 3808 494 3867 liis
537 3811 821 3884 apparet:
867 3797 934 3865 τὸ
978 3807 1421 3887 πεπείρηται
1462 3802 1601 3866 άντι
1645 3807 1752 3867 τοῦ
1794 3804 2105 3885 συνέχεται
2156 3830 2256 3869 και
2315 3803 2719 3880 συνέζευκται.

386 3892 519 3952 Hoc
561 3912 700 3953 vero
746 3893 1099 3970 Apollonius
1144 3890 1573 3971 πεπείρανται
1629 3895 1968 3969 scripserat.
2058 3893 2345 3955 Similiter
2397 3893 2556 3970 apud
2603 3892 2721 3969 Op·

390 3978 639 4054 pianum
682 3976 947 4041 Halieut.
992 3977 1042 4054 Ι,
1088 3979 1212 4038 415
1245 3996 1334 4054 sq.
1378 3979 1632 4081 legitur:

648 4057 844 4120 πάντα
889 4055 951 4119 δ’
997 4058 1065 4121 έν
1105 4056 1441 4141 ἀλλήλοισιν
1486 4054 1909 4141 ὁμοφροσύνης
1953 4058 2074 4123 ὑπὸ
2120 4062 2318 4145 δεσμῷ

640 4140 921 4229 άρρήκτω
965 4143 1417 4224 συνέδησας.

561 4247 636 4310 V.
686 4250 872 4308 1187.
918 4238 1131 4325 Αὖταρ
1175 4242 1208 4307 ὃ
1252 4246 1583 4309 δαίνυσθαι
1627 4244 1852 4328 ἑτάροις
1895 4240 1986 4321 οἷς
2029 4240 2100 4309 ευ
2143 4244 2454 4319 ἐπιτείλας.

382 4367 483 4427 Ita
524 4367 682 4427 hunc
728 4388 963 4427 versum
1007 4388 1130 4428 non
1173 4368 1248 4427 ab
1279 4369 1617 4465 ‘Apollonio
1649 4370 1982 4446 profectum
2015 4389 2174 4445 esse,
2220 4364 2435 4446 quovis
2466 4371 2724 4447 pignore

388 4453 820 4512 contenderim.
894 4453 1157 4513 Pessime
1202 4453 1357 4512 enim
1390 4453 1734 4514 modulatus
1764 4460 1856 4516 est
1885 4474 1990 4531 pes
2021 4459 2304 4533 quartus:
2351 4449 2579 4533 ἑτάροις
2609 4444 2722 4524 οἷς.
