3132 5129
1419 359 1883 423 -218-

487 535 605 593 quo
668 517 886 576 collato
955 536 1087 575 cum
1146 518 1329 588 5353
1393 513 1551 592 δρίος
1605 505 1686 593 ἦν
1742 513 2207 587 πολυανθέος
2261 504 2444 592 ὕλης
2507 518 2579 576 de
2634 519 2826 578 nostri

486 602 886 677 supplementi
929 603 1182 661 veritate
1225 603 1326 660 vix
1380 602 1701 664 dubitabis,
1804 600 2100 676 Sequente
2162 620 2341 662 versu
2398 599 2827 678 ἐπιπροχέουσα

485 683 600 762 χέει
646 686 815 760 libri,
865 706 1041 761 quam
1088 686 1442 762 „lectionem
1472 687 1771 746 inficetam
1800 686 1979 745 sane“
2025 687 2187 746 solus
2218 688 2467 746 retinuit
2495 688 2823 763 Frankiu83

485 772 669 829 ceteri
701 771 822 830 fere
851 771 1351 830 Ruhnkenianum
1390 766 1803 846 ἕπιπροχέουσ’
1852 770 2014 847 ἰαχεῖ
2044 771 2471 846 probaverunt,
2516 772 2634 831 nisi
2664 774 2824 848 quod

484 856 863 915 Hei-mannus
920 851 1073 931 ιὀἱχει
1139 856 1378 931 scripsit
1431 876 1679 917 monens
1744 875 1864 916 non
1924 856 2108 915 videri
2161 856 2257 915 hic
2310 860 2519 932 aptum
2575 857 2823 917 verbum

484 959 612 1000 esse
656 933 832 1016 ἀχέει,
878 940 1036 1016 quod
1079 944 1362 1017 posuerat
1403 941 1690 1017 Ilgenius.
1782 941 1930 1000 Mihi
1977 959 2118 1000 vero
2164 941 2537 1017 aptissimum
2580 941 2823 1017 quidem

483 1024 722 1085 videtur
753 1025 823 1083 de
852 1025 1150 1085 flebilibus
1177 1024 1462 1085 lusciniae
1506 1026 1793 1101 modulis3
1842 1026 1945 1085 sed
1990 1045 2123 1085 cum
2167 1027 2349 1085 etiam
2394 1020 2825 1101 ἕπιπροχέουσα

483 1101 590 1185 per
631 1129 692 1168 se
738 1110 890 1168 male
935 1110 1177 1184 habeat,
1224 1110 1380 1185 quod
1428 1111 1591 1170 solus
1623 1110 1871 1170 Bothius
1916 1112 2178 1170 sentiens
2208 1111 2360 1169 male
2392 1105 2824 1189 ἐπισπέρχουσα

486 1194 829 1268 substituit,
888 1198 949 1253 et
991 1199 1236 1270 propter
1278 1195 1661 1254 Homericum
1706 1196 1902 1255 locum
1954 1191 2070 1271 χέει
2126 1196 2482 1255 servandum
2539 1197 2643 1271 sit,
2696 1188 2821 1253 ἶπι-

485 1281 832 1353 προϊεῖσα
877 1279 1120 1354 scripsi,
1167 1279 1325 1354 quod
1372 1280 1588 1339 melius
1633 1298 1767 1339 cum
1798 1278 2037 1355 θρῆνον
2066 1280 2236 1357 iungi
2264 1281 2599 1354 videbatur,
2645 1300 2823 1356 quam

488 1364 538 1422 si
584 1365 833 1438 propius
879 1364 1059 1422 etiam
1102 1363 1178 1422 ad
1223 1365 1620 1424 imitationem
1664 1358 1778 1423 ἀεὶ
1821 1372 2180 1437 τρωπωσα
2225 1362 2576 1441 posuissem.

662 1450 758 1507 19.
805 1446 952 1521 σφίν
996 1449 1239 1507 minime
1285 1450 1606 1525 singularis
1652 1452 1767 1523 est,
1828 1454 1895 1509 ut
1939 1449 2081 1508 olim
2125 1450 2377 1525 putabat
2420 1450 2821 1524 Hermannus,

484 1533 586 1591 sed
643 1533 719 1592 ad
771 1532 995 1591 Panem
1050 1536 1229 1609 atque
1280 1534 1595 1593 lusciniam
1657 1536 1920 1610 pertinet
1970 1535 2288 1594 amoebaeo
2343 1536 2513 1610 quasi
2566 1536 2824 1594 carmine

481 1617 639 1677 inter
681 1637 745 1677 se
790 1621 1108 1677 certantes.

654 1702 732 1759 25
754 1721 840 1777 sq.
888 1702 1437 1777 Transpositionem
1467 1704 1893 1779 necessariam,
1942 1723 2121 1780 quam
2164 1704 2240 1763 ab
2272 1703 2616 1763 Hermanno
2648 1724 2821 1779 repu-

481 1786 704 1846 diatam
748 1787 997 1861 mireris,
1041 1787 1184 1845 fecit
1227 1787 1512 1864 Ilgenius.
1611 1789 1927 1848 Artissime
1974 1790 2284 1849 cohaerere
2331 1789 2514 1848 etiam
2558 1790 2638 1846 24
2684 1807 2819 1848 curn

486 1871 563 1930 27
610 1875 672 1931 et
714 1890 898 1930 nexus
943 1876 1005 1930 et
1046 1872 1179 1946 ipsa
1221 1872 1405 1932 verba
1449 1873 1697 1933 docent:
1746 1876 2027 1949 μολπαῖς·
2076 1868 2367 1950 ὑμνεῦσιν
2410 1907 2514 1932 ——.

657 1957 758 2014 22.
804 1961 998 2032 χορῶν
1055 1952 1184 2015 τότε
1252 1952 1313 2027 ἐς
1375 1957 1589 2035 vulgo,
1659 1960 1721 2016 in
1782 1978 1900 2034 quo
1968 1959 2335 2019 emendando
2397 1958 2819 2033 explicandove

484 2041 709 2100 frustra
740 2041 1087 2100 laborarunt
1116 2044 1220 2100 aut
1263 2037 1443 2119 χορόν
1488 2043 1832 2118 scribendo,
1879 2042 2036 2118 quod
2065 2043 2332 2119 Ilgenius
2378 2042 2548 2118 fecit,
2594 2047 2699 2101 aut
2743 2045 2817 2101 ad

482 2121 664 2184 ἔνθεν
706 2118 873 2183 ὁδοῖο
914 2126 1325 2201 provocando,
1385 2145 1560 2204 quem
1617 2127 1813 2186 locum
1859 2147 1928 2186 ex
1972 2128 2178 2203 hymn.
2223 2127 2344 2202 III,
2404 2128 2526 2186 226
2570 2127 2822 2187 adduxit

481 2210 791 2270 Frankius.
868 2208 1037 2269 Unus
1083 2210 1486 2271 Buttmannus
1533 2205 1659 2269 τοτὲ
1706 2203 1762 2268 ὁ’
1812 2207 1872 2282 ἐς
1916 2212 2297 2272 scribendum
2330 2211 2509 2285 vidit,
2554 2231 2672 2287 quo
2717 2212 2820 2271 ad·

480 2295 659 2354 misso
706 2296 898 2372 magis
943 2295 1120 2354 etiam
1168 2296 1548 2372 participium
1595 2297 1657 2355 in
1700 2297 2189 2357 antecedentibus
2232 2296 2577 2372 requiritur.
2662 2297 2819 2355 Tum

482 2380 553 2439 de
598 2375 785 2438 διέπει
828 2398 947 2438 ιιοιι
993 2379 1248 2439 debebat
1291 2381 1585 2441 dubitari:
1635 2381 1806 2443 facile
1848 2381 2223 2458 intellegitur
2266 2383 2551 2440 saltantes
2593 2380 2669 2440 ab
2713 2382 2818 2441 illo

481 2464 786 2541 Nymphas
842 2465 1169 2524 lustrari
1226 2465 1403 2525 modo
1460 2466 1576 2525 huc
1628 2466 1770 2526 illuc
1812 2466 2180 2541 tripudiante
2225 2466 2402 2525 modo
2448 2466 2512 2524 in
2556 2466 2817 2525 medium

479 2550 650 2609 tarde
694 2550 1132 2626 progrediente.

653 2635 752 2693 28.
798 2627 934 2692 οἷόν
976 2627 1049 2690 θ’
1083 2634 1298 2711 vulgo,
1345 2636 1502 2711 quod
1541 2636 1837 2711 quomodo
1880 2636 2286 2696 intellexerint
2329 2637 2705 2713 interpretes,
2755 2638 2818 2695 in

478 2718 602 2777 alto
634 2737 833 2778 eorum
867 2719 1104 2779 silentio
1151 2719 1391 2779 difficile
1436 2720 1598 2779 dictu
1643 2724 1753 2780 est.
1829 2719 2056 2780 Nostra
2086 2721 2418 2780 emendatio
2450 2721 2814 2781 certissima:

479 2802 792 2878 Nymphae
837 2804 1127 2863 saltantes
1173 2808 1396 2864 ceteros
1441 2804 1683 2880 quidem
1712 2805 1871 2864 Deos
1917 2824 2240 2881 eorumque
2283 2805 2485 2865 sedem
2516 2808 2815 2865 communi

479 2887 778 2946 cantilena
820 2887 1354 2964 comprehendunt,
1403 2891 1623 2948 solum
1671 2890 2028 2949 Mercurium
2074 2909 2214 2950 vero
2259 2890 2437 2949 Panis
2482 2892 2817 2967 genitorem

477 2971 762 3046 peculiari
826 2973 1197 3049 longiorique
1264 2975 1522 3033 carmine
1589 2975 2038 3050 concelebrant,
2101 2977 2268 3034 cuius
2334 2977 2394 3033 in
2463 2980 2816 3051 argumento

479 3057 668 3114 altera
709 3057 884 3116 huius
938 3058 1147 3133 hymni
1202 3077 1341 3134 pars
1387 3061 1674 3118 versatur.
1762 3059 1919 3119 Hinc
1969 3061 2150 3119 etiam
2201 3060 2423 3119 frustra
2479 3063 2596 3135 est,
2655 3061 2814 3136 quod

481 3161 534 3198 v.
569 3160 692 3217 seq.
737 3161 846 3240 pro
893 3138 1144 3199 ἔννεπον
1173 3143 1438 3220 Ilgenius
1482 3144 1676 3202 textui
1723 3144 1929 3203 intulit
1971 3140 2303 3242 edoxonov,
2347 3164 2526 3221 quam
2558 3144 2816 3204 formam

480 3226 637 3300 apud
682 3227 912 3302 epicum
960 3226 1174 3286 Nonne
1217 3229 1479 3302 priorem
1521 3248 1615 3287 me
1660 3229 1856 3304 legere
1898 3247 2021 3289 non
2064 3230 2326 3289 memini.

647 3312 745 3371 30.
793 3310 900 3369 καί
948 3304 1006 3388 ῤ’
1065 3305 1162 3388 o'y'
1222 3308 1279 3382 ἐς
1324 3313 1535 3390 vulgo,
1596 3313 1670 3372 ad
1732 3313 1891 3389 quod
1945 3314 2186 3373 initium
2230 3309 2627 3394 {repetendum
2682 3334 2811 3375 esse

480 3384 558 3465 ὥς
602 3397 836 3455 monuit
878 3396 1176 3472 IlgeniuS,
1224 3397 1474 3457 credidit
1519 3397 1832 3457 Frankius.
1922 3398 2105 3457 Male:
2155 3418 2275 3458 ιιοιι
2317 3402 2572 3475 possunt
2615 3418 2814 3459 neces·

477 3481 631 3539 saria
673 3480 756 3539 ibi
802 3481 1028 3555 omitti,
1092 3481 1193 3541 ubi
1237 3482 1477 3541 inutilia
1519 3484 1583 3541 et
1625 3482 1910 3558 languida
1952 3484 2363 3543 intruduntur.
2452 3483 2647 3543 Ceteri
2691 3485 2810 3543 edi-

477 3567 640 3624 tores
683 3565 821 3625 hinc
864 3567 1010 3628 iam
1032 3568 1221 3626 Musei
1266 3567 1542 3625 carminis
1586 3571 2005 3643 argumentum
2054 3568 2278 3628 directa
2322 3570 2491 3644 quasi
2546 3571 2813 3629 oratione

475 3649 685 3708 referri
715 3653 952 3725 putasse
985 3653 1303 3726 videntur,
1349 3652 1508 3749 quod
1539 3655 1610 3710 ut
1651 3653 1715 3710 in
1760 3653 2147 3728 sequentibus
2177 3653 2317 3711 inde
2347 3673 2382 3711 a
2403 3674 2463 3713 v.
2494 3649 2573 3712 32
2606 3660 2813 3729 aperte

475 3734 572 3809 fit,
619 3735 708 3792 ita
749 3736 1038 3796 absonum
1069 3736 1307 3797 videtur
1349 3737 1413 3794 in
1455 3737 1585 3811 ipso
1631 3738 1990 3796 narrationis
2035 3737 2106 3795 de
2138 3737 2316 3796 Panis
2352 3739 2583 3814 origine
2614 3740 2807 3798 initio.

474 3818 631 3878 Hinc
687 3806 778 3890 ὥς
837 3814 898 3877 δ’
955 3814 1055 3898 ἄρ’
1117 3816 1178 3890 ἐς
1233 3823 1301 3878 ut
1363 3820 1868 3896 simplicissimum
1937 3825 1999 3882 et
2062 3823 2516 3882 usitatissimum
2581 3825 2811 3898 scripsi.

472 3903 733 3962 Possunt
776 3906 955 3963 etiam
1000 3906 1116 3964 alia
1169 3906 1421 3980 tentari,
1482 3908 1551 3963 ut
1597 3900 1689 3976 ὥς
1735 3901 1800 3963 δ’
1847 3900 1956 3983 oy'
2006 3902 2064 3976 ἐς
2108 3912 2215 3965 aut
2256 3896 2418 3977 οἷος
2463 3898 2526 3964 δ’
2572 3914 2678 3966 aut
2721 3917 2811 3977 ὡς

473 3982 552 4045 δέ
606 3981 763 4045 ποτ’
814 3983 1152 4066 Ἀρκαδίην.
1253 3988 1372 4048 Sed
1427 3995 1679 4066 erraret,
1750 3993 1851 4066 qui
1912 3996 2157 4067 propter
2219 3991 2561 4051 litterarum
2616 3993 2812 4068 apices

472 4069 599 4128 καί
635 4067 791 4130 ποτ’
840 4069 899 4145 ἐς
943 4075 1289 4151 praeferret.

643 4157 1116 4220 31.1nfelioiter
1158 4161 1569 4236 HermannuS,
1627 4140 1727 4235 qui
1782 4161 2072 4220 librorum
2128 4161 2489 4236 scripturam
2545 4155 2701 4217 ἔνθα
2748 4155 2812 4218 δέ

473 4243 757 4316 correxit,
814 4263 844 4302 e
902 4246 1094 4304 tribus
1149 4244 1320 4304 codd.
1376 4245 1594 4305 Parias.
1708 4242 2048 4320 Κυλληνίου
2105 4247 2358 4322 recepit3
2427 4264 2538 4305 nec
2594 4246 2811 4304 melius

472 4325 721 4384 Bothius
765 4322 901 4402 ἔστη
944 4349 1051 4405 pro
1098 4325 1257 4388 ἐστίν
1301 4332 1573 4395 coniecit
1647 4328 1720 4387 In
1764 4348 1906 4389 aure
1951 4329 2161 4389 habuit
2202 4335 2406 4393 noster
2456 4331 2653 4390 Y391
2703 4321 2810 4387 όθι

473 4428 559 4470 τοι
602 4405 835 4487 τέμενος
879 4411 1184 4496 πατρώιόν
1228 4409 1408 4475 ἐστιν.
