3132 5129
1329 400 1445 417 ·-—
1537 370 1664 433 534
1751 407 1833 417 —

924 547 1038 583 ταν
1081 521 1146 584 ἕν
1191 520 1515 602 θρήνοις
1555 523 1770 596 ’Ἀιδας
1814 520 1993 602 ὑμνεῖ

929 609 1060 687 δίχα
1105 606 1403 671 παιάνων.

441 733 801 792 Sollemnem
848 726 1101 805 θρήνων
1146 732 1324 806 atque
1369 727 1654 789 παιάνων
1700 730 2132 806 oppositionem
2177 749 2349 789 nemo
2393 731 2656 807 ignorat,
2704 735 2773 790 ut

437 818 823 891 transpositio
870 818 1025 875 certe
1069 834 1361 891 perquam
1404 816 1731 893 probabilis
1774 816 2067 875 videatur.

609 902 723 959 Sed
769 901 831 959 hi
878 919 1101 975 versus,
1148 903 1677 976 quomodocunque
1722 901 2092 974 scribuntur,
2141 902 2342 958 tamen
2387 920 2493 959 nec
2538 901 2770 976 qualem

439 987 799 1048 sententiam
855 985 1113 1044 habeant
1163 1004 1273 1045 nec
1314 1008 1350 1046 a
1393 1006 1510 1062 quo
1556 986 1790 1045 recitati
1832 985 1981 1060 sint,
2027 987 2091 1045 in
2136 984 2385 1044 obscuro
2431 987 2615 1044 situm
2660 990 2770 1045 est.

442 1074 634 1131 Multo
679 1071 845 1146 peior
889 1072 983 1130 est
1027 1071 1406 1146 sequentium
1450 1071 1590 1130 inde
1621 1092 1657 1129 a
1689 1091 1743 1129 v.
1782 1070 1900 1128 186
1933 1070 2218 1144 condici0,
2266 1068 2369 1128 ubi
2414 1089 2537 1129 non
2581 1072 2771 1129 solum

439 1159 512 1217 de
557 1156 925 1233 singulorum
970 1155 1288 1214 verborum
1332 1159 1395 1216 et
1440 1158 1737 1231 scriptura
1782 1157 1843 1213 et
1885 1155 2379 1230 interpretatione
2424 1175 2641 1232 magna
2682 1160 2775 1215 est

438 1242 865 1316 controversia,
937 1241 1038 1300 scd
1097 1240 1305 1316 etiam,
1365 1245 1568 1299 utrum
1626 1240 1816 1299 Chore
1873 1259 1949 1297 an
2004 1240 2349 1316 Iphigeniae
2401 1241 2773 1300 adscribendi

440 1330 580 1401 sint,
626 1325 818 1384 adhuc
863 1324 1204 1400 ambigitur.
1294 1326 1463 1385 Libri
1516 1325 1757 1401 quidem
1802 1343 1951 1399 quae
1997 1326 2328 1400 sequuntur
2371 1326 2570 1384 omnia
2615 1326 2775 1400 Iphi·

439 1414 646 1490 geniae
678 1411 974 1484 tribuunt,
1008 1409 1109 1467 sed
1146 1410 1403 1470 editores
1435 1410 1576 1468 inde
1612 1409 1684 1468 ab
1710 1410 1995 1467 Elmsleio
2023 1414 2084 1468 et
2104 1410 2448 1469 Hermanno
2479 1414 2778 1469 v.186—-

443 1500 563 1556 202
597 1494 757 1568 οἴμοι
780 1527 859 1537 -
885 1490 981 1551 ἐπὶ
1025 1488 1118 1551 σοὶ
1165 1492 1398 1571 δαίμων
1429 1494 1625 1553 Choro
1671 1493 2058 1569 reliquerunt,
2107 1497 2202 1553 cui
2232 1494 2601 1571 Iphigeniam
2634 1496 2775 1554 inde

442 1604 476 1640 a
519 1602 576 1641 v.
611 1582 732 1639 203
790 1575 846 1650 ἐξ
902 1570 1089 1654 ἆρχᾶς
1143 1598 1241 1654 μοι
1297 1583 1407 1639 etc.
1454 1578 1918 1655 respondentem
1958 1579 2226 1654 faciunt,
2284 1583 2596 1655 postquam
2658 1582 2775 1638 iam

445 1666 837 1757 Musgravius,
872 1665 1150 1757 quoniam
1183 1664 1384 1740 „quod
1415 1664 1784 1739 promisisset
1815 1662 2057 1739 ChoruS,
2107 1684 2165 1723 se
2197 1666 2474 1723 lamentis
2505 1665 2778 1725 dominae

441 1740 853 1825 ἀντιψάλμους
908 1737 1068 1828 ᾠδὰς
1123 1749 1525 1823 redditurum,
1583 1751 1859 1850 nuspiam
1905 1748 2341 1824 praestiterit“,
2389 1753 2550 1808 certe
2594 1751 2781 1810 verba

441 1834 622 1911 οἴμοι,
668 1834 783 1891 τῶν
820 1806 1125 1909 Ἀτρειδᾶν
1169 1831 1391 1910 δόμων·
1443 1830 1600 1910 ἔρρει
1630 1830 1829 1907 φόως
1861 1829 1972 1913 (sic
2001 1832 2206 1913 libril)
2238 1831 2555 1911 σκήπτρων
2588 1836 2778 1893 eidem

346 1930 407 1976 10
439 1919 796 1996 adsignavit.
867 1918 1238 1977 contradixit
1279 1919 1372 1977 his
1402 1937 1597 1993 nuper
1640 1917 1890 1976 Kvicala
1931 1939 1989 1993 p.
2023 1920 2142 1977 227
2170 1938 2259 1994 sq.
2308 1921 2487 1977 etiam
2531 1920 2706 1979 aliis
2691 1940 2781 1979 m·

442 2006 678 2066 terdum
733 2004 878 2063 locis
934 2004 1225 2078 promisso
1281 2002 1570 2062 eiusmodi
1630 2002 1886 2062 Chorum
1946 2023 2067 2062 non
2122 2006 2280 2062 stare
2334 2007 2514 2063 ratus
2606 2004 2781 2075 Quod

441 2108 802 2168 quamquam
848 2088 1081 2147 Klotzio
1127 2088 1438 2163 persuasit,
1485 2088 1698 2147 horum
1744 2091 1946 2147 tamen
1989 2089 2254 2147 locorum
2298 2090 2474 2166 longe
2520 2091 2639 2148 alia
2686 2094 2781 2149 est

443 2177 614 2235 ratio.
689 2174 844 2232 Nam
888 2174 951 2231 in
996 2173 1276 2250 Aeschyli
1322 2173 1516 2231 Persis
1561 2193 1618 2231 v.
1654 2174 1774 2232 936
1802 2193 1930 2249 sqq.
1977 2192 2158 2249 quam
2205 2175 2506 2248 promittit
2550 2175 2782 2233 Chorus

444 2255 820 2333 κακοφάτιδα
865 2254 1039 2335 βοάν,
1097 2279 1165 2318 ea
1223 2258 1482 2318 dubitari
1543 2278 1664 2317 non
1721 2262 1919 2334 potest
1978 2259 2123 2333 quin
2181 2260 2474 2317 contineri
2518 2261 2782 2334 putanda

443 2349 521 2405 sit
565 2344 820 2420 repetito
865 2344 1114 2403 fortasse
1173 2342 1351 2402 οἰοιοῖ
1381 2343 1673 2418 lamento,
1737 2362 1854 2417 quo
1899 2345 2337 2417 percontationi
2401 2345 2472 2402 de
2518 2346 2782 2421 singulo-

444 2451 576 2490 rum
621 2431 837 2488 ducum
882 2432 1044 2488 sorte
1087 2429 1394 2503 praefatur
1437 2449 1495 2488 v.
1531 2430 1655 2488 954
1700 2432 1760 2486 et
1806 2430 1948 2503 966,
1996 2447 2353 2504 quamquam
2397 2429 2547 2488 hanc
2592 2432 2783 2505 ipsam

445 2515 947 2592 percontationem
992 2514 1466 2589 interi-aptorum
1524 2515 1921 2572 lamentorum
1968 2531 2203 2572 causam
2248 2533 2378 2574 csse
2421 2533 2540 2574 non
2586 2516 2784 2574 minus

447 2602 736 2660 sonticam
765 2599 961 2674 quivis
992 2600 1275 2660 concedet
1302 2619 1480 2673 quam
1513 2597 1785 2657 Creontis
1815 2599 2135 2658 adventum
2168 2600 2229 2658 in
2260 2600 2480 2658 Phoen.
2513 2620 2568 2660 v.
2596 2603 2778 2675 1307,

445 2705 562 2760 quo
608 2684 1014 2743 animadverso
1063 2683 1292 2742 Chorus
1337 2703 1397 2742 sc
1441 2684 1516 2742 ab
1563 2685 1798 2758 incepta
1844 2684 1959 2741 iam
2005 2685 2182 2742 nenia
2226 2685 2354 2759 ipse
2412 2688 2652 2745 revocat
2697 2686 2783 2744 di-

447 2771 621 2827 sertis
667 2769 892 2827 verbis:

573 2877 722 2944 ἀλλὰ
765 2878 878 2980 γάρ
925 2881 1192 2963 Κρέοντα
1237 2877 1464 2944 λεύσσω
1510 2883 1680 2945 τόνδε
1727 2885 1906 2964 δεῦρο
1950 2885 2225 2962 συννεφῆ

573 2965 720 3049 πρὸς
766 2963 982 3046 δόμους
1025 2969 1344 3047 στείχοντα,
1389 2987 1637 3029 παυσω
1680 2968 1850 3042 τούς
1894 2979 2367 3050 παρεστῶτας
2413 2970 2660 3050 γόους.

448 3093 518 3150 In
564 3090 869 3165 Sophoclis
915 3090 1242 3149 Trachiniis
1287 3109 1430 3149 vero
1476 3109 1610 3148 cum
1656 3090 1884 3148 Chorus
1928 3111 1985 3151 v.
2021 3094 2144 3151 210
2166 3112 2255 3166 sq.
2301 3091 2499 3152 verbis

1155 3202 1307 3283 ὁμοῦ
1350 3202 1412 3264 δὲ
1455 3214 1718 3282 παιᾶνα,
1763 3215 1992 3267 παιᾶνα

1057 3368 1063 3374 ¹
1161 3287 1407 3369 άιάγετ’
1458 3293 1504 3351 ὠ
1551 3289 1845 3372 παρθένοι

448 3451 731 3507 paeanem
777 3430 1080 3504 indicavit,
1127 3429 1327 3488 hunc
1313 3449 1507 3504 lpsum
1541 3431 1814 3490 sollemni
1846 3430 2296 3506 epiphonemate
2341 3423 2432 3507 ι’ὠ,
2480 3421 2550 3490 ἰώ
2578 3430 2784 3491 Παιάν

449 3539 505 3575 v.
552 3519 665 3573 221
731 3514 1022 3574 contineri
1075 3533 1197 3572 non
1253 3519 1343 3572 cst
1394 3515 1552 3589 quod
1610 3514 1897 3590 ambigas,
1996 3515 2204 3592 Longe
2257 3516 2374 3574 alia
2438 3522 2530 3576 est
2592 3521 2785 3577 nostri

449 3603 564 3659 loci
610 3601 792 3674 ratic,
853 3600 982 3674 ubi,
1039 3601 1088 3658 si
1135 3599 1424 3657 librorum
1468 3601 1887 3659 auctoritatem
1932 3603 2225 3677 sequariS,
2289 3604 2425 3698 post
2468 3593 2784 3663 indicatam

450 3691 510 3744 et
575 3685 931 3780 descriptam
995 3703 1096 3744 sex
1159 3685 1428 3743 versibus
1503 3686 1711 3744 cantus
1777 3686 2043 3743 funebris
2110 3688 2552 3761 responsionem
2628 3688 2789 3764 ipsa

448 3770 845 3845 Iphigenia
874 3789 930 3828 v.
961 3771 1287 3828 186-191
1323 3789 1540 3844 earum,
1575 3789 1721 3845 quas
1754 3789 1936 3844 supra
1964 3771 2082 3827 iam
2114 3791 2170 3830 v.
2198 3771 2527 3829 152—155
2560 3773 2784 3849 effudit,

448 3854 822 3929 querelarum
870 3857 930 3912 et
972 3853 1170 3913 verbis
1215 3856 1276 3911 et
1321 3856 1620 3913 sententia
1681 3855 2015 3914 simillimas
2073 3857 2379 3930 repetit.
2469 3857 2598 3916 Hoc
2642 3877 2784 3918 vcro

451 3940 740 3998 absonum
799 3958 925 3998 esse
981 3941 1161 3997 immo
1218 3939 1372 3998 hanc
1427 3940 1621 4014 ipsam
1666 3940 2088 4015 repetitionem
2132 3961 2168 3998 a
2214 3941 2406 4000 Choro
2453 3946 2785 4003 necessario

452 4026 826 4100 pronuntiari
875 4027 996 4082 tam
1040 4027 1238 4099 aperte
1285 4024 1478 4099 primo
1522 4026 1652 4083 eius
1697 4026 1877 4084 verbo
1921 4017 2451 4101 ἀντιψάλμους
2498 4017 2660 4106 ῳδάς
2701 4030 2788 4088 in·

452 4109 715 4183 dicatur,
778 4114 844 4167 ut
888 4110 961 4167 ad
1005 4109 1156 4167 hanc
1190 4109 1431 4183 quidem
1477 4129 1604 4168 rem
1650 4110 2073 4168 conficiendam
2115 4130 2191 4169 ne
2236 4111 2614 4186 Hesychiana
2656 4116 2784 4189 qui-

450 4193 584 4250 dem
639 4194 840 4268 glossa
895 4212 1044 4292 opus
1103 4195 1208 4252 sit·
1273 4186 1832 4268 ἀντιψάλμους·
1898 4188 2350 4271 ἀντιστρόφους.
2452 4189 2786 4274 Ευριπίδης

443 4271 763 4357 Ιφιγενεία
806 4298 877 4358 τη
922 4274 988 4335 ἐν
1023 4270 1294 4355 Ταύροις.
1357 4279 1464 4338 Cui
1494 4281 1746 4356 glossae,
1794 4299 1911 4354 qua
1939 4280 2014 4337 ad
2046 4281 2565 4340 demonstrandam
2600 4284 2784 4343 totius

451 4362 657 4436 paredi
704 4362 1065 4437 strophicam
1110 4365 1400 4421 rationem
1447 4366 1589 4423 olim
1636 4365 1803 4422 abusi
1850 4368 2007 4436 sunt,
2043 4385 2151 4461 ‘qu
2141 4384 2415 4440 {mquam
2462 4370 2620 4426 certe
2664 4387 2786 4426 non

454 4448 560 4504 hoc
603 4447 775 4520 inest,
823 4448 981 4521 quod
1023 4449 1112 4505 illi
1155 4448 1504 4521 voluerunt,
1553 4452 1753 4522 potest
1794 4452 1995 4510 tamen
2039 4450 2230 4510 inesse
2275 4450 2558 4510 indicium
2607 4453 2784 4512 Ghori

315 4817 318 4818 ξ
391 4787 666 4968 3
