3132 5129
1289 403 1370 414 .-
1457 366 1581 430 333
1673 403 1746 414 .-

526 525 601 584 V.
650 525 792 582 614.
855 523 1276 583 Praetulerim:

655 641 710 701 εἰ
748 639 849 701 καὶ
890 635 1061 721 βάξις
1104 628 1388 710 ἄπυστος
1433 629 1529 698 ἐπ’
1576 631 1942 718 ἀνθρώπους
1988 636 2290 718 ἐπέρησεν.

353 763 489 821 Non
531 762 888 821 incredibilis
931 762 1088 820 enim
1135 756 1284 838 (ἅπι
1300 758 1499 839 στος),
1545 760 1647 819 sed
1692 763 1921 835 iynota,
1966 762 2209 820 obscura
2260 759 2508 818 dicenda
2555 762 2685 817 erat

357 849 531 923 fama,
578 866 695 921 qua
738 846 935 922 talpae
979 865 1050 904 ex
1095 845 1318 904 Phineo
1363 865 1504 922 rege
1551 845 1785 903 oriundi
1833 846 2259 904 referebantur.

1324 1033 1544 1105 Liber
1600 1032 1726 1105 ΠΙ.

526 1138 603 1198 V.
650 1140 750 1198 37.

661 1233 876 1298 Οὐκέτι
919 1228 1221 1316 λαχνήεις,
1267 1233 1434 1317 ὀλίγη
1477 1230 1534 1296 δ’
1589 1234 1987 1317 ἐπιδέδρομεν
2013 1235 2256 1315 αἴγλη.

358 1358 602 1438 Αἴγλη
649 1358 960 1419 Conradus
1004 1356 1328 1417 Gessnerus
1371 1359 1444 1417 de
1488 1359 1597 1434 pili
1641 1359 1954 1435 splendore
1997 1358 2308 1433 intellexit,
2355 1358 2512 1433 quod
2558 1358 2683 1418 fieri

355 1446 581 1521 nequit.
654 1445 780 1504 Nec
824 1444 974 1502 h.1.
1023 1443 1096 1502 de
1138 1445 1483 1517 ερῑεοιάἰᾱὶε,
1531 1444 1632 1502 sed
1678 1444 1750 1503 de
1793 1446 1962 1503 hirtis
2007 1444 2144 1519 pilis
2190 1462 2401 1503 sermo.
2477 1443 2686 1519 Neque

358 1532 638 1606 praestat,
686 1529 843 1605 quod
889 1529 952 1587 in
997 1528 1257 1588 editione
1302 1529 1488 1604 priori
1532 1528 1914 1588 Schneiderus
1958 1549 1989 1588 e
2019 1529 2355 1588 coniectura
2380 1528 2685 1605 Rutgersii

356 1615 605 1691 recepit:
653 1609 1036 1689 ἐπιδέδρομεν
1077 1633 1281 1688 αχνη.
1355 1614 1562 1689 Neque
1609 1614 1765 1673 enim
1809 1615 1916 1690 pili
1961 1612 2148 1673 leonis
2192 1614 2408 1689 lanuyo
2452 1612 2685 1672 dicendi

357 1704 549 1759 erant.
639 1699 753 1758 Sed
800 1699 992 1757 facilis
1037 1702 1129 1758 est
1171 1698 1430 1757 medela.
1477 1701 1657 1774 poeta
1699 1698 1974 1758 dederat:
2021 1690 2190 1776 ὀλίγη
2236 1691 2291 1755 δ’
2341 1693 2686 1773 ἐπιδέδρομε

357 1784 605 1927 201le
651 1783 743 1928 ἓξ
786 1784 929 1843 iuba
975 1783 1132 1842 enim
1177 1802 1509 1843 sermonem
1542 1802 1688 1859 esse,
1738 1787 1984 1861 apparet
2014 1803 2084 1843 ex
2115 1804 2171 1844 v.
2199 1785 2276 1843 27
2292 1802 2382 1859 sq.
2414 1784 2475 1843 et
2503 1804 2565 1843 v.
2586 1784 2687 1842 31.

755 1887 841 1944 sq.

669 1983 860 2045 Εἴδεα
906 1977 967 2044 δ’
1011 1977 1415 2091 ἀμφοτέρῃσιν
1461 1976 1661 2062 ὁμοίια
1707 1983 2156 2064 δαιδαλλονται,

665 2065 848 2146 νόσφι
890 2068 1078 2148 μόνης
1123 2064 1337 2150 οὐρῆς·
1382 2068 1424 2148 ἣ
1468 2069 1525 2128 δ’
1577 2069 1829 2149 ἔμπαλιν
1871 2070 2230 2149 εἰσορᾶαται.

364 2191 461 2249 Ita
509 2190 892 2251 Schneider-us
958 2192 1154 2250 locum
1220 2211 1252 2250 e
1319 2192 1656 2251 coniectura
1725 2192 1991 2266 scripsit,
2064 2209 2194 2250 cum
2251 2192 2313 2250 in
2373 2192 2544 2250 libris
2608 2213 2693 2272 τη

359 2270 412 2419 E'
449 2272 698 2422 ἔμπαλιέ
740 2275 1055 2352 legeretur.
1115 2275 1286 2335 Unde
1307 2276 1507 2352 potius
1540 2283 1623 2356 τῇ
1653 2269 1714 2333 δ’
1749 2272 2005 2352 ἔμπαλιν
2033 2267 2407 2353 εἰσοράανται
2438 2276 2692 2335 efficien-

407 2380 505 2419 um
550 2380 651 2420 era

530 2445 604 2505 V.
657 2446 774 2504 151
802 2464 928 2522 sqq.

665 2559 760 2624 Ου
807 2562 922 2643 γάρ
967 2585 1056 2624 τοι
1098 2557 1352 2642 θήρεσσι
1394 2557 1608 2643 νόμος,
1652 2557 1877 2666 γαστὴρ
1921 2584 2014 2623 οτε
2058 2560 2312 2641 πληθει,

667 2647 727 2721 ἐς
772 2648 933 2726 λέχος
980 2647 1312 2728 ἐρχομένοις
1355 2646 1570 2710 τελέειν
1614 2644 1956 2725 φιλοτήσιον
2000 2646 2207 2728 ἔργον,

667 2727 850 2810 νόσφι
890 2732 1093 2812 μόνων
1139 2737 1378 2812 λυγκῶν
1420 2727 1851 2813 ὀλιγοδρανέων
1892 2755 1953 2793 τε
1998 2737 2266 2814 λαγωῶν.
2364 2753 2367 2756 ²

363 2854 514 2913 Cum
560 2854 632 2913 de
676 2854 951 2931 lyncibus
982 2854 1196 2913 nullibi
1226 2873 1295 2913 ea
1323 2854 1596 2913 tradatur
1627 2855 2102 2931 intemperantia,
2149 2859 2309 2915 recte
2337 2855 2695 2931 interpretes

364 2941 426 2998 in
484 2939 772 2999 vocabulo
817 2941 1056 3016 λυγκῶν
1104 2939 1496 2999 offenderunt.
1589 2939 1705 2998 Sed
1750 2959 1869 2999 non
1914 2941 2131 3016 probo,
2186 2940 2345 3017 quod
2388 2938 2695 3000 Amaldus

363 3042 470 3100 pro
528 3043 597 3083 eo
641 3018 881 3099 ἄρκτων
922 3023 1103 3083 scribi
1146 3025 1355 3084 voluit.
1443 3025 1599 3083 Nam
1645 3044 1719 3084 ne
1763 3044 1929 3085 ursas
1974 3026 2240 3102 quidem,
2299 3026 2440 3084 dum
2483 3029 2695 3085 ventre

364 3110 576 3182 ferant,
609 3129 678 3167 ex
713 3108 971 3185 Oppiani
1001 3110 1299 3168 sententia
1329 3112 1549 3168 coitum
1583 3129 1866 3185 exercere,
1900 3129 1971 3169 ex
2000 3131 2057 3171 v.
2095 3113 2217 3171 150
2246 3113 2307 3170 et
2335 3130 2392 3170 v.
2428 3112 2544 3170 154
2564 3131 2693 3187 sqq.

365 3195 509 3252 satis
555 3213 851 3269 superque
898 3195 1162 3270 apparet.
1250 3194 1407 3253 Solis
1451 3194 1752 3271 leporibus
1796 3214 1865 3254 ea
1907 3195 2094 3256 libido
2140 3195 2498 3255 adscribitur
2539 3197 2697 3254 infra

365 3299 420 3338 v.
469 3279 592 3336 514
617 3298 748 3354 sqq.
836 3279 1046 3355 Itaque
1108 3278 1147 3336 ii
1204 3279 1315 3338 soli
1372 3280 1465 3338 hic
1508 3299 1743 3355 quoque
1788 3281 2100 3339 memorati
2146 3283 2303 3340 sunt.
2392 3279 2564 3340 Unde
2609 3281 2695 3338 in-

365 3362 1175 3507 tenegssuglgmendandum
1220 3382 1346 3423 esse
1390 3366 1625 3442 λυγρῶν
1670 3355 2097 3442 ὀλιγοδρανέων
2140 3386 2199 3424 τε
2243 3367 2504 3444 λαγωῶν.

593 3498 606 3511 .
798 3468 927 3525 sqq.

671 3562 1099 3645 Δρυπτομένην
1142 3559 1382 3642 ἁπαλήν
1424 3587 1484 3627 τε
1528 3564 1824 3646 παρηίδα,
1872 3564 2052 3646 νέρθε
2095 3589 2155 3628 τε
2197 3570 2443 3645 μαζῶν

671 3648 880 3729 αἵματι
923 3647 1253 3729 δευομένην
1294 3655 1502 3734 θερμῷ
1544 3656 1730 3734 λιαρῷ
1773 3674 1831 3713 τε
1876 3652 2145 3731 γάλακτι.

370 3768 492 3828 Cur
553 3771 769 3829 mulier
830 3772 996 3843 infra
1047 3790 1336 3831 mammas
1390 3772 1680 3849 sanguine
1733 3776 1799 3832 et
1854 3774 2006 3832 lacte
2060 3774 2282 3848 stillet,
2350 3792 2469 3832 non
2535 3775 2697 3848 ipsas

367 3857 708 3915 mammas?
793 3856 922 3915 Hae
976 3857 1133 3915 enim
1190 3857 1585 3931 pulsabantur
1645 3877 1680 3916 a
1721 3857 2065 3934 lugentibus
2111 3858 2367 3917 feminis
2459 3859 2693 3919 Scribo.

369 3935 550 4017 νέρθε
596 3961 654 3999 τε
698 3933 924 4016 μαζόν.

536 4025 612 4084 v.
657 4027 893 4101 256sq.

672 4176 1601 4190 ——————
1686 4138 1827 4205 οὐδὲ
1868 4143 2146 4225 βροτείην

674 4223 1048 4306 δουλοσύνην
1092 4225 1228 4306 ἔτλη
1271 4224 1428 4287 ποθ’
1474 4223 1847 4308 ὑπερφίαλον
1888 4229 2054 4310 γένος
2097 4226 2326 4292 αἰνόν.

371 4348 530 4410 Satis
574 4353 702 4409 erat
743 4349 1050 4425 epitheton
1094 4335 1496 4426 υπερφίαλον,
1541 4351 1862 4427 inepteque
1905 4350 2146 4410 additur
2189 4344 2382 4411 αἰνόν.
2457 4353 2694 4431 Mirum,

368 4435 431 4493 ni
476 4436 807 4510 scripserit:
855 4454 916 4513 γε
907 4431 1026 4505 ’νος
1070 4442 1337 4495 αυτων.

2725 1714 2790 1764 48
