3132 5129
365 893 429 941 37

1402 389 1698 451 -286
1793 425 1859 435 ——-

465 546 643 605 nibus
688 545 1009 604 conflatum
1065 546 1129 603 et
1172 546 1323 618 812,
1382 564 1557 620 quem
1616 565 1685 603 ex
1739 544 1916 605 Hom.
1967 546 2051 602 M
2077 546 2197 604 134
2252 547 2592 605 mutuatum
2651 547 2802 607 vidit

468 630 751 705 Wolfius,
797 631 1053 690 fortasse
1096 632 1443 705 propterea,
1491 630 1651 705 quod
1694 630 1871 689 modo
1926 637 2037 707 γῆς
2082 627 2280 707 ρ’ῐζαι
2337 638 2797 707 praecesserant,

466 718 794 775 intrusum:
852 708 1194 791 ἀστεμφέως
1238 715 1473 791 legerat
1515 715 1909 790 interpolator
1955 716 2097 773 748.
2173 716 2485 775 Postremo
2531 712 2803 794 νέρθεν

466 802 676 875 scripsi
724 802 876 875 813,
924 799 1082 875 quod
1128 801 1314 859 totius
1359 800 1472 858 loci
1518 801 1840 859 conexione
1882 800 2250 875 postulatur:
2298 798 2593 877 πρόσθεν,
2642 802 2801 877 quod

467 887 769 946 invectum
814 905 885 945 ex
933 886 1053 943 746
1116 888 1180 943 et
1226 887 1344 943 767
1406 886 1589 962 vulgo
1645 885 1895 962 legitur,
1958 885 2256 962 quomodo
2316 888 2565 944 torserit
2620 888 2802 945 etiam

465 973 528 1029 in
573 971 857 1029 hodierno
890 988 1173 1029 versuum
1206 969 1411 1029 ordine
1442 971 1828 1045 interpreteS,
1862 970 2020 1046 apud
2053 969 2533 1029 Schoemannum
2564 990 2797 1046 opusce.

465 1056 526 1113 II
571 1077 628 1132 p.
663 1057 783 1114 337
817 1075 908 1130 sq.
955 1055 1155 1131 legere
1186 1056 1345 1114 licet.
1423 1055 1661 1113 Addere
1706 1056 1903 1130 placet
1930 1058 1993 1113 et
2022 1054 2172 1113 illud
2202 1050 2397 1131 πέρην
2424 1052 2622 1126 Χάεος
2654 1057 2796 1130 814,

468 1142 531 1200 in
577 1159 695 1216 quo
742 1140 871 1215 ipso
918 1140 1159 1199 fuerunt
1203 1142 1304 1215 qui
1353 1140 1754 1214 offenderent,
1801 1143 1864 1198 et
1894 1139 2053 1199 Iovis
2098 1133 2506 1217 ἐρισμαράγοιο
2549 1142 2797 1200 mentio-

465 1245 600 1284 nem
646 1228 852 1285 nostro
895 1228 1106 1300 poetae
1151 1225 1492 1300 convenire,
1553 1225 1713 1300 apud
1761 1244 1938 1300 quem
1984 1222 2260 1300 Chaos,
2321 1225 2376 1287 h.
2425 1245 2476 1284 e.
2538 1226 2799 1299 spatium

467 1310 615 1368 illud
659 1312 819 1369 inter
863 1312 1082 1369 terram
1125 1313 1188 1368 et
1230 1309 1481 1367 Tartara
1525 1313 1861 1384 extensum,
1909 1308 2134 1368 scilicet
2161 1327 2477 1385 personam
2526 1310 2799 1367 indutum

465 1414 696 1455 summo
727 1395 889 1453 Iovis
933 1395 1256 1453 fulmina
1299 1395 1720 1454 iaculantis
1767 1397 1990 1454 terrore
2020 1396 2382 1453 concitatum
2414 1415 2470 1454 v.
2507 1397 2629 1455 700
2659 1414 2793 1470 sqq.

469 1480 742 1539 vidimus.

622 1563 919 1624 Ultimum
942 1567 1130 1633 restat
1153 1564 1254 1623 sed
1271 1564 1517 1623 arduum
1532 1582 1668 1622 cum
1688 1562 1735 1621 Τ
1749 1584 1789 1640 y
1807 1564 1893 1639 ph
1908 1584 1941 1623 o
1958 1583 1988 1623 e
2002 1582 2037 1622 o
2059 1566 2357 1623 certamen
2371 1585 2429 1624 v.
2444 1564 2798 1640 820-868,

469 1651 564 1707 cui
609 1669 704 1708 me
748 1650 939 1708 adhuc
983 1649 1269 1724 imparem
1315 1667 1443 1710 esse
1498 1650 1758 1725 ingenue
1813 1650 2025 1709 fateor.
2102 1648 2257 1707 Nam
2303 1651 2364 1707 in
2410 1650 2621 1708 ceteris
2668 1650 2794 1723 qui-

472 1736 606 1793 dem
651 1734 1030 1809 Theogoniae
1074 1734 1345 1809 partibus
1391 1737 1670 1809 corrupta
1714 1737 1773 1792 et
1815 1733 2174 1809 interpolata
2217 1752 2350 1792 cum
2395 1735 2554 1793 sanis
2598 1738 2660 1792 et
2699 1753 2796 1809 ge·

467 1820 668 1879 nuinis
714 1820 799 1878 ita
842 1819 963 1877 fere
1009 1819 1328 1878 commixta
1372 1823 1540 1894 sunt,
1588 1822 1659 1877 ut
1701 1818 1794 1878 his
1837 1819 1927 1877 uti
1972 1819 2164 1894 possis
2210 1819 2284 1876 ad
2329 1818 2696 1877 emendanda
2741 1822 2801 1876 et

468 1903 804 1980 detegenda
847 1905 981 1977 illa,
1029 1905 1090 1961 in
1122 1904 1234 1961 hoc
1278 1921 1418 1963 vero
1465 1904 1724 1962 carmine
1768 1903 1937 1963 tabes
1982 1907 2178 1962 totum
2224 1905 2394 1978 quasi
2439 1922 2654 1978 corpus
2698 1923 2794 1962 va·

466 1989 652 2048 stavit
705 2007 1008 2064 paeneque
1064 1988 1286 2064 singuli
1353 2007 1558 2047 versus
1612 1990 1800 2047 tantis
1868 1987 2323 2047 difficultatibus
2380 1990 2562 2064 atque
2617 1988 2800 2047 offen-

466 2074 734 2133 sionibus
779 2073 978 2131 obruti
1024 2076 1192 2147 sunt,
1240 2075 1307 2131 ut
1352 2091 1469 2147 quo
1513 2076 1575 2132 te
1620 2077 1820 2132 vertas
1865 2074 2138 2148 profecto
2182 2073 2430 2132 nesciae.
2507 2071 2620 2131 Vel
2665 2073 2798 2131 Ma-

466 2159 955 2233 nethoniana,
1003 2158 1219 2233 quibus
1250 2159 1588 2232 corruptius
1618 2158 1773 2216 nihil
1804 2158 2058 2235 cogitari
2086 2160 2315 2233 potest,
2363 2157 2455 2217 his
2485 2157 2797 2217 Hesiodeis

465 2248 765 2318 praestare
807 2244 952 2301 mihi
1000 2243 1298 2301 videntur.
1373 2241 1585 2319 Itaque
1642 2243 1906 2302 nondum
1960 2262 2086 2302 rem
2141 2242 2217 2300 ad
2275 2242 2539 2301 Triarios
2613 2241 2795 2301 addu-

467 2347 597 2387 cere
643 2328 746 2388 sed
789 2328 906 2386 levi
951 2327 1300 2386 velitatione
1348 2327 1695 2401 praeludere
1749 2328 1964 2403 placet.
2039 2327 2315 2385 Vidimus
2376 2327 2593 2403 prioris
2638 2326 2695 2389 h.
2741 2346 2794 2385 e.

465 2412 811 2473 recentioris
856 2412 1234 2489 Theogoniae
1281 2415 1584 2471 auctorem
1628 2431 1751 2471 non
1792 2412 1921 2471 Iovi
1967 2413 2072 2472 sed
2115 2411 2481 2471 Centimanis
2515 2411 2797 2470 Titanum

466 2497 776 2557 victoriam
822 2497 1166 2574 adsignare:
1228 2496 1372 2572 quid
1432 2496 1592 2572 quod
1647 2497 1749 2555 ille
1806 2516 1880 2556 ne
1935 2496 2164 2556 fulmen
2220 2495 2461 2573 quidem
2520 2496 2799 2556 habuisse

465 2584 568 2643 sed
613 2582 825 2642 iisdem
869 2587 1046 2657 atque
1091 2584 1276 2641 ceteri
1322 2584 1383 2641 et
1424 2582 1509 2640 dii
1554 2584 1616 2641 et
1658 2582 1901 2642 Titanes
1949 2583 2084 2642 telis
2129 2581 2187 2640 h.
2234 2601 2287 2640 e.
2335 2581 2588 2656 rupibus
2633 2583 2800 2641 iactis

465 2667 827 2744 pugnavisse
884 2666 1150 2725 videtur:
1218 2666 1340 2726 vid.
1399 2667 1757 2726 676—684.
1828 2668 2186 2726 713—716.
2270 2666 2385 2724 Hic
2442 2685 2583 2726 vero
2643 2666 2798 2725 idem

464 2756 695 2829 pugnat
737 2752 897 2809 solus
943 2769 1076 2809 cum
1120 2750 1249 2809 solo
1295 2750 1578 2827 Typhoeo
1624 2751 1977 2810 fulminibus
2020 2771 2193 2826 usus,
2255 2770 2405 2826 quae
2460 2769 2619 2809 nunc
2676 2752 2795 2826 pri·

464 2855 622 2893 mum
671 2855 807 2893 eum
851 2837 1141 2911 accepisse
1190 2854 1306 2894 uno
1351 2839 1508 2895 certe
1552 2835 1683 2895 loco
1728 2836 1898 2894 innui
1942 2836 2184 2895 videtur
2228 2836 2495 2894 omnium
2541 2835 2663 2893 fere
2706 2854 2797 2894 sa·

464 2921 711 2980 nissimo
756 2939 812 2980 v.
846 2920 1208 2995 853—856,
1256 2921 1358 2996 qui
1404 2940 1546 2978 sane
1589 2924 1796 2995 aperto
1826 2920 2024 2980 fronte
2054 2923 2288 2997 pugnat
2330 2939 2463 2979 cum
2507 2921 2599 2995 iis,
2649 2939 2799 2995 quae

467 3023 648 3102 supra
698 3007 942 3062 narrata
998 3009 1140 3064 sunt
1191 3025 1246 3067 v.
1305 3006 1426 3064 836
1486 3007 1549 3063 et
1605 3007 1726 3064 838
1760 3024 1895 3082 sqq.
1956 3003 2119 3082 (nam
2178 3006 2300 3065 837
2357 3005 2656 3063 recentior
2707 3007 2799 3063 est

469 3090 683 3164 prioris
727 3084 1038 3167 variatio),
1096 3088 1199 3149 ubi
1244 3108 1376 3148 cum
1423 3108 1707 3166 magnum
1767 3089 2009 3166 aliquod
2057 3108 2396 3190 novumque
2441 3089 2601 3148 Iovis
2657 3089 2799 3147 faci·

468 3193 581 3234 nus
612 3174 838 3233 scilicet
863 3173 1189 3232 indicatum
1220 3173 1324 3231 illo
1355 3174 1508 3233 vafri
1542 3174 1773 3234 consilii
1807 3175 1998 3234 indice
2029 3173 2084 3233 εἰ
2121 3170 2205 3251 μὴ
2249 3165 2360 3249 ἄρ’
2407 3166 2533 3247 ὀξὺ
2578 3170 2799 3250 νόησε

467 3261 902 3334 exspectamus,
950 3259 1237 3316 miramur
1278 3256 1485 3318 Iovem
1530 3259 1798 3317 tonitrua
1840 3260 2099 3335 primum
2144 3263 2451 3336 parantem
2485 3259 2605 3318 839
2639 3278 2793 3335 sqq„

466 3345 560 3403 cui
590 3343 726 3402 inde
757 3364 792 3401 a
820 3364 877 3403 v.
911 3344 1036 3402 844
1066 3363 1196 3419 sqq.
1247 3343 1620 3418 ineptissime
1651 3344 1969 3401 fulminum
2001 3344 2091 3403 vis
2122 3346 2297 3421 ignea
2341 3343 2611 3403 adicitur.
2672 3343 2796 3401 Iam

466 3429 806 3487 memineris
851 3427 1107 3487 fortasse
1163 3447 1262 3486 sex
1320 3447 1597 3487 versuum
1655 3429 1729 3486 ab
1773 3429 2049 3488 omnibus
2094 3430 2542 3504 desperatorum
2604 3446 2712 3487 nec
2769 3447 2803 3484 a

466 3513 638 3572 nobis
692 3513 882 3571 adhuc
934 3516 1395 3571 memoratorum
1451 3514 1817 3588 501—506,
1878 3533 2029 3589 quos
2092 3518 2336 3589 excepto
2393 3513 2635 3587 ultimo,
2698 3513 2799 3588 qui

465 3597 876 3673 compositoris
920 3600 1038 3672 est,
1085 3598 1134 3656 si
1181 3598 1300 3655 iam
1343 3598 1406 3655 in
1451 3598 1608 3655 iusta
1653 3597 1792 3656 sede
1837 3617 2118 3674 reponas,
2167 3602 2328 3658 certe
2373 3598 2638 3673 aliquam
2684 3597 2798 3672 Ty-

464 3682 750 3758 phaoniae
795 3685 1022 3758 partem
1070 3682 1312 3741 sanitati
1358 3683 1697 3741 restitutam
1743 3682 1985 3742 habebis
2031 3683 2209 3742 hanc·

803 3848 912 3909 καί
949 3848 1027 3909 νύ
1071 3871 1177 3911 κεν
1220 3847 1421 3910 ἔπλετο
1465 3846 1635 3945 ἔργον
1677 3845 1987 3954 ἀμήχανον
2028 3848 2212 3929 ἤματι
2255 3849 2454 3932 κείνῳ,
2698 3859 2798 3907 836

718 3934 774 3995 εἶ
813 3925 894 4013 μὴ
938 3930 1040 4014 ἄρ’
1086 3928 1194 4009 ὀξὺ
1240 3933 1416 4013 νόησε
1460 3927 1653 4012 πατὴρ
1697 3929 1975 4038 ἀνδρῶν
1981 3957 2041 3995 τε
2087 3940 2252 3995 θεων
2296 3957 2389 4013 τε,
2698 3942 2797 3992 838

717 4019 857 4080 λῦσε
902 4017 968 4079 δὲ
1010 4015 1592 4121 πατροκασιγνήτους
1637 4014 1825 4080 ὀλοῶν
1866 4010 1984 4080 ἀπὸ
2028 4020 2263 4099 δεσμῶν
2697 4027 2792 4076 601

724 4101 1102 4207 Οὐρανίδας,
1147 4125 1252 4177 ους
1297 4104 1440 4182 δῆσε
1484 4100 1683 4208 πατὴρ
1726 4098 2263 4209 ἀεσιφροσύνῃσιν·

719 4188 788 4249 οἵ
820 4190 884 4250 οἵ
919 4184 1339 4288 ἀπεμνήσαντο
1381 4189 1601 4296 χάριν
1600 4183 2023 4270 εὖεργεσιοῖων,

723 4274 930 4334 δῶκαν
973 4271 1040 4335 δὲ
1083 4265 1342 4354 βροντὴν
1384 4272 1459 4354 ηδ
1532 4274 1898 4336 αἰθαλόεντα
1943 4273 2241 4355 κεραυνὸν

720 4357 821 4419 καὶ
864 4359 1183 4454 στεροπήν·
1231 4358 1295 4420 τὸ
1343 4360 1487 4434 πρὶν
1531 4357 1597 4419 δὲ
1640 4355 1873 4463 πελωρη
1902 4365 2043 4438 γαῖα
2088 4357 2388 4422 κεκεύθει.
2697 4368 2798 4418 606

805 4435 953 4515 Ζεύς
1000 4441 1057 4501 δ’
1106 4441 1231 4503 ἐπεὶ
1275 4436 1389 4504 οὖν
1430 4442 1735 4523 κόρθυνεν
1778 4441 1878 4504 ἑὸν
1918 4443 2115 4521 μένος,
2147 4445 2334 4506 εἵλετο
2362 4438 2423 4503 δ’
2461 4440 2639 4522 οπλα,
2698 4453 2799 4504 863
