3132 5129
1261 390 1708 455 ..441-

320 560 477 619 ooev,
516 538 605 603 ὅτι
650 541 941 623 ἐγνώρισα
1001 542 1064 604 τὸ
1120 536 1306 624 ὄνομα
1362 561 1499 621 σου,
1558 548 1886 622 praeclare,
1944 548 2058 606 nisi
2114 548 2319 623 fallor,
2391 569 2526 609 eum
2577 551 2653 609 ad

321 626 589 707 ἔγνωσαν
635 631 1028 707 supplendum
1062 634 1156 696 ‚sit
1199 627 1291 706 σέ,
1339 632 1495 709 quod
1541 632 1733 708 ipsum
1780 632 1947 691 addit
1977 632 2346 710 Hippolytus
2392 635 2545 710 apud
2581 635 2651 693 T.

321 715 655 775 Genuinum
702 734 859 792 esse,
909 718 1067 793 quod
1116 719 1296 795 vulgo
1341 721 1482 792 post
1524 712 1615 775 ὅτι
1660 717 2014 794 intruditur,
2069 713 2146 775 σύ
2189 739 2260 793 με
2303 712 2652 790 ἀπέστειλας

321 796 422 858 καὶ
466 801 826 875 persuadere
871 802 1015 861 mibi
1060 822 1181 862 non
1225 821 1490 878 possum.

491 886 733 945 Rectius
792 887 1003 961 etiam,
1062 888 1112 946 si
1178 888 1323 963 quid
1381 887 1585 962 vide0,
1643 887 1874 964 XVIII,
1936 888 2015 945 22
2086 889 2359 948 minister
2413 891 2650 948 tantum

321 970 567 1046 colapho
622 990 742 1029 non
800 971 983 1030 verbo
1029 969 1332 1032 Christum
1393 973 1704 1049 obiurgat,
1764 976 1831 1032 ut
1887 992 2018 1033 eum
2078 972 2295 1033 Nonne
2354 975 2652 1034 deleamus

322 1055 504 1114 verba
548 1049 738 1114 εἰπών
769 1047 977 1127 Οὕτως
1017 1049 1313 1137 ἀποκρίνῃ
1357 1079 1435 1115 τω
1488 1051 1773 1135 ἆρχιερεῐ;
1819 1059 1879 1118 id
1924 1059 2118 1134 ipsum
2148 1059 2305 1117 enim
2351 1060 2652 1133 postulare

322 1140 559 1200 videtur
602 1140 843 1200 Domini
901 1143 1259 1218 vituperatio
1306 1144 1415 1203 23.
1473 1139 1529 1201 εἰ
1580 1141 1780 1213 κακῶς
1839 1135 2122 1219 ἐλάλησα,
2175 1140 2654 1221 μαρτύρησον

322 1220 464 1300 περὶ
507 1231 613 1284 τοῦ
656 1233 875 1285 κακοῦ·
921 1225 976 1286 εἰ
1015 1221 1083 1285 δὲ
1127 1230 1352 1325 καλῶς,
1399 1225 1459 1286 τί
1494 1246 1565 1303 με
1611 1223 1826 1310 δέρειςς

491 1310 616 1369 Nee
662 1310 884 1370 Christi
929 1314 1122 1372 oratio
1181 1313 1454 1371 imminui
1499 1314 1643 1371 mihi
1689 1312 1956 1387 videtur,
2013 1314 2062 1371 si
2122 1313 2296 1371 ibid.
2346 1315 2423 1371 37
2472 1313 2652 1372 Pilati

324 1394 783 1471 interrogationi
831 1390 1079 1455 Οὐκοῦν
1092 1386 1399 1502 βασιλεὺς
1443 1387 1501 1455 εἶ
1548 1394 1654 1462 σός
1706 1428 1775 1438 -
1825 1357 1984 1471 quo’d
2040 1398 2115 1457 ad
2160 1397 2414 1456 verbum
2461 1400 2649 1455 trans-

322 1480 465 1538 tulit
510 1479 759 1539 Nonnus
806 1502 860 1539 v.
910 1482 1029 1539 175
1074 1473 1114 1556 ἦ
1161 1479 1238 1559 ῥα
1283 1474 1367 1539 σύ
1411 1476 1559 1578 (non
1607 1475 1683 1579 ρά
1728 1502 1846 1555 νυ,
1905 1484 1972 1539 ut
2016 1482 2195 1558 vulgo
2239 1480 2488 1557 legitur)
2535 1482 2652 1539 κοί-

321 1583 502 1642 ρανος
548 1559 700 1630 goat:
758 1597 839 1607 --
898 1566 1251 1641 simpliciter
1294 1585 1434 1625 suae
1480 1566 1779 1625 missionis
1825 1568 2138 1625 consilium
2187 1568 2465 1642 opponit:
2541 1564 2650 1636 Εἰς

324 1656 499 1706 τοῦτο
547 1644 905 1750 γεγέννημαι
951 1647 1054 1709 καὶ
1107 1650 1191 1722 εἰς
1235 1650 1405 1708 τοῦτο
1449 1647 1714 1726 ἐλήλυθα
1759 1649 1843 1720 εἰς
1898 1646 2006 1710 τὸν
2046 1643 2300 1726 κόσμον,
2355 1648 2457 1708 ἵνα
2511 1672 2652 1728 μαρ-

325 1730 562 1829 τυρήσω
607 1740 683 1815 τῇ
724 1728 1014 1816 ἀληθείᾳ,
1074 1737 1308 1795 omissis
1355 1755 1506 1812 quae
1550 1736 1722 1795 hodie
1765 1737 2235 1810 praemittuntur
2295 1733 2387 1794 Σύ
2449 1732 2653 1811 λέγεις,

328 1838 417 1887 οτι
459 1793 740 1893 βασιλεύς
786 1818 903 1895 εἰμι
947 1817 1096 1898 ἐγώ,
1145 1822 1254 1879 ubi.
1289 1821 1506 1879 iterum
1552 1821 1837 1879 habemus
1882 1824 1951 1880 ut
1996 1822 2176 1880 etiam
2223 1840 2400 1894 supra
2431 1821 2652 1897 XVIII,

324 1907 363 1961 8
409 1903 699 1964 eiusmodi
744 1907 1074 1965 membrum
1119 1926 1226 1982 per
1268 1897 1355 1963 ’ὅτι
1399 1904 1765 1964 adiunctum.

495 1989 711 2047 Mirum
781 1991 962 2050 etiam
1034 1994 1156 2066 est,
1230 1990 1387 2067 quod
1456 1990 1614 2065 apud
1678 1991 1960 2049 Nonnum
2031 1990 2200 2066 XlX,
2263 1993 2380 2050 118
2432 2011 2521 2066 sq.
2581 1991 2653 2049 de

322 2073 616 2133 militibus
659 2076 947 2153 legimus:

577 2192 910 2270 θεσπεσίην
953 2188 1181 2270 ἐσθῆτα
1226 2187 1544 2270 θεηγενέος
1591 2193 1874 2269 βασιλῆος

577 2273 877 2354 ἱστάμενοι
921 2275 1224 2336 δάσσαντο
1267 2273 1367 2336 καὶ
1411 2273 1724 2354 αἰγλήεντα
1771 2286 2021 2353 χιτῶνα,

324 2398 394 2454 ut
436 2396 498 2454 in
545 2414 652 2455 suo
699 2396 1014 2474 evangelio
1059 2397 1216 2455 idem
1261 2396 1386 2455 fere
1432 2397 1725 2455 invenisse
1781 2392 2082 2471 videatur,
2132 2398 2289 2472 quod
2337 2399 2401 2456 in
2442 2399 2654 2457 ceteris

328 2480 570 2554 (Matth.
616 2481 862 2557 XXVII,
896 2482 997 2540 35.
1045 2482 1225 2540 Mare.
1271 2481 1399 2556 XV,
1448 2481 1547 2539 24.
1605 2481 1747 2540 Luc.
1793 2481 2009 2586 XXIII,
2044 2481 2151 2557 34)
2199 2482 2483 2559 legimus:
2530 2478 2655 2539 ἔλα-

326 2566 438 2642 βον
482 2587 553 2624 τα
599 2559 801 2643 ἱμάτια
844 2558 1034 2626 αυτοῦ
1077 2562 1180 2624 καὶ
1224 2563 1744 2644 διεμερίσαντο
1789 2562 1890 2624 καὶ
1946 2561 2048 2624 τὸν
2092 2573 2329 2643 χιτῶνα.
2409 2569 2654 2638 Quater-

322 2652 557 2711 narium
602 2653 763 2711 enim
808 2653 1065 2713 mih'tum
1097 2670 1410 2712 numerum
1442 2652 1490 2711 si
1537 2652 1895 2727 invenisset,
1943 2653 2041 2711 vix
2085 2653 2160 2712 ab
2205 2671 2276 2711 eo
2323 2653 2654 2712 enarrando

323 2737 439 2796 sibi
483 2740 893 2812 temperasset.

492 2821 650 2897 XIX,
697 2823 777 2882 28
809 2819 1053 2882 verba“
1020 2843 1123 2879 ινα
1168 2822 1458 2897 τελειωθῇ
1500 2815 1537 2897 ἡ
1583 2815 1832 2900 γραφή
1876 2822 1992 2881 iam
2037 2822 2113 2881 ab
2159 2823 2423 2899 antiquis
2468 2823 2654 2882 inter-

323 2906 593 2981 pretibus
623 2906 700 2966 ad
729 2907 950 2967 Psalm.
985 2907 1257 2982 LXVIII,
1292 2907 1371 2965 22
1405 2901 1507 2963 καὶ
1552 2903 1785 2965 ἔδωκαν
1829 2906 1913 2977 εἰς
1959 2903 2024 2964 τὸ
2066 2904 2275 2985 βρῶμα
2319 2927 2435 2982 μου
2480 2898 2657 2984 χολὴν

325 3010 427 3046 και
474 2989 557 3061 εἷς
601 2981 709 3069 τὴν
753 2989 949 3065 δίψαν
999 3011 1147 3069 μου
1162 2986 1443 3050 ἓπότισάν
1495 3011 1565 3068 με
1619 2988 1759 3065 ὅξος
1805 2993 1995 3052 relata
2037 3011 2165 3051 esse
2221 2997 2478 3069 constat,
2539 3012 2656 3092 quo

326 3077 486 3151 iure,
535 3076 796 3154 theologi
841 3077 1104 3137 videant.
1179 3076 1431 3137 Nonnus
1487 3080 1643 3136 certe
1698 3078 1851 3137 nihil
1897 3078 1968 3136 de
2014 3080 2313 3154 scriptura
2357 3098 2524 3138 sacra
2566 3081 2653 3137 in-

326 3163 573 3221 venerat
616 3161 719 3222 sed
775 3162 1023 3238 simplex
1082 3159 1188 3220 ινα
1231 3163 1516 3241 τελειωθῇ
1558 3166 1831 3222 naturam
1892 3165 2130 3223 secutus
2175 3182 2420 3238 prorsus
2479 3165 2657 3222 aliter

325 3245 413 3305 ita
456 3249 548 3306 est
593 3247 1018 3323 interpretatus
1064 3267 1117 3307 v.
1172 3247 1289 3305 146
1323 3265 1451 3324 sqq.

574 3354 806 3440 Ἰησοῦς
849 3358 910 3423 δ’
956 3386 1078 3442 αμα
1122 3360 1319 3424 πάντα
1361 3359 1860 3466 παριππεύσαντα
1901 3361 2122 3442 νοήσας

578 3469 704 3508 οττι
744 3453 912 3521 θοῶς
956 3445 1280 3522 τετέλεστο,
1325 3444 1628 3522 θοώτερον
1670 3442 1887 3526 ἤθελεν
1930 3440 2085 3510 εἶναι

577 3529 855 3611 τέρματος
898 3530 1232 3613 ἱσταμένοιο
1274 3531 1339 3592 τὸ
1381 3533 1689 3608 λείψανον.

494 3651 693 3711 Etiam
738 3653 871 3729 XX,
920 3658 955 3713 9
1012 3657 1248 3713 tantum
1302 3647 1538 3712 οὐδέπω
1605 3647 1717 3731 γὰρ
1781 3651 2036 3747 ᾔδεισαν
2091 3655 2302 3713 habuit
2364 3655 2492 3713 sine
2547 3651 2657 3728 τὴν

322 3732 596 3813 γραφήν,
640 3740 710 3796 ut
754 3757 823 3796 ex
866 3740 1356 3815 interpretatione
1415 3732 1486 3797 οὐ
1529 3735 1643 3816 γάρ
1686 3756 1780 3796 πω
1835 3730 2084 3797 δεδαασι
2126 3741 2321 3814 patet,
2381 3756 2504 3797 non
2549 3739 2654 3796 mi·

323 3841 436 3880 nus
481 3826 667 3897 reete,
716 3823 767 3880 si
813 3823 960 3898 quid
1003 3823 1198 3884 video.

491 3904 747 3966 Versum
788 3907 944 3983 XIX,
992 3909 1072 3967 35
1118 3911 1320 3967 utrum
1350 3910 1469 3967 tam
1513 3907 1915 3967 abundantem
1946 3907 2250 3983 scripserit
2291 3907 2658 3983 evangelista

323 4010 534 4067 necne,
595 3991 870 4052 hodierni
936 3994 1295 4069 interpretes
1362 3995 1609 4052 certant.
1698 3993 1950 4052 Nonnus
2021 3992 2263 4068 quidem
2320 4011 2452 4051 eum
2509 3992 2693 4051 hanc'

325 4078 714 4152 paraphrasin
759 4077 1015 4137 dederit.

576 4167 730 4256 ἀνὴρ
775 4171 835 4235 δ’
886 4173 1043 4248 ὅστις
1087 4197 1365 4254 οπωπεν,
1411 4174 1489 4258 ἑῷ
1530 4192 1863 4236 πιστωσατο
1903 4175 2085 4259 μύθῳ

577 4261 910 4341 μαρτυρίην
952 4256 1299 4322 ἆτίνακτον·
1344 4238 1716 4338 ἆριστονόοιο
1761 4259 1825 4321 δὲ
1870 4261 2069 4321 κείνου

580 4344 755 4425 ιδμεν
797 4368 892 4406 οτι
936 4343 1125 4424 ζαθέη
1167 4345 1267 4407 καὶ
1311 4344 1594 4426 ἐτήτυμος
1639 4343 1842 4406 ἔπλετο
1886 4340 2097 4423 φωνή,

324 4448 514 4508 nostri
559 4468 767 4510 versus
811 4449 1068 4526 primum
1112 4453 1347 4509 tantum
1395 4450 1722 4508 membrum
1781 4450 2022 4526 habuit,
2081 4451 2172 4510 eui
2237 4470 2309 4510 ex
2356 4450 2527 4526 XXI,
2576 4451 2656 4508 24
