3132 5129
1370 340 1833 405 -327-

414 518 533 575 qua
587 499 747 558 inter
799 499 1059 559 homines
1101 515 1337 573 quoque
1381 498 1675 575 imprimis
1720 517 1901 560 verno
1949 500 2219 574 tempore
2265 518 2514 577 regnare
2560 500 2748 561 Vene-

413 603 538 643 rem
570 583 886 643 indicatur.
963 582 1154 642 Multo
1201 583 1536 659 elegantius
1580 583 1720 642 inde
1766 603 1802 643 a
1845 605 1902 644 v.
1935 585 2057 643 376
2095 584 2167 644 de
2209 587 2564 646 animalium
2593 605 2751 646 amo-

414 668 580 728 ribus
637 668 931 744 exposuit.
1017 667 1228 743 Itaque
1284 686 1407 728 non
1462 668 1699 744 dubito,
1756 670 1903 746 quin
1957 672 2096 745 post
2150 690 2208 730 v.
2256 672 2376 729 391
2437 690 2591 731 unus
2648 675 2752 732 aut

413 754 593 813 etiam
651 753 852 829 plures
896 772 1103 814 versus
1149 751 1501 829 exciderint,
1560 754 1779 829 quibus
1824 772 1894 813 ea
1936 773 2033 814 res
2078 756 2412 816 accuratius
2459 756 2752 833 explicata

412 842 558 915 erat,
606 843 667 898 et
710 841 841 897 tum
886 838 1125 898 demum
1157 858 1213 898 v.
1248 839 1370 898 392
1402 840 1704 912 sententia
1733 839 2028 916 generalis
2073 840 2255 901 fuerit
2283 841 2546 902 adiecta.
2594 838 2754 922 εἴαρι

408 917 523 1002 γὰρ
543 884 875 1001 πάνδημος
921 925 1033 983 etc.
2079 954 2082 959 ·

725 1119 790 1185 ’O
801 1124 839 1186 δ
848 1121 971 1205 μὴν
1013 1125 1203 1205 πρεσβ
1218 1146 1244 1184 ε
1257 1119 1295 1186 ύ
1308 1146 1508 1204 τειραν
1548 1118 1999 1202 ἀμαλδύνουσιν
2039 1121 2314 1206 ἄρουραι.

411 1242 719 1326 Πρεσβεύ
735 1266 934 1324 τειραν
963 1265 1073 1323 pro
1103 1266 1191 1323 eo,
1238 1246 1443 1322 quod'
1427 1265 1491 1305 m
1520 1245 1693 1307 libris
1723 1249 1831 1323 est,
1864 1236 2311 1326 πρεσβύτειραν,
2357 1249 2533 1307 metri
2566 1268 2742 1309 causa
2782 1258 2850 1306 39

406 1333 588 1393 scribi
616 1333 810 1393 voluit
835 1332 1235 1393 Schneiderus.
1285 1331 1403 1391 Sed
1435 1350 1565 1391 cum
1599 1350 1729 1391 eam
1757 1351 1964 1392 vocem
1994 1351 2116 1393 non
2135 1335 2280 1394 satis
2304 1333 2740 1410 intellegerent,

407 1420 471 1478 et
496 1418 839 1478 anekius
881 1421 943 1477 et
972 1417 1358 1478 Schneiderus
1402 1435 1473 1475 ex
1503 1436 1558 1479 v.
1584 1417 1706 1476 253
1738 1406 2092 1496 ἡγήτειραν
2135 1418 2573 1478 emendandum
2617 1438 2746 1478 cen-

405 1506 679 1580 suerunt,
748 1502 907 1578 quod
963 1521 1104 1562 sane
1157 1504 1451 1600 optimam
1508 1502 1757 1578 praebet
1817 1505 2169 1563 sententiam
2187 1550 2202 1581 ,
2267 1506 2623 1581 poteratque
2679 1524 2749 1563 ex

403 1588 673 1649 Halieut.
715 1586 837 1685 IV,
887 1589 964 1647 61
1031 1577 1218 1666 οὐρὴν
1281 1580 1599 1664 ἡγήτειραν
1661 1588 1904 1651 firmari.
1996 1589 2113 1648 Sed
2178 1589 2506 1650 rectissime
2570 1589 2750 1648 habet

402 1686 582 1751 πρεσ
595 1670 636 1749 β
648 1690 977 1749 ευτειραν,
1034 1674 1120 1732 ita
1177 1675 1244 1733 ut
1301 1672 1448 1734 odor
1500 1673 1670 1749 quasi
1723 1675 1944 1750 leyatus
1999 1674 2259 1750 dicatur,
2329 1691 2446 1750 quo
2504 1674 2749 1734 canibus

407 1759 667 1819 ferarum
710 1757 964 1836 vestigia
1018 1758 1467 1819 annuntientur.
1541 1757 1823 1817 Imitatus
1868 1760 1960 1817 est
2002 1778 2108 1819 suo
2153 1778 2317 1820 more
2349 1757 2746 1861 Cynegeticus

402 1845 633 1922 inepte,
709 1843 871 1921 quod
925 1846 1062 1920 apte
1128 1843 1353 1903 dictum
1418 1845 1547 1903 erat
1609 1844 1674 1903 in
1728 1842 1994 1904 Halieut.
2054 1843 2159 1920 IV,
2208 1847 2329 1904 277
2396 1839 2567 1923 ῥινὸς
2629 1834 2743 1902 ὑπ’

400 1923 707 2010 ἀγγελίῃ
751 1923 1042 2008 νημερτέι.

571 2013 647 2072 V.
691 2014 816 2073 468
845 2033 933 2089 sq.

643 2125 815 2189 Ἔστι
859 2127 926 2190 δέ
969 2152 1024 2190 τι
1069 2123 1386 2190 σκυλάκων
1410 2127 1601 2232 γένος
1641 2119 1893 2208 αλκιμον
1937 2123 2317 2209 ἰχνεντήρων,

657 2212 859 2296 βαιόν,
903 2208 1052 2294 ἀτὰρ
1094 2209 1348 2294 μεγάλης
1391 2209 1672 2288 ἀντάξιον
1717 2210 1968 2294 ἔμμεν’
2016 2210 2251 2294 ἀοιδῆς.

402 2338 586 2397 Plane
644 2339 1092 2435 praeposterum
1148 2338 1241 2396 est
1294 2331 1578 2411 ἔμμεναι,
1636 2336 1795 2411 quod
1851 2354 1972 2396 non
2030 2339 2228 2412 potest
2280 2335 2563 2412 coniungi
2607 2356 2742 2396 cum

401 2423 698 2500 genetivis
727 2419 984 2501 μεγάλης
1013 2412 1245 2496 ἀοιδῆς,
1290 2421 1394 2497 qui
1422 2421 1665 2497 quidem
1693 2422 1993 2497 pendeant
2021 2420 2093 2479 ab
2125 2421 2414 2481 adiectivo
2442 2411 2740 2492 ἀντάξιον.

399 2510 551 2569 Miro
597 2507 774 2568 modo
815 2508 1000 2569 vertit
1039 2507 1464 2568 Ritterhusius:
1529 2525 1824 2584 „parvum
1868 2501 2196 2587 (qwidcm):
2248 2508 2511 2567 attamen
2565 2499 2743 2586 (eius-

397 2596 555 2655 modi
596 2589 777 2690 quod)
819 2612 1037 2671 magna
1080 2594 1328 2670 dignum
1373 2594 1454 2652 sit
1495 2592 1954 2669 praedicatione.
1962 2592 1997 2622 “
2072 2593 2211 2653 Sine
2257 2592 2440 2652 dubio
2486 2592 2740 2668 scriptor

396 2673 679 2753 ἀντάξιον
741 2700 890 2753 αμμ
906 2699 978 2738 ιν
1040 2672 1250 2755 ἀοιδῆς
1318 2678 1581 2738 dederat.
1670 2678 1807 2737 Non
1873 2678 2133 2738 alienum
2197 2681 2324 2738 esse
2389 2696 2735 2754 pronomen,

402 2768 653 2863 apparet
697 2783 767 2822 ex
808 2762 901 2823 his
945 2764 1119 2823 locis·
1175 2762 1234 2839 1,
1284 2763 1364 2822 23
1417 2757 1610 2839 ἄμμες
1653 2755 1769 2837 ὑφ’
1822 2755 2076 2844 ἡμετέρῃ
2132 2760 2445 2844 μεροπηίδι
2502 2758 2738 2840 λέξομεν

396 2841 531 2930 ἠχῇ.
597 2849 708 2925 ΠΙ,
754 2848 877 2908 485
925 2842 1090 2924 ἐμαὶ
1136 2808 1468 2923 μέλψουσιν
1510 2840 1727 2908 ἀοιδαί.

565 2932 642 2992 V.
692 2894 814 2993 523
847 2952 973 3009 sqq.

627 3043 749 3122 ’Ὡς
791 3071 896 3129 ογε
936 3042 1282 3153 καγχαλόων
1327 3044 1484 3121 ωκύς
1527 3044 1743 3131 θόρεν·
1833 3044 1911 3128 ἢν
1955 3045 2022 3110 δὲ
2064 3045 2326 3131 τυχήσῃ,

650 3129 783 3241 ῥεῖά
825 3155 948 3233 μιν
972 3127 1290 3214 ὄξυτέροισι
1334 3135 1786 3215 δαμασσάμενος
1830 3130 2141 3213 ὀνύχεσσι,

648 3217 756 3281 καὶ
802 3213 1120 3300 γενύεσσιν
1165 3217 1318 3281 ἑλὼν
1363 3216 1585 3300 φόρτον
1626 3218 1815 3300 μέγαν
1859 3216 2214 3280 ἀντιάσειεν.

650 3297 806 3388 [ὦκα
849 3303 1016 3386 φέρει
1054 3302 1286 3387 μογέων
1328 3327 1388 3367 τε
1432 3302 1845 3387 βαρυνόμενός
1889 3327 1951 3366 τε
1993 3302 2274 3385 nel-nicea]

397 3445 657 3505 Uncinas
702 3445 914 3504 ultimo
960 3444 1158 3503 versui
1203 3444 1474 3521 appinxit
1513 3443 1577 3503 in
1607 3444 1798 3503 altera
1828 3442 2087 3503 editione
2118 3441 2521 3511 Schneiderus‚
2566 3443 2732 3501 cuius

395 3531 539 3591 haec
593 3532 685 3591 est
739 3530 815 3589 ad
871 3548 1007 3588 eum
1061 3531 1124 3588 et
1179 3529 1624 3590 antecedentem
1679 3547 1919 3589 versum
1972 3531 2146 3588 nota.
2203 3524 2380 3604 „4525oe
2433 3522 2545 3602 μέν
2598 3527 2731 3585 vul-

392 3618 603 3693 gatum
646 3614 950 3675 Arnaldus
994 3615 1269 3674 correxit.
1354 3615 1405 3674 Ε
1457 3611 1770 3695 λαγωείῃσι
1813 3631 2018 3674 versus
2064 3614 2185 3673 519
2231 3615 2434 3688 repete
2477 3606 2731 3691 λαγωόν.

395 3702 737 3761 Brunckius
800 3694 941 3777 ῥεῖά
996 3717 1125 3758 κεν
1191 3700 1470 3760 malebat.
1560 3673 1896 3776 ὀξυστόροισι
1949 3698 2147 3758 nescio
2203 3716 2322 3773 qua
2379 3699 2732 3757 auctoritate

396 3785 562 3846 dedit
589 3785 817 3846 Gallus.
849 3817 932 3827 —
961 3783 1036 3844 V.
1070 3785 1190 3844 526
1222 3787 1524 3860 tamquam
1571 3785 1841 3860 spurium
1884 3784 2126 3859 seclusi3
2173 3800 2299 3858 nec,
2348 3784 2398 3842 si
2443 3778 2614 3860 φέροι
2649 3814 2723 3823 -

395 3865 633 3942 πελάζοι
688 3871 938 3945 scribae,
996 3888 1131 3929 cum
1187 3870 1431 3946 reliquis
1487 3870 1626 3929 coit.
1716 3868 2027 3929 Sententia
2080 3868 2344 3943 perfecta
2399 3870 2490 3927 est
2549 3886 2726 3927 versu
2767 3873 2835 3923 40

396 3957 537 4032 525,
585 3975 764 4032 quam
807 3956 1138 4032 corrumpit
1180 3973 1387 4014 versus
1433 3954 1707 4014 elumbis.
1714 3953 1749 3984 “
1822 3954 1895 4012 In
1926 3953 2036 4012 hac
2068 3952 2205 4013 crisi
2249 3952 2373 4011 sere
2418 3952 2568 4011 nihil
2614 3954 2725 4026 est,

393 4041 552 4118 quod
595 4040 742 4100 mihi
785 4040 1161 4116 probandum
1218 4058 1342 4099 esse
1388 4038 1681 4099 videatur.
1768 4038 1953 4097 Plane
1999 4040 2090 4097 est
2135 4037 2575 4097 incommodum
2619 4029 2724 4094 ἀν·

393 4123 690 4203 τιάσειαν,
748 4128 873 4186 sive
929 4127 1267 4201 optativum
1313 4126 1575 4201 specteS,
1622 4124 1748 4184 sive
1793 4123 1992 4199 ipsum
2036 4123 2309 4198 verbum,
2366 4121 2525 4198 quod
2569 4124 2729 4181 recte

394 4211 640 4288 ponitur
693 4232 749 4271 v.
797 4212 918 4271 536
986 4210 1059 4270 de
1124 4212 1404 4270 venatore
1462 4209 1701 4270 obviam
1757 4209 1887 4268 cani
1953 4211 2150 4267 eunte.
2239 4207 2328 4267 Ne
2388 4213 2449 4267 te
2507 4225 2722 4284 morer,

396 4297 629 4358 videtur
671 4299 834 4358 totus
877 4296 1045 4358 locus
1088 4296 1174 4355 ita
1216 4295 1416 4372 potius
1461 4293 1913 4355 constituendus
1957 4311 2115 4352 esse:

648 4406 729 4487 ὣς
772 4409 879 4494 ὅγε
923 4411 1276 4493 καγχαλόων
1318 4405 1479 4485 ὠκὺς
1523 4403 1740 4491 θόρεν·
1789 4409 1858 4472 εἰ
1897 4406 1962 4471 δὲ
2008 4407 2265 4492 τυχήσῃ,
