3132 5129
1384 419 1846 483 —162—

450 578 663 634 ventus
707 576 1040 635 necessario
1096 576 1645 635 commemorandus
1700 580 1856 651 erat,
1913 577 2148 636 etiamsi
2203 575 2635 635 clandestinum
2682 577 2792 634 Mi-

448 680 665 744 pervae
711 661 997 719 auxilium
1040 662 1225 720 taceri
1270 661 1539 736 potuisse
1585 660 1976 721 concedimus,

621 745 775 803 Tum
819 766 876 804 v.
911 747 1161 804 47--49
1206 765 1278 804 ex
1307 746 1371 803 Ω
1402 747 1736 805 343-345
1783 745 1917 821 huc,
1963 750 2034 804 ut
2077 747 2203 806 vice
2248 765 2420 805 versa
2464 766 2533 805 ex
2577 750 2790 806 nostro

444 831 576 890 loco
637 831 887 890 44—-46
946 831 1008 889 in
1066 830 1131 888 Ω
1176 833 1512 890 340-342
1573 831 1725 889 male
1779 831 1978 891 illatos
2034 851 2161 891 esse
2220 833 2338 890 iam
2396 833 2539 890 olim
2597 833 2659 890 in
2718 850 2792 888 ea

447 916 888 989 dissertatione,
935 933 1117 993 quam
1146 935 1199 975 a.
1236 916 1397 974 1859
1432 916 1502 974 de
1534 916 1937 990 „Hectoris
1981 916 2304 975 lustris“
2350 917 2580 990 scripsi,
2613 936 2670 990 p.
2712 917 2789 972 14

447 1002 673 1061 monui.
761 1001 843 1059 Et
894 1001 1148 1059 fortasse
1208 1001 1363 1059 idem
1420 1002 1539 1059 iam
1583 1001 1915 1060 Aristarchi
1974 1001 2254 1060 iudicium
2312 1002 2493 1059 fuisse
2547 1020 2616 1059 ex
2680 1001 2794 1059 hac

446 1086 800 1145 scholiastae
865 1087 1172 1144 notatione
1239 1086 1590 1145 concludas:
1660 1078 1838 1143 οὐδὲν
1904 1081 1972 1142 δέ
2037 1099 2227 1158 φασιν
2288 1082 2500 1158 ὄφελος
2565 1075 2792 1143 ἐνθάδε

448 1167 712 1248 ῥάβδου,
772 1165 974 1247 ωσπερ
1030 1166 1097 1227 ἕν
1143 1163 1352 1227 Ἰλιαδι
1406 1163 1552 1246 πρὸς
1600 1162 1665 1227 τὸ
1706 1167 1969 1246 κοιμίσαι
2013 1166 2153 1240 τούς
2197 1167 2541 1247 πυλωρούς,
2586 1189 2793 1245 quam·

442 1276 624 1333 quam
667 1276 776 1315 nec
823 1256 1301 1330 interpolationis
1348 1255 1758 1314 defensionem
1804 1255 2032 1314 omisit·
2093 1251 2164 1313 οὐ
2213 1263 2512 1332 συνορῶσι
2572 1251 2639 1311 δὲ
2698 1246 2791 1311 ἳτι

446 1338 576 1399 ἴδιά
623 1334 755 1399 τινά
800 1336 924 1398 ἐστι
966 1342 1134 1398 θεων
1189 1337 1534 1416 φορήματα,
1590 1333 1675 1409 ὥς
1732 1337 1794 1398 εἴ
1843 1360 1929 1410 τις
1988 1336 2273 1416 μέμφοιτο
2337 1360 2427 1398 οτι
2474 1336 2795 1396 Ποσειδῶν

446 1425 529 1496 εἰς
589 1423 926 1485 Αἰθιοπίαν
977 1423 1375 1501 πορευόμενος
1434 1421 1544 1500 τὴν
1598 1422 1870 1501 τρίαιναν
1924 1420 2058 1500 ἔχει.
2158 1424 2339 1484 Recte
2397 1429 2597 1483 autem
2654 1423 2794 1483 illos

447 1511 650 1571 Iliadis
707 1529 913 1570 versus
971 1513 1277 1568 mutuatus
1330 1513 1422 1568 est
1477 1510 1725 1568 alterius
1770 1509 2029 1586 Necyiae
2085 1512 2444 1585 compositor
2501 1529 2548 1565 ω
2592 1510 2779 1566 2-4.

352 1607 413 1654 14
620 1596 715 1655 Ad
779 1615 835 1654 v.
883 1595 964 1652 54
1022 1596 1165 1654 satis
1222 1597 1313 1653 est
1370 1594 1721 1653 scholiastae
1776 1594 1958 1653 verba
2016 1596 2391 1670 apposuisse:
2448 1589 2790 1670 προσέθηκέ

451 1701 535 1750 τις
592 1674 665 1738 οὐ
718 1672 975 1749 δεόντως
1035 1676 1137 1737 τὸν
1189 1676 1418 1753 στίχον·
1488 1675 1590 1736 καὶ
1645 1674 1845 1752 μέντοι
1900 1676 2001 1737 καὶ
2055 1676 2421 1755 βραδύτερον
2475 1676 2794 1755 πορεύεται

447 1761 530 1841 μὴ
575 1761 874 1840 χριόμενος
921 1762 1000 1843 τῷ
1054 1762 1187 1843 ἰδίῳ
1232 1759 1424 1840 τάχει,
1477 1757 1605 1821 ἀλλ’
1669 1759 2059 1840 ἐποχούμενος
2106 1758 2327 1840 κύμασι
2370 1760 2472 1822 καὶ
2513 1758 2792 1841 μιμούμε·

450 1868 552 1918 νος
596 1845 777 1926 λα’ρον
818 1846 969 1906 κατὰ
1017 1845 1077 1905 τὸ
1135 1845 1294 1918 ἔπος.
1386 1847 1757 1924 Quamquam
1800 1868 1976 1908 nemo
2022 1850 2164 1907 dum
2210 1849 2504 1907 editorum
2552 1852 2792 1908 secutus

451 1937 558 2008 est,
605 1935 707 2008 qui
751 1938 954 1992 tamen
1001 1953 1058 1992 v.
1092 1935 1191 2007 84,
1238 1935 1340 2009 qui
1385 1953 1455 1991 ex
1506 1935 1624 1992 158
1671 1934 1929 2038 irrepsit,
1976 1935 2092 1992 iam
2139 1933 2363 1991 dudum
2406 1934 2788 2009 antiquorum

451 2017 669 2077 iudicia
711 2017 1144 2092 probaverunt:
1205 2021 1305 2077 84.
1354 2013 1385 2074 ὁ
1430 2017 1623 2093 στίχος
1670 2008 1843 2088 οὗτος
1888 2011 2186 2096 περιττός·
2246 2012 2278 2075 ὅ
2323 2011 2435 2096 γὰρ
2479 2016 2791 2095 προκείμε-

450 2122 551 2171 νος
595 2096 779 2180 ἆρκεΐ.
856 2102 1046 2162 Iidem
1079 2104 1503 2162 intellexerunt
1547 2123 1605 2161 v.
1640 2105 1738 2178 91,
1785 2103 1886 2178 qui
1931 2104 1993 2161 in
2038 2104 2263 2178 optimo
2308 2123 2543 2179 quoque
2589 2102 2793 2162 codice

335 2243 338 2246 ,
453 2188 843 2260 desideratur,
892 2207 958 2245 ex
1007 2188 1066 2242 Σ
1108 2189 1227 2246 387
1276 2207 1583 2262 perperam
1630 2187 1744 2247 huc
1789 2187 2149 2246 translatum
2195 2207 2341 2248 esse.

617 2273 742 2331 Nec
792 2272 989 2331 minus
1046 2274 1108 2330 in
1156 2273 1431 2330 Mercurii
1488 2273 1757 2332 oratione
1802 2293 1857 2331 v.
1912 2276 2030 2332 110
2060 2293 2180 2348 sq.,
2202 2274 2341 2348 ·qui
2389 2274 2566 2332 iidem
2614 2275 2795 2331 etiam

452 2359 609 2416 infra
657 2359 774 2416 133
807 2375 896 2431 sq.
944 2357 1005 2414 in
1051 2356 1344 2432 Calypsus
1389 2376 1677 2432 responso
1724 2358 2036 2432 leguntur,

703 2471 839 2533 ἕνθ’
887 2469 1053 2533 ἄλλοι
1097 2470 1208 2550 μὲν
1250 2468 1467 2544 πάντες
1512 2467 1870 2549 ἀπέφθιθεν
1914 2471 2117 2533 ἕσθλοι
2162 2470 2413 2553 ἑταῖροι,

706 2555 808 2619 τὸν
851 2549 908 2618 δ’
959 2557 1074 2637 ἄρα
1119 2553 1287 2636 δεῦρ’
1336 2550 1552 2636 ανεμός
1598 2581 1657 2618 τε
1702 2554 1906 2639 φέρων
1949 2556 2048 2618 καὶ
2092 2568 2254 2638 κῦμα
2298 2556 2572 2635 πέλασσε,

449 2699 700 2755 quorum
745 2680 907 2753 prior
951 2702 987 2756 η
1034 2682 1150 2737 251
1202 2680 1517 2753 repetitur,
1564 2680 1862 2753 posterior
1906 2698 2038 2737 eum
2083 2700 2119 2756 y
2163 2681 2304 2740 300.
2354 2703 2390 2753 η
2438 2682 2583 2738 277.
2630 2700 2648 2734 ι
2685 2682 2792 2738 39.

456 2785 486 2821 ο
531 2766 652 2822 482
702 2764 820 2822 sere
866 2765 1170 2840 congruit,
1219 2764 1292 2820 ab
1338 2762 1667 2822 editoribus
1712 2763 1930 2822 sublati
1978 2770 2120 2823 sunt
2164 2764 2289 2822 fere
2335 2764 2638 2837 omnibus,
2688 2766 2794 2838 qui

450 2854 649 2907 tamen
696 2848 892 2907 delere
940 2848 1240 2907 debebant
1296 2847 1472 2905 simul
1525 2848 1642 2906 108
1676 2866 1791 2922 sq„
1850 2849 1900 2907 si
1947 2849 2188 2923 quidem
2233 2850 2391 2907 iusto
2445 2849 2797 2907 satisfacere

451 2933 731 2993 volebant
782 2934 1162 3008 antiquorum
1222 2932 1563 2990 criticorum
1621 2932 1866 3007 iudicio,
1926 2934 2083 3007 quod
2140 2953 2209 2991 ex
2265 2933 2503 2992 scholiis
2563 2935 2795 2992 elucet:

449 3014 703 3091 περιττοὶ
757 3016 820 3075 οἵ
868 3015 1050 3092 στίχοι
1104 3036 1205 3074 και
1261 3012 1410 3090 πρὸς
1467 3012 1578 3092 τὴν
1633 3014 1899 3093 ἱστορίαν
1952 3009 2299 3092 μαχόμενοι·
2360 3013 2431 3076 οὗ
2476 3016 2587 3096 γὰρ
2632 3007 2790 3085 καθ’

447 3096 520 3159 ὃν
571 3099 781 3201 καιρὸν
835 3095 954 3159 ὑπὸ
1012 3107 1115 3177 τῆς
1167 3094 1436 3177 Ἀθηνᾶς
1495 3094 1527 3157 ὁ
1581 3120 1798 3174 ανεμος
1853 3096 2109 3177 ἐκινήθη
2155 3099 2255 3159 καὶ
2313 3122 2368 3159 οι
2420 3094 2584 3160 αλλοι
2627 3095 2793 3160 ἆπω

448 3189 640 3261 λοντο,
679 3180 1004 3255 Ὀδυσσεὺς
1051 3192 1119 3265 τῇ
1168 3182 1328 3265 νήσῳ
1372 3180 1785 3262 προσηνέχθη·
1831 3184 1893 3243 οἱ
1929 3182 1995 3243 δὲ
2041 3188 2361 3244 τελευταῖοι
2406 3184 2518 3245 δύο
2563 3183 2628 3244 ἐκ
2674 3185 2799 3244 τῶν

448 3266 591 3346 μετὰ
639 3269 822 3327 ταῦτά
868 3270 979 3329 εἱσι
1021 3266 1524 3347 μετενηνεγμένοι.
1600 3269 1807 3344 Inepte
1852 3270 2032 3346 vulgo
2079 3271 2230 3330 hanc
2275 3272 2570 3331 athetesin
2614 3272 2794 3333 Butt-

451 3374 667 3413 manno
726 3355 873 3414 duce
926 3356 1000 3413 ad
1046 3358 1272 3429 septem
1319 3374 1523 3415 versus
1572 3355 1899 3412 105—111
1950 3355 2253 3429 pertinere
2308 3361 2552 3431 putant,
2612 3376 2795 3432 quem

453 3458 713 3497 errorem
760 3440 940 3497 etiam
974 3459 1007 3497 a
1035 3438 1310 3498 Bekkero
1356 3458 1548 3514 nuper
1594 3440 1907 3513 repetitum
1956 3459 2083 3498 esse
2128 3443 2379 3513 mireris,
2427 3460 2561 3499 cum
2591 3442 2797 3517 quivis

452 3524 650 3584 videat
695 3544 749 3582 v.
804 3525 920 3582 103
955 3544 1040 3598 sq.

860 3635 1004 3698 ἀλλὰ
1048 3633 1189 3715 μάλ’
1236 3637 1313 3699 οὕ
1354 3662 1479 3710 πως
1526 3637 1647 3696 ἔστι
1697 3639 1840 3710 Διὸς
1891 3638 2032 3700 νόον
2074 3640 2365 3720 αἰγιόχοιο

856 3721 991 3783 οὔτε
1034 3728 1426 3803 παρεξελθεῖν
1467 3722 1655 3783 ἄλλον
1699 3722 1850 3783 θεὸν
1892 3721 2039 3784 οὔθ’
2087 3722 2339 3785 ἁλιῶσαι

451 3862 569 3903 ιιοιι
614 3845 880 3919 potuisse
925 3845 1131 3902 statim
1176 3844 1363 3919 excipi
1411 3864 1469 3902 v.
1522 3847 1673 3903 112:
1800 3924 1803 3929 .

859 3933 983 4003 τὸν
1026 3944 1144 4003 νῦν
1187 3938 1245 4001 σ’
1292 3938 1549 4023 ἠνώγειν
1593 3939 2012 4023 ἀποπεμπέμεν
2055 3943 2179 4005 ὅττι
2223 3942 2487 4023 τάχιστα,

451 4047 553 4104 sed
613 4052 768 4105 certe
827 4067 882 4106 v.
934 4048 1053 4106 105
1084 4066 1172 4120 sq.
1230 4044 1534 4107 addendos
1592 4049 1791 4108 fuisse.
1882 4049 2012 4124 Ego
2070 4052 2271 4108 tamen
2328 4051 2509 4107 etiam
2570 4069 2623 4111 v.
2677 4052 2799 4109 107

452 4131 826 4189 retinendum
875 4132 1096 4206 putavi,
1145 4133 1245 4205 qui
1277 4134 1337 4188 et
1366 4132 1395 4203 ξ
1430 4135 1555 4192 240
1576 4152 1660 4208 sq.
1691 4135 1894 4208 potius
1925 4134 2327 4192 commendari
2372 4153 2551 4208 quam
2598 4153 2803 4208 repro-

451 4215 577 4273 bari
624 4218 685 4272 et
727 4216 966 4290 ineptae
1011 4215 1454 4289 interpolationi
1490 4222 1890 4292 opportunam
1922 4237 2125 4277 ansam
2161 4219 2503 4292 praebuisse
2533 4217 2803 4279 videtur.

451 4296 663 4357 Obiter
706 4303 908 4357 autem
953 4301 1165 4359 addere
1210 4300 1408 4374 placet
1450 4301 1687 4360 eosdem
1720 4322 1921 4361 versus
1958 4305 2077 4362 133
2104 4323 2191 4378 sq.
2225 4329 2307 4351 =
2344 4307 2466 4362 110
2490 4322 2576 4378 sq.
2613 4303 2801 4361 etiam

450 4383 606 4440 infra
649 4387 808 4440 recte
858 4385 930 4441 ab
977 4384 1305 4442 editoribus
1352 4385 1579 4444 deletos
1624 4405 1776 4456 esse,
1836 4388 2054 4462 quippe
2111 4390 2213 4462 qui
2261 4390 2320 4445 et
2366 4407 2399 4446 a
2445 4386 2691 4447 scholiis
2739 4393 2807 4447 et

450 4467 524 4525 ab
570 4467 884 4525 Eustathio
929 4469 1301 4544 ignorentur.
