3132 5129
1340 373 1422 385 --
1489 332 1630 401 Δ311
1724 373 1797 385 --

397 495 472 554 de
516 497 806 556 nascendo
851 513 1073 570 sermn,
1121 495 1222 554 sed
1268 496 1339 554 de
1380 514 1479 571 eo,
1530 496 1690 572 quod
1735 497 1923 570 terra,
1969 504 2071 554 ae'r
2114 499 2177 555 et
2219 515 2412 572 mare,
2459 498 2732 572 quamvis

396 583 623 640 secreta
667 600 701 638 a
744 599 806 640 se
851 579 1134 656 invicem,
1192 586 1391 639 tamen
1435 582 1640 656 aliquo
1700 580 1935 640 vinculo
1982 582 2138 640 inter
2179 600 2242 641 se
2297 583 2612 643 coniuncta
2667 586 2729 642 et

395 684 618 724 conexa
670 666 811 724 sint.
897 666 1108 740 Itaque
1177 666 1435 725 alienum
1492 666 1734 726 videtur
1789 661 2083 739 φύονται,
2141 667 2300 742 quod
2354 667 2453 727 vix
2509 669 2735 742 poterit
2775 678 2835 725 16

392 749 608 809 idonea
662 750 890 809 ratione
945 750 1229 825 expediri.
1305 751 1387 809 Et
1442 751 1558 809 alio
1618 750 1843 810 ducunt
1896 750 2144 827 scholia,
2204 751 2422 826 quibus
2480 753 2730 812 verbum

395 835 481 895 sic
525 835 885 909 explicatur:
932 831 1406 911 συμπλέκονται,
1453 830 1928 911 περιπλέκονται.
2005 836 2284 895 Fortasse
2345 837 2487 896 olim
2545 840 2732 914 scrip-

393 924 521 979 tum
567 920 712 978 fuit:
761 913 825 976 ἕν
868 910 1145 995 ἀλλήλοις
1188 912 1250 977 δ’
1308 915 1740 997 ἐνέχονται,
1801 920 1962 996 quod
2015 921 2289 980 similiter
2331 923 2598 999 positum
2640 924 2732 982 in-

392 1006 595 1064 venies
639 1024 698 1063 v.
745 1006 896 1079 481,
944 1005 1047 1064 ubi
1091 1004 1407 1065 scholiasta
1450 1005 1735 1080 explicat:
1780 1000 2276 1082 σύνδεσμοῦνται.

564 1087 642 1148 V.
690 1091 810 1149 431
845 1110 936 1166 sq.

690 1184 852 1248 Ἀλλ’
899 1189 967 1249 αἳ
1008 1185 1117 1267 μὲν
1162 1187 1263 1249 καὶ
1306 1194 1441 1269 τῆλε
1485 1186 1587 1249 καὶ
1634 1184 1840 1266 ὖψόθι
1879 1182 2100 1271 ταρσὸν
2143 1190 2279 1250 ἷεῖσι

696 1273 988 1346 τευθίδες.

389 1380 485 1438 Ita
535 1378 919 1438 Sclmeiderus
973 1398 1044 1437 ex
1110 1396 1229 1438 uno
1287 1378 1571 1455 Sylburg.
1666 1376 1864 1438 Ceteri
1916 1379 2058 1438 libri
2112 1379 2401 1455 praebent
2459 1377 2726 1455 ἰεῖσαι,

391 1464 742 1540 quibuscum
773 1463 916 1523 facit
946 1462 1293 1538 scholiasta,
1340 1464 1677 1539 explicans:
1724 1459 2077 1539 πέμπουσαι.
2144 1465 2316 1535 Quod
2347 1465 2725 1541 participium

388 1550 464 1608 ab
521 1547 795 1624 Oppiano
855 1549 1191 1624 profectum
1248 1548 1536 1625 arbitror,
1594 1547 1679 1607 ita
1738 1552 1807 1606 ut
1861 1569 2015 1609 unus
2070 1569 2278 1609 versus
2334 1549 2722 1625 interciderit,

391 1652 509 1711 quo
564 1634 896 1694 accuratius
954 1634 1026 1692 de
1081 1633 1399 1710 loliginum
1466 1634 1676 1693 volatu
1734 1635 2068 1710 expositum
2114 1635 2248 1694 fuit.
2326 1634 2520 1694 Nimis
2566 1635 2722 1693 enim

387 1719 649 1794 abrupta
690 1718 929 1778 videtur
972 1719 1223 1779 locutio:
1282 1719 1417 1793 τῆλε
1473 1712 1575 1776 καὶ
1630 1710 1836 1792 ὑψόθι
1894 1711 2111 1791 ταρσὸν
2168 1716 2368 1777 ἱεῖσι.
2429 1749 2508 1761 -
2569 1718 2723 1778 Tum

390 1805 454 1863 in
498 1822 628 1879 sqq.
674 1821 1014 1878 perversam
1061 1822 1188 1863 esse
1233 1804 1593 1864 sententiam
1637 1807 1797 1863 recte
1841 1805 1957 1862 iam
1986 1804 2370 1864 Selmeidcrus
2411 1803 2720 1880 indicavit,

389 1888 521 1964 qui,
570 1887 762 1963 qualis
807 1889 861 1950 h.
904 1889 946 1947 l.
1004 1889 1367 1964 requiratur,
1425 1888 1823 1984 perspicienS,
1878 1890 2149 1965 imperite
2196 1893 2395 1948 tamen
2438 1908 2511 1949 ex
2554 1892 2722 1964 parte

387 1974 633 2032 conicit:
689 1967 796 2046 ἠδέ
836 1992 942 2032 κεν
999 1963 1171 2051 ’ὁρνιν
1213 1963 1464 2048 ὀίσσεαι,
1521 1967 1662 2030 ουδὲ
1705 1968 1836 2048 μὲν
1881 1965 2065 2049 ἰχθὺν
2101 1972 2111 2053 Ι
2151 1966 2444 2050 εἰσοράαν.
2536 1975 2720 2034 Initio

388 2060 545 2118 enim
595 2057 973 2118 scribendum
1019 2062 1180 2118 erat:
1227 2048 1268 2134 ἦ
1313 2054 1384 2115 τέ
1426 2078 1547 2117 κεν
1592 2054 1782 2133 ὄρνιν.

556 2143 627 2203 V.
671 2144 795 2203 438
826 2163 915 2219 sq.

688 2240 842 2303 Αἵδε
886 2240 997 2320 μὲν
1040 2241 1185 2304 ὥστε
1227 2237 1444 2317 πόληες
1489 2238 1553 2301 ἔν
1599 2234 1874 2321 ἰχθύσιν
1923 2242 1996 2302 οἰ
2037 2239 2070 2298 δ
2084 2238 2109 2299 ε’
2153 2232 2221 2301 θ’
2272 2238 2469 2320 ὅμιλοι

690 2326 1024 2406 κεκριμένοι
1068 2320 1348 2409 γεγάασιν
1391 2321 1813 2407 ἁλιπλάγκτοιο
1857 2324 2165 2406 γενέθλης.

391 2450 555 2509 Haec
598 2468 878 2526 perversa
923 2452 1094 2526 sunt,
1140 2466 1537 2527 perverseque
1568 2466 1740 2507 versa
1782 2468 1818 2505 a
1843 2449 2261 2508 Rittershusio:
2321 2447 2533 2517 „Aliae
2575 2472 2716 2513 vero

386 2536 554 2611 quasi
610 2535 884 2596 civitates
939 2540 1079 2596 sunt
1131 2536 1289 2595 inter
1354 2534 1577 2610 pisces3
1639 2534 1745 2594 aliz·
1807 2552 1948 2594 vero
2006 2536 2207 2593 coetus
2259 2537 2513 2610 separati
2577 2542 2720 2598 sunt

384 2621 675 2697 marivagi
730 2620 1035 2696 generis.“
1124 2621 1242 2681 Sed
1311 2620 1543 2679 medela
1608 2619 1889 2678 facillima
1957 2619 2368 2679 scribendum:
2429 2619 2545 2679 οἶδ
2558 2642 2585 2680 ε
2640 2618 2711 2680 θ’

381 2702 607 2780 δμιλοι,
654 2708 935 2782 totusque
977 2706 1143 2765 locus
1187 2706 1271 2766 sic
1301 2704 1816 2780 interpretandus:
1862 2704 2030 2781 „Hae
2073 2703 2316 2781 quidem
2360 2707 2528 2782 quasi
2574 2709 2715 2768 civi·

381 2793 536 2850 tates
592 2791 655 2849 in
709 2791 1005 2866 piscibus,
1070 2794 1132 2849 et
1185 2791 1249 2849 hi
1323 2790 1546 2850 diversi
1602 2793 1742 2849 sunt
1799 2792 2002 2850 coetus
2069 2790 2359 2865 marivagi
2413 2792 2713 2868 generiS.“

381 2875 625 2934 Etenim
668 2875 787 2933 iam
833 2876 1192 2935 enumeratis
1235 2875 1375 2934 inde
1421 2895 1456 2934 a
1513 2896 1572 2936 v.
1621 2877 1703 2934 80
1745 2894 1939 2951 usque>
1990 2875 2062 2933 ad
2106 2895 2163 2934 v.
2211 2875 2333 2933 437
2393 2878 2572 2938 variis
2623 2880 2710 2954 pi-

379 2960 567 3020 scium
613 2960 930 3038 generibus
976 2961 1083 3020 hos
1128 2979 1335 3021 versus
1382 2963 1686 3036 tamquam
1741 2961 2049 3035 epilogum
2093 2959 2293 3035 addit,
2350 2961 2566 3035 quibus
2623 2983 2714 3022 ar-

379 3048 698 3122 gumento,
747 3046 818 3104 de
862 3064 980 3122 quo
1026 3047 1327 3121 exposuit,
1374 3045 1724 3106 brevissime
1768 3045 2051 3120 repetito,
2098 3044 2215 3102 iam
2259 3045 2333 3104 ad
2377 3046 2556 3106 aliam
2585 3068 2712 3108 rem

379 3129 698 3190 transitum
741 3129 856 3190 sibi
900 3132 1148 3193 muniat.
1225 3131 1350 3188 Iam
1409 3130 1470 3188 in
1529 3131 1720 3189 altera
1773 3129 1948 3188 huius
2004 3128 2145 3187 libri
2198 3132 2365 3205 parte
2424 3131 2496 3190 de
2553 3134 2707 3192 coitu

377 3217 440 3274 et
483 3218 628 3274 natu
669 3214 920 3292 piscium
965 3217 1226 3293 exponit.
1303 3214 1395 3277 Cf.
1442 3236 1499 3276 v.
1549 3215 1673 3274 584
1718 3215 1917 3271 τοῖαι
1960 3207 2069 3289 μὲν
2101 3211 2412 3290 φιλότητες
2444 3212 2511 3274 ἐν
2539 3214 2710 3293 ἰχθύ-
2750 3221 2810 3269 17

377 3316 474 3357 σιν
529 3290 635 3373 ἠδὲ
698 3298 799 3359 καὶ
855 3289 1046 3359 εὐναί.
1139 3301 1269 3360 Hoc
1323 3303 1515 3360 totum
1587 3302 2005 3377 argumentum
2072 3297 2424 3359 brevissime
2491 3304 2710 3377 repetit

377 3385 465 3461 II,
517 3390 548 3444 1
583 3404 711 3462 sqq.
1415 3430 1419 3434 <

665 3471 812 3545 Ὧδε
856 3481 969 3564 μὲν
1012 3483 1329 3564 ἰχθύβοτοί
1368 3505 1427 3545 τε
1471 3483 1647 3563 νομαὶ
1691 3480 1791 3542 καὶ
1837 3483 2001 3559 φῦλα
2045 3479 2352 3560 θαλάσσης

680 3562 1032 3641 πλάζονται·
1079 3568 1282 3654 τοιῷδε
1325 3568 1528 3653 γάμῳ,
1576 3569 1771 3652 τοιῇδε
1814 3566 2071 3651 γενέθλη

680 3654 1009 3736 τέρπονται.

543 3760 666 3820 Ubi
723 3760 979 3819 fortasse
1034 3761 1253 3820 rectius
1308 3761 1602 3820 scribetur
1656 3759 1965 3819 disiunctis
2019 3759 2291 3819 vocibus:
2350 3756 2484 3840 τοίῳ
2540 3756 2606 3820 δὲ
2649 3784 2705 3840 γ.

379 3843 507 3926 τοίη
551 3839 619 3903 δὲ
673 3866 728 3922 γ.
820 3845 1172 3905 Simillimus
1238 3846 1416 3904 etiam
1471 3848 1561 3905 est
1625 3846 1790 3905 locus
1855 3844 2012 3903 infra
2055 3844 2143 3919 H,
2203 3847 2524 3920 419—21,
2584 3847 2702 3923 ubi,

373 3931 657 4007 expositis
685 3929 823 3989 inde
855 3930 930 3988 ab
961 3931 1133 3989 initio
1165 3930 1303 3990 libri
1333 3931 1583 4006 piscium
1613 3929 1944 3989 inimicitiis
1977 3932 2038 3987 et
2067 3931 2310 4006 pugnis,
2343 3930 2484 3989 haec
2507 3931 2702 3992 addit:

682 4026 851 4089 Οἵδε
895 4024 1005 4105 μὲν
1046 4020 1304 4110 ἆντίβιοι
1344 4028 1446 4090 καὶ
1487 4021 1757 4108 ἀνάρσιοι
1802 4023 1957 4105 ἔξοχ’
2005 4025 2174 4086 ἔασιν

678 4112 986 4174 εἰναλίων·
1033 4100 1122 4174 οὗ
1135 4136 1246 4174 τοι
1290 4113 1351 4175 δὲ
1395 4109 1521 4193 μετ’
1573 4111 1820 4190 ἰχθύσιν
1862 4112 2238 4190 αἰολοφύλοις

675 4207 1030 4278 ποινητῆρες
1074 4197 1204 4260 ἔασι
1249 4199 1350 4260 καὶ
1391 4194 1663 4277 ἀλλήλων
1709 4193 1996 4274 ὀλετῆρες.

375 4320 492 4380 Ubi
521 4339 700 4380 versu
743 4320 934 4380 altero
981 4310 1191 4379 οὗτοι
1234 4321 1572 4395 emendavi,
1617 4338 1726 4395 pro
1771 4337 1868 4393 ee,
1915 4319 2072 4394 quod
2103 4321 2282 4397 vulgo
2328 4322 2454 4381 sine
2486 4322 2700 4383 idoneo

375 4425 550 4467 sensu
594 4406 842 4484 legitur:
887 4415 1116 4481 μοῦνοι.
1206 4406 1438 4466 Poterit
1467 4406 1646 4466 etiam
1692 4406 1881 4462 τοῖοι
1925 4403 2122 4463 scribi.
