3132 5129
1374 432 1449 439 -
1543 394 1626 455 84
1712 430 1794 438 --

423 554 611 612 factus
643 553 714 610 de
744 550 1021 612 evitanda
1064 551 1308 608 deorum
1354 552 1589 625 piaeter
1618 549 1912 608 Venerem
1955 567 2155 624 pugna
2200 547 2537 607 admonitus
2581 550 2755 606 aucta

418 638 634 696 fiducia
698 642 761 695 et
825 636 986 694 rabie
1052 638 1111 693 in
1183 654 1439 710 pugnam
1508 635 1664 693 redit
1721 629 1850 711 (καὶ
1907 631 2050 710 πρίν
2103 652 2213 708 περ
2266 635 2460 729 θυμῷ
2512 627 2754 707 μεμαώς

425 715 684 799 Τρώεσσι
709 718 1027 797 μάχεσθαι,
1066 718 1076 798 Ι
1115 716 1190 795 δὴ
1222 717 1346 777 τότε
1389 741 1495 796 μιν
1524 714 1648 796 τρὶς
1687 716 1904 777 τόσσον
1934 714 2065 776 ἕλεν
2107 714 2304 793 μένος,
2350 707 2498 774 ὥστε
2541 712 2749 774 λέοντα

122 817 278 865 184-
286 816 385 864 205
418 811 528 867 ete.
571 810 686 866 135
703 804 888 903 ‘sqq.,)
936 807 1135 880 itaque
1178 807 1315 901 post
1357 808 1639 880 quattuor
1686 806 1801 863 alia
1829 804 2089 864 hostium
2119 802 2287 877 paria
2314 804 2549 872 infecta,
2593 802 2753 877 quod

122 901 392 949 ‘zos-330
424 894 519 951 vel
563 892 816 949 maxime
864 893 1192 986 optaverat,
1241 891 1306 948 in
1351 889 1548 964 ipsum
1595 889 1935 948 Pandaium
1979 887 2208 946 incidit.
2284 888 2472 958 Quem
2516 887 2755 945 Aeneae

417 977 743 1077 aurigantis
789 977 954 1051 equis
1001 977 1315 1035 advectum
1364 975 1666 1033 Minervae
1712 974 1916 1033 auxilii
1963 974 2125 1032 ferox
2183 973 2367 1065 (τρεῖν
2418 964 2483 1045 μ’
2531 991 2643 1028 ουκ
2688 968 2755 1050 ἐᾷ

424 1057 666 1131 Παλλὰς
708 1053 943 1136 Ἀθηυη
992 1062 1113 1119 256
1161 1064 1221 1117 et
1265 1058 1340 1117 αἴ
1378 1055 1481 1115 κέν
1522 1079 1624 1135 μοι
1667 1056 2035 1136 πολύβουλος
2074 1047 2305 1132 Ἀθήνη
2349 1055 2537 1126 κῦδος
2583 1029 2754 1134 ὀρέξῃ

421 1143 572 1226 260)
618 1147 856 1204 fortiter
903 1149 1213 1221 exceptum
1259 1144 1429 1203 hasta
1472 1145 1672 1203 traicit
1698 1144 2035 1216 DiomedeS,
2080 1143 2273 1215 ipsum
2306 1142 2570 1201 Aeneam
2612 1141 2754 1200 socii

116 1236 383 1284 334-337
417 1250 630 1307 corpus
677 1230 1099 1290 defendentem
1143 1249 1286 1290 saxo
1329 1231 1674 1304 prosternit,
1721 1248 1836 1304 qua
1880 1231 2010 1305 ipsa
2053 1246 2116 1285 re
2160 1224 2384 1300 Venus,
2431 1246 2608 1302 quam
2655 1225 2754 1283 ad·

38 1324 58 1368 )
114 1321 387 1369 339-470
416 1317 587 1394 gredi
644 1316 758 1390 ipsi
821 1321 1196 1375 concesserat
1257 1315 1515 1373 adiutrix
1575 1314 1709 1388 dea,
1767 1315 1892 1373 eius
1936 1314 2140 1372 hastae
2184 1312 2456 1370 obicitur.
2545 1311 2754 1385 Itaque

414 1402 522 1460 illa
575 1401 844 1459 modesto
898 1402 1141 1475 quidem
1198 1401 1441 1460 vulnere
1498 1398 1602 1459 sed
1653 1400 1823 1475 gravi
1882 1396 2255 1458 cavillatione
2312 1398 2386 1455 ab
2430 1397 2611 1454 heroe
2656 1395 2752 1452 ad

418 1488 647 1545 monita
690 1483 918 1560 proelio
967 1487 1199 1545 excedit
1243 1486 1520 1545 solatium
1565 1484 1936 1559 salutemque
1982 1503 2017 1541 a
2059 1485 2249 1540 matre
2292 1481 2487 1540 Dione
2531 1480 2752 1556 expeti-

413 1575 578 1642 tura,
634 1569 811 1628 simul
859 1568 932 1626 de
985 1570 1309 1641 Diomedis,
1356 1589 1534 1646 quam
1580 1569 1710 1666 ipsa
1751 1573 1996 1643 experta
2038 1572 2149 1637 est,
2197 1567 2412 1625 ferocia
2454 1568 2518 1624 in
2562 1566 2754 1640 magis

415 1660 587 1715 aucta
630 1654 857 1730 quippe
902 1655 1006 1713 vel
1049 1655 1177 1715 Iovi
1225 1656 1428 1715 cedere
1473 1655 1655 1715 nescii
1704 1649 2064 1731 (Τυδεΐδης,
2124 1645 2191 1722 ὃς
2253 1657 2367 1709 νῦν
2422 1670 2486 1728 γε
2531 1645 2631 1706 καὶ
2675 1643 2756 1706 ὃν

420 1736 518 1796 Διι
565 1734 743 1816 πατρὶ
787 1734 1028 1815 μάχοιτο
1074 1739 1225 1821 362)
1274 1741 1430 1816 apud
1476 1740 1730 1798 Martem
1774 1740 2189 1815 conqueritur,
2252 1755 2430 1812 quam
2477 1736 2754 1794 ferociam

411 1827 474 1883 in
516 1824 772 1900 querelis
816 1822 889 1880 ad
936 1828 1183 1886 matrem
1230 1827 1387 1885 datis
1432 1826 1493 1884 in
1541 1843 1746 1884 omnes
1791 1823 1936 1883 adeo
1968 1822 2221 1882 Graecos
2274 1821 2564 1880 transfert
2608 1821 2753 1895 ipsis

413 1910 556 1981 diis,
616 1911 665 1968 si
710 1928 838 1967 eam
884 1910 1119 1983 audias,
1176 1912 1430 1970 infestos
1488 1903 1642 1985 (ἀλλ’
1689 1905 1809 1985 ἤδη
1858 1905 2094 1965 Δαναοί
2140 1927 2204 1985 γε
2249 1901 2351 1964 καὶ
2396 1898 2754 1961 ἀθανάτοισι

409 1987 695 2070 μάχονται
740 1992 911 2066 380).
1001 1996 1084 2053 Ει
1136 1996 1405 2071 profecto
1464 1994 1812 2065 Diomedes,
1873 2013 2006 2053 cum
2053 1995 2313 2051 Aeneam
2361 1992 2754 2049 certissimam

412 2080 688 2154 praedam
735 2080 883 2154 eiipi
929 2080 1041 2138 sibi
1086 2079 1160 2137 ab
1205 2080 1485 2155 Apolline
1529 2079 1725 2151 videt,
1776 2079 1865 2136 ira
1909 2077 2367 2153 spoliorumque
2413 2094 2611 2135 amore
2657 2075 2752 2133 ab·

409 2168 617 2240 reptus
667 2156 820 2267 (dmi,
867 2157 903 2221 o'
952 2158 1013 2260 γ’
1060 2159 1162 2243 ἂρ’
1211 2158 1349 2223 οὐδὲ
1392 2158 1544 2223 θεὸν
1586 2159 1775 2240 μέγαν
1816 2157 2007 2238 ἅζετο,
2053 2159 2173 2220 ἵετο
2203 2155 2261 2219 δ’
2296 2156 2410 2220 αἰεὶ
2451 2157 2462 2238 Ι
2503 2157 2754 2219 Αἰνείαν

415 2253 644 2307 κτεῖναι
701 2269 802 2305 και
855 2237 978 2304 uinci
1033 2247 1215 2306 κλυτὰ
1276 2246 1483 2326 τεύχεα
1542 2247 1723 2306 δῦσαι
1768 2248 1894 2305 434
1924 2243 2042 2327 sq.)
2088 2266 2205 2306 non
2263 2245 2520 2304 multum
2564 2245 2751 2317 abest,

415 2336 560 2410 quin
593 2334 895 2392 Minervae
940 2326 1158 2392 moniti
1202 2337 1514 2394 immemor
1543 2332 1797 2392 Veneris
1842 2331 2150 2392 confirmet
2190 2332 2626 2390 accusationem
2658 2330 2754 2387 vel

416 2418 503 2478 illi
537 2420 650 2477 deo
683 2419 803 2477 vim
834 2418 1118 2492 inferens,
1168 2420 1317 2478 sed
1302 2439 1366 2479 ιιι
1410 2420 1542 2494 ipso
1588 2421 1784 2477 tamen
1830 2417 2190 2477 discriminis
2234 2418 2538 2474 momento
2583 2416 2752 2490 gravi

413 2504 571 2563 cedit
628 2504 724 2561 dei
786 2502 1212 2579 obiurgationi.
1300 2504 1459 2563 Hinc
1514 2503 1805 2561 tertius
1865 2503 1985 2560 iam
2043 2502 2212 2578 quasi
2257 2500 2540 2558 dramatis
2587 2501 2752 2557 actus

410 2590 652 2664 incipit,
714 2606 892 2663 quem
945 2587 1205 2665 πείρας
1263 2591 1501 2648 nomine
1558 2588 1858 2664 appellare
1915 2588 2070 2646 licet.
2158 2587 2285 2644 Iam
2330 2585 2488 2644 enim
2538 2584 2755 2660 Apollo

414 2674 661 2732 Martem
721 2673 911 2731 adhuc
967 2674 1227 2732 otiosum
1283 2676 1345 2732 in
1402 2692 1665 2750 pugnam
1720 2676 1962 2732 revocat
2013 2672 2490 2744 nominatimque
2548 2671 2755 2728 eontra

412 2758 759 2816 Diomedem
813 2757 1150 2817 inflammat
1205 2759 1525 2835 repetendo
1582 2761 1645 2816 et
1688 2757 1991 2834 augendo,
2049 2774 2200 2831 quae
2244 2755 2610 2830 proeliorum
2650 2753 2750 2812 ad-

411 2843 783 2901 ministrator
828 2840 1007 2899 modo
1053 2861 1087 2900 a
1131 2842 1364 2902 Venere
1421 2843 1731 2902 audiverat
1775 2837 2107 2919 (Τυδεΐδην
2152 2843 2261 2900 etc.
2308 2840 2430 2899 457
2464 2865 2546 2887 =
2579 2835 2751 2913 362),

414 2929 508 3000 ut,
574 2928 624 2985 si
687 2926 1005 2984 Diomedes
1064 2946 1170 2986 suo
1227 2929 1290 2985 in
1350 2928 1549 2987 furore
1605 2924 1880 3006 θεομάχῳ
1935 2926 2321 3001 perstitisset,
2375 2922 2532 2982 haud
2575 2923 2752 2981 dubie

411 3011 720 3069 bellatoris
765 3011 859 3069 dei
905 3012 1180 3071 manibus
1227 3012 1608 3071 occubiturus
1653 3012 1883 3070 fuisset.
1959 3010 2041 3069 Et
2068 3010 2166 3068 hic
2209 3009 2448 3085 quidem
2492 3007 2752 3066 medium

410 3097 717 3172 ingressus
763 3096 1092 3153 tumultum
1141 3097 1484 3156 inclinatam
1515 3098 1632 3155 iam
1665 3095 2056 3154 Troianorum
2098 3095 2283 3153 aciem
2318 3093 2602 3163 restituit,
2651 3091 2752 3149 ubi

110 3181 377 3230 497-507
410 3199 553 3239 vero
619 3179 940 3238 Diomedes
1009 3199 1144 3239 cum
1216 3183 1471 3258 utroque
1526 3181 1711 3239 Aiace
1775 3183 1951 3256 atque
2009 3179 2183 3239 Ulixe
2248 3181 2564 3237 nutantem
2628 3195 2754 3234 rem

108 3267 373 3314 512-527
407 3266 738 3324 sustentare
805 3266 1002 3340 parat,
1067 3265 1212 3324 illuc
1275 3268 1472 3343 ipsum
1531 3265 1847 3325 Hectorem
1914 3264 2193 3323 immittit
2259 3282 2403 3338 prae
2420 3264 2587 3322 sente
2648 3261 2751 3320 sed

102 3351 373 3400 590-607
409 3348 645 3408 Graecis
690 3349 921 3408 incerto
995 3350 1215 3410 auxilio
1260 3353 1591 3410 adiuturus.
1680 3350 1969 3408 Minacem
2015 3349 2191 3407 deum
2234 3366 2389 3406 unus
2433 3345 2752 3405 Diomedes

411 3434 784 3509 conspicatur
826 3437 888 3492 et
929 3435 1048 3493 iam
1094 3436 1170 3494 ad
1214 3437 1533 3497 salutarem
1579 3434 1849 3510 relapsus
1892 3434 2139 3493 deorum
2184 3435 2410 3492 metum
2451 3431 2748 3507 populari-

409 3519 552 3591 bus,
610 3518 754 3595 quid
808 3520 891 3577 rei
954 3521 1064 3591 sit,
1128 3522 1317 3596 aperit
1361 3522 1574 3596 atque,
1629 3521 1701 3576 ιιι
1744 3519 1945 3578 oribus
1991 3521 2196 3578 contra
2238 3518 2437 3578 hostes
2483 3516 2751 3576 obversis

112 3613 378 3660 099—712
413 3604 779 3679 pedetentim
840 3621 901 3663 se
960 3605 1281 3678 recipiant,
1340 3607 1544 3662 auctor
1601 3604 1857 3663 exsistit.
1947 3603 2117 3673 Quod
2176 3603 2318 3661 dum
2372 3602 2461 3660 illi
2507 3603 2748 3660 strenue

113 3698 379 3745 756-767
412 3692 820 3764 exsequuntur
875 3687 1060 3748 cladis
1117 3693 1314 3747 tamen
1371 3707 1743 3786 nequaquam
1789 3691 2083 3763 expertes,
2132 3706 2262 3744 eam
2307 3688 2381 3746 ob
2424 3706 2551 3745 rem
2595 3687 2748 3743 irata

408 3774 558 3832 Iuno
604 3793 639 3831 a
682 3772 824 3831 Iove
879 3771 1034 3831 haud
1091 3774 1282 3834 invito
1326 3775 1563 3832 veniam
1619 3774 1906 3848 impetrat
1948 3772 2200 3830 Martem
2245 3772 2520 3829 insanum
2564 3770 2747 3828 bella-

410 3861 604 3917 torem
659 3877 766 3933 per
810 3858 1139 3916 Minervam
1198 3859 1322 3917 eius
1377 3858 1779 3918 adversariam
1835 3854 2167 3933 castigandi
2214 3849 2363 3935 (vid.
2413 3857 2616 3914 757-
2625 3856 2742 3913 767

112 3940 379 3989 ’ΠΒ-909
411 3943 625 4002 collato
672 3943 797 4002 430
841 3948 1026 4000 ταῦτα
1079 3934 1141 3999 δ’
1186 3932 1358 4018 ’Ἀρηι
1412 3945 1543 4023 θοῷ
1599 3938 1702 4000 καὶ
1739 3934 1974 4021 Ἀθήνῃ
2029 3935 2224 3997 πάντα
2269 3935 2563 4014 μελήσει),
2626 3957 2744 4013 quo

413 4028 573 4086 facto
631 4030 881 4102 utraque
925 4027 1050 4086 Dea
1108 4027 1170 4085 in
1218 4026 1618 4087 Graecorum
1638 4028 1960 4086 exercitum
2003 4025 2429 4101 ingrediuntur
2484 4026 2544 4081 et
2596 4023 2744 4080 Iuno

410 4111 653 4187 quidem
701 4111 998 4171 Stentoris
1044 4131 1187 4171 voce
1232 4114 1457 4172 ceteros
1501 4113 1778 4173 resistere
1826 4112 2017 4183 iubet,
2066 4111 2337 4168 Minerva
2382 4127 2523 4168 vero
2567 4108 2741 4165 clien-

410 4198 534 4255 tem
579 4196 707 4254 adit
751 4197 967 4256 vulnus
1014 4199 1338 4268 curantem,
1385 4199 1664 4272 quoniam
1711 4199 1921 4256 contra
1965 4195 2139 4253 deum
2185 4193 2334 4253 nihil
2365 4194 2480 4251 iam
2514 4191 2745 4251 efficere

411 4283 630 4357 potest.
706 4281 831 4338 Iam
876 4286 1188 4356 quartus
1246 4284 1417 4357 quasi
1462 4283 1630 4357 isque
1674 4285 1970 4340 extremus
2014 4280 2189 4338 huius
2237 4278 2474 4336 fabulae
2519 4275 2743 4336 exordi-

410 4370 511 4425 tur
553 4369 749 4436 actuS,
810 4383 927 4440 quo
985 4367 1292 4426 Diomedis
1349 4385 1492 4426 non
1548 4368 1836 4425 tantum
1891 4364 2120 4424 fortis
2175 4363 2306 4423 sed
2369 4363 2595 4422 etiam
2641 4360 2746 4436 pii

410 4484 490 4493 —-
539 4469 659 4510 non
701 4444 1076 4520 ἅποθέωσις
1122 4451 1222 4510 sed
1279 4484 1331 4493 ——
1396 4448 1507 4531 (sit
1552 4451 1724 4508 venia
1770 4449 1975 4524 verbo)
2035 4441 2437 4518 α’ντιθέωσις
2483 4446 2746 4507 contine·
