3132 5129
1319 384 1780 448 -375—

627 542 809 627 αἰδώς
853 552 966 653 γὰρ
1012 553 1337 632 κατέρυκεν
1378 549 1574 653 ὁμῶς
1588 554 1691 617 καὶ
1735 551 1888 634 δεῖμ’
1936 554 2275 638 ἀλεγεινόν,

629 636 762 719 (μὴ
806 632 884 718 δὴ
928 637 1051 701 καὶ
1095 638 1394 719 Κήτειοι
1438 630 1581 701 ἀπὸ
1622 639 2016 719 πτολέμοιο
2060 640 2498 726 φέβωνται.>

373 759 553 837 VIII,
602 761 727 820 320
756 779 889 837 sqq.

624 895 708 904 —
881 895 960 905 —
1130 855 1202 932 ὃς
1257 854 1318 919 δ’
1366 858 1449 920 ἔτι
1492 858 1712 921 ποσσὶν

625 936 809 1022 ὀρθὸς
851 941 890 1003 ἆ
907 967 995 1004 να
1008 945 1344 1022 σκαίρεσκε·
1389 944 1596 1022 βαλὼν
1640 941 1697 1003 δ’
1747 967 1850 1024 oye
1893 944 2172 1027 δεύτερον
2216 945 2316 1008 ι’ὂν

627 1029 714 1112 <α
732 1028 908 1105 νδρα
930 1033 1126 1103 θοῶς
1157 1027 1425 1091 πέλασε
1456 1028 1680 1109 χθονὶ
1709 1029 2110 1135 δύσμορον,
2132 1054 2216 1094 ου
2233 1055 2355 1094 νεκ
2406 1028 2706 1114 ὀιστὸς)

625 1118 816 1219 λαιμῷ
855 1111 1098 1210 ἐπερροί
1107 1117 1186 1193 ζη
1199 1131 1274 1175 σε
1287 1158 1305 1194 ,
1363 1113 1634 1190 διέθρισε
1677 1111 1738 1174 δ’
1786 1111 2037 1195 αὐχένος
2081 1111 2213 1191 ἶνας

624 1190 906 1279 ἆνεικρύς
949 1195 1145 1273 ἀίξας·
1193 1192 1299 1260 τὸν
1342 1196 1402 1259 δ’
1451 1194 1707 1280 ἀργαλέη
1750 1199 1874 1280 κίχε
1924 1205 2151 1282 Μοῖρα.

367 1322 519 1399 XII,
569 1323 690 1381 232
722 1340 850 1399 sqq.

629 1474 702 1483 —
882 1473 961 1482 —
1133 1437 1290 1515 μάλα
1334 1436 1447 1517 γὰρ
1488 1434 1639 1518 μέγα
1681 1435 1890 1516 θυμὸν
1930 1432 2086 1512 ἀέξει

622 1518 851 1602 θαρσος
894 1520 1043 1625 ὅπερ
1087 1545 1147 1584 ἰε
1190 1522 1444 1600 μάλιστα
1487 1522 1695 1585 πέλει
1739 1521 2054 1626 <κρατος
2097 1518 2657 1605 ανθρώποισιν,

622 1608 871 1682 εἴδεος
914 1599 1023 1686 ηδ’
1073 1603 1342 1690 ἀλκῆς)
1387 1600 1538 1669 πολῦ
1581 1605 1762 1669 λώιον
1801 1602 2236 1689 ἀνθρώποισιν.

541 1729 660 1789 Sed
716 1730 859 1790 haec
912 1729 1060 1789 satis
1125 1733 1302 1789 sunto
1369 1730 1441 1788 de
1503 1730 1734 1790 lacunis
1789 1731 2032 1805 scripta.
2119 1731 2489 1806 Quamquam
2543 1731 2700 1789 enim

370 1816 578 1887 Quinti
624 1816 885 1875 carmine
930 1817 1147 1875 iterum
1190 1818 1551 1892 pertractato
1584 1815 1733 1874 alios
1778 1815 2031 1875 fortasse
2073 1817 2321 1890 insuper
2364 1815 2527 1875 locos
2571 1835 2699 1874 mu-

367 1902 574 1960 tilatos
620 1904 971 1976 reperturus
1024 1919 1184 1975 sum,
1244 1919 1352 1959 nec
1398 1899 1608 1959 dubito
1657 1900 1800 1976 quin
1846 1901 1987 1960 olim
2043 1900 2236 1960 omnis
2291 1899 2435 1959 haec
2479 1900 2551 1959 de
2596 1900 2702 1960 la-

366 1986 583 2045 cunis
630 1982 836 2054 Quinti
883 1985 1152 2062 quaestio
1183 1988 1244 2044 et
1285 1987 1415 2061 ipsa
1457 1985 1811 2055 lacunosa
1856 2004 1984 2045 esse
2013 1987 2327 2061 appareat,
2374 1986 2700 2045 verendum

363 2074 567 2130 tamen
612 2073 704 2129 est
745 2088 819 2129 ne
877 2072 927 2130 si
975 2069 1200 2130 diutius
1257 2070 1418 2130 locos
1462 2089 1574 2146 pro
1619 2070 1870 2147 integris
1925 2069 2117 2130 adhuc
2175 2068 2407 2129 habitos
2466 2069 2699 2130 defectu

363 2155 636 2215 laborare
680 2155 1089 2215 contenderim
1133 2156 1409 2214 critica
1451 2154 1598 2213 mihi
1643 2155 1790 2215 vitio
1847 2157 2118 2215 vertatur
2172 2153 2520 2214 absolute
2573 2174 2696 2214 ne-

363 2242 655 2317 gativa,
704 2260 855 2316 quae
900 2240 1101 2318 omnia
1155 2242 1365 2300 ceteris
1421 2242 1583 2300 certa
1636 2238 1911 2315 bonaque
1966 2239 2097 2300 visa
2150 2238 2464 2299 immodice
2523 2238 2695 2297 dubi-

365 2325 547 2384 tando
603 2325 1010 2385 corrodere
1078 2326 1139 2383 et
1198 2324 1592 2385 destruere
1650 2325 1871 2400 gestiat
1926 2324 2029 2384 sed
2083 2325 2210 2400 ipsa
2262 2323 2492 2399 aliquid
2548 2325 2694 2383 certi

366 2410 459 2469 vel
503 2408 815 2486 probabile
860 2428 1142 2486 ponere
1186 2411 1429 2469 neseiat.
1508 2409 1618 2469 Cui
1650 2408 1886 2468 crimini
1916 2410 2119 2484 potest
2164 2408 2407 2484 quidem
2450 2410 2695 2469 omnino

364 2495 474 2554 hoc
519 2495 863 2572 responderi
892 2494 1232 2571 ubicunque
1261 2488 1564 2572 integrum
1595 2512 1720 2555 esse
1749 2494 2011 2571 aliquem
2039 2495 2233 2553 locum
2264 2494 2695 2569 negaverim

362 2581 637 2656 planiora
679 2581 762 2640 ibi
806 2600 901 2640 me
945 2584 1008 2641 et
1049 2580 1318 2659 pleniora
1372 2599 1407 2639 a
1449 2585 1627 2656 poeta
1666 2580 1864 2656 posita
1920 2580 2101 2639 fuisse
2156 2578 2532 2655 posuisset
2591 2578 2695 2636 sed

364 2685 433 2725 ea
473 2659 781 2742 responsio
827 2667 889 2725 et
931 2687 1082 2743 quae
1140 2669 1449 2742 praeterea
1504 2686 1539 2724 a
1594 2684 1689 2724 me
1740 2668 1847 2724 aut
1903 2665 2019 2723 dici
2073 2667 2329 2739 possunt
2381 2668 2485 2721 aut
2537 2661 2695 2721 dicta
2723 2674 2787 2721 31

364 2754 506 2811 sunt
547 2751 706 2810 haud
751 2751 874 2811 scio
920 2770 997 2811 an
1042 2750 1198 2828 apud
1240 2750 1509 2811 homines
1554 2750 1741 2810 nimia
1783 2751 2073 2828 religione
2118 2747 2307 2807 menti
2352 2746 2695 2807 diffidentes

362 2835 769 2912 librorumque
812 2838 875 2895 in
918 2837 1339 2898 auctoritatem
1396 2838 1458 2895 et
1513 2835 1691 2894 fidem
1734 2835 1999 2895 iurantes
2047 2834 2280 2895 veniam
2324 2832 2471 2890 mihi
2526 2851 2694 2891 excu-

361 2921 775 2998 sationemque
817 2925 1096 2996 paratura
1140 2939 1260 2980 non
1304 2921 1447 2981 sint.
1521 2920 1775 2981 Constat
1830 2922 1992 2978 enim
2032 2920 2205 2979 illud
2252 2916 2693 2977 immodicae

361 3024 750 3082 mex-aeque
794 3007 1231 3082 negationis
1275 3006 1500 3065 crimen
1531 3005 1634 3063 ubi
1677 3005 1958 3063 facillime
2002 3006 2067 3063 in
2107 3004 2416 3062 hominum
2460 3003 2692 3064 animos

360 3090 649 3150 invaserit
694 3108 872 3166 quam
915 3090 1188 3151 odiosum
1225 3090 1401 3150 hodie
1445 3092 1526 3151 sit
1571 3093 1677 3149 aut
1705 3088 1854 3150 adeo
1888 3089 2308 3165 periculosum.
2380 3081 2555 3146 Ἀλλὰ
2585 3083 2687 3147 καὶ

359 3169 441 3244 οἳς
488 3208 567 3218 --
612 3166 962 3252 ἀνερρίφθω
1006 3169 1039 3233 ὁ
1084 3172 1301 3251 κύβοςῑ
