3132 5129
1360 375 1436 382 —-
1531 335 1819 398 120—

669 491 928 569 δωτίνην
974 488 1206 552 τελέσω.
1265 490 1519 569 πομπὴ
1564 487 1627 549 δ’
1675 487 1959 570 ἄνδρεσσι
2001 489 2243 569 μελήσει

667 575 845 654 πᾶσι,
889 573 1139 655 μάλιστα
1185 574 1244 634 δ’
1294 574 1445 655 ἐμοί·
1493 576 1600 636 τοῦ
1641 574 1753 655 γὰρ
1797 572 2009 655 κράτος
2054 570 2177 636 ἔστ’
2224 574 2316 636 ἐνὶ
2358 577 2577 658 δημῷ.

328 706 388 753 13
423 698 575 768 Quid
623 716 765 756 vero
811 701 1015 756 noster
1058 719 1117 773 p.
1163 697 1334 756 408?
1378 698 1682 757 Audacter
1723 698 1853 757 ille:
1904 696 2101 767 „Abcr
2127 700 2513 773 widerwc'irtiy
2555 701 2632 758 ist
2676 716 2755 765 es,

423 802 634 851 „wemz
676 785 788 840 wir
830 783 950 854 auf
982 784 1074 841 dic
1117 786 1239 842 vier
1280 785 1443 842 cellen
1484 785 1613 842 und
1636 783 2019 858 yefilhlvollen
2059 800 2216 841 verse
2244 786 2367 842 vier
2406 788 2755 857 stilmper-

415 868 656 940 ‚,hafte
711 867 905 941 folyen
956 869 1156 936 seben,
1213 869 1304 927 dic
1356 888 1477 927 ‘tm-r
1532 871 1659 926 eine
1713 868 2102 943 armscliye
2157 870 2759 928 contamination

417 954 591 1022 „sind
633 957 807 1010 unser
847 954 1358 1027 zuyrwndeleyunq
1401 971 1518 1012 von
1563 952 1764 1027 Odyss,
1812 974 1850 1009 α
1888 954 2227 1012 356—360
2268 971 2416 1026 resp.
2464 974 2511 1027 φ
2543 954 2755 1012 350-

415 1038 579 1106 „354
624 1039 797 1110 veryl.
844 1037 1023 1096 Iliad.
1076 1037 1127 1093 P
1155 1039 1302 1111 145,
1363 1057 1566 1097 wovon
1608 1039 1699 1096 dic
1741 1043 1914 1096 wortc
1955 1033 2043 1094 τοὶ
2081 1031 2238 1116 Ἰλίῳ
2282 1033 2591 1114 ἐγγεγάασι
2634 1043 2757 1096 ent·

417 1124 608 1191 „lehnt
653 1123 793 1181 aber
835 1122 955 1194 auf
974 1123 1066 1180 die
1103 1123 1586 1194 wnbeh-iilflichstc
1628 1124 1792 1180 weise
1834 1124 1904 1180 in
1946 1123 2037 1180 die
2080 1124 2470 1181 construction
2510 1140 2758 1181 unsercr

415 1208 609 1276 „stelle
652 1206 944 1281 einyefie'yt
973 1209 1170 1266 smdf‘
1244 1207 1368 1266 Nec
1408 1208 1552 1265 haec
1598 1207 1860 1266 refutare
1906 1206 2100 1281 placet
2128 1225 2237 1264 nec
2270 1226 2422 1282 quae
2452 1210 2760 1282 praeterea

415 1293 708 1350 declamat
732 1291 1077 1350 exscribere.
1128 1292 1284 1351 Satis
1308 1292 1492 1366 enim,
1520 1293 1765 1366 opinor,
1802 1291 1920 1349 iam
1941 1291 2211 1365 intellegi
2236 1294 2436 1366 potest
2458 1291 2756 1367 pertinere

415 1378 580 1435 illam
638 1375 726 1433 La
755 1376 964 1435 Rochii
994 1376 1268 1451 analysin
1312 1377 1382 1434 ad
1417 1377 1477 1434 id
1531 1376 1826 1434 scribendi
1859 1394 2076 1450 genus,
2134 1376 2291 1451 quod
2347 1377 2409 1434 in
2454 1376 2757 1435 dissertat.

415 1459 508 1519 ΙΙΙ
537 1480 598 1535 p.
631 1461 667 1518 3
701 1456 913 1538 [supra
936 1481 996 1535 p.
1023 1457 1132 1538 49]
1176 1461 1413 1534 notavi,
1460 1481 1579 1536 quo
1611 1460 1768 1519 haud
1797 1479 2015 1535 paucos
2044 1461 2221 1519 hodie
2250 1479 2369 1519 non
2403 1468 2525 1520 tam
2556 1461 2759 1520 studia

417 1565 593 1621 quam
640 1545 974 1604 studiorum
1021 1546 1194 1603 initia
1238 1545 1537 1620 publicare
1582 1545 1853 1604 videmus
1883 1545 2254 1604 emendanda
2300 1545 2454 1603 haud
2500 1564 2632 1604 raro
2695 1548 2759 1604 et

354 1705 357 1709 Δ
417 1630 825 1704 retractanda,
888 1630 1029 1687 dum
1085 1631 1276 1705 operis
1338 1630 1672 1688 traduntur.
1748 1631 1843 1688 Ita
1906 1630 2098 1689 virum
2154 1631 2591 1705 acutissimum,
2651 1630 2758 1689 ubi

416 1735 517 1774 sex
564 1717 863 1789 septemve
909 1714 1116 1772 Iliadis
1174 1715 1359 1773 libros
1404 1715 1515 1774 hoc
1572 1716 1747 1774 modo
1807 1718 2167 1790 pertractare
2225 1717 2603 1789 sustinuerit,
2664 1715 2759 1773 in-

418 1800 794 1858 tellecturum
841 1818 968 1857 esse
1015 1799 1244 1857 confido
1291 1800 1518 1875 ipsum,
1565 1801 1641 1857 ad
1686 1820 1955 1858 normam
1989 1818 2097 1858 suo
2129 1799 2376 1859 arbitrio
2421 1802 2756 1859 confectam

417 1884 734 1943 Homerica
778 1883 1040 1942 carmina
1098 1885 1323 1942 frustra
1368 1904 1403 1942 a
1448 1904 1510 1943 se
1556 1884 1887 1944 sollicitari.
1963 1884 2145 1942 Illum
2191 1904 2334 1942 sane
2378 1903 2605 1943 morem
2653 1899 2759 1943 na-

418 1975 586 2028 turae
645 1970 1042 2027 scrutatorum
1101 1970 1407 2044 proprium
1466 1989 1595 2027 esse
1649 1969 1850 2043 viden,
1907 1970 2302 2028 necessarium
2359 1988 2487 2028 esse
2545 1970 2758 2045 cred03

420 2054 520 2112 sed
580 2053 830 2111 eundem
887 2053 1145 2111 alienum
1203 2055 1329 2112 esse
1387 2074 1422 2111 a
1465 2055 1692 2112 nostris
1748 2053 1965 2111 litteris
2023 2056 2174 2128 scie,
2233 2073 2486 2129 quarum
2545 2055 2760 2130 ingens

419 2139 832 2213 indigestaque
879 2139 1066 2197 moles
1112 2138 1403 2197 eiusmodi
1452 2138 1950 2213 „experimentis“
1997 2156 2118 2196 non
2150 2141 2387 2197 tantum
2419 2138 2759 2198 cumulatur

421 2224 612 2299 magis
659 2223 966 2298 magisque
1011 2223 1283 2298 cottidie,
1333 2224 1436 2282 sed
1482 2223 1661 2282 etiam
1709 2224 2119 2281 conturbatur.
2194 2221 2385 2291 Quare
2429 2225 2618 2282 multo
2665 2244 2755 2282 sa·

419 2309 542 2367 tius
589 2308 735 2383 erit,
783 2313 852 2365 ut
893 2325 1004 2366 nos
1047 2308 1288 2382 quidem
1334 2327 1538 2383 „more
1569 2307 1899 2366 maiorum“
1944 2307 2096 2366 nihil
2141 2307 2255 2365 nisi
2301 2311 2361 2366 et
2403 2326 2512 2382 pro
2558 2310 2754 2367 cuius-

416 2412 531 2469 que
578 2393 817 2468 ingenio
865 2393 1191 2469 perfectum
1254 2397 1316 2451 et
1370 2393 1668 2452 industria
1711 2392 1883 2451 facile
1944 2393 2018 2451 ab
2076 2392 2350 2451 omnibus
2405 2393 2761 2452 noscitanda

417 2479 786 2537 elaboratum
842 2478 1081 2553 publico
1137 2478 1356 2536 iudicio
1415 2478 1800 2551 subiciamus,
1860 2496 2242 2553 „nonumque
2298 2495 2638 2552 premamus
2696 2480 2759 2536 in

417 2562 679 2622 annum“
725 2563 926 2637 potius
984 2563 1078 2623 vel
1124 2582 1271 2638 opus
1323 2562 1424 2622 diu
1470 2562 1824 2622 meditatum
1870 2583 2050 2638 quam
2093 2562 2380 2623 nundinis
2423 2563 2762 2638 quibusque

419 2667 575 2707 nova
620 2667 849 2722 semper
906 2648 1000 2705 vix
1048 2651 1331 2723 concepta
1374 2648 1824 2724 profundamus,
1918 2648 2009 2705 Ab
2067 2648 2319 2707 errando
2365 2666 2533 2723 sane,
2596 2648 2758 2723 quod

419 2735 812 2790 humanum
858 2750 984 2790 esse
1029 2735 1293 2807 constat,
1341 2751 1446 2792 nec
1492 2733 1577 2791 ita
1606 2733 1844 2808 quidem
1890 2751 1998 2792 nos
2044 2732 2264 2790 huius
2308 2737 2465 2792 certe
2510 2734 2761 2791 huma·

418 2817 700 2876 nitatis
746 2817 1066 2891 participes
1095 2834 1301 2876 cavere
1332 2817 1503 2875 nobis
1538 2820 1889 2892 poterimuS,
1938 2817 2040 2876 sed
2068 2816 2361 2876 eiusmodi
2393 2821 2519 2876 tum
2553 2822 2759 2877 tamen

420 2900 748 2959 errabimus
792 2919 1049 2975 erroreS,
1108 2901 1325 2975 quibus
1369 2903 1796 2977 cognoscendis
1842 2907 1905 2962 et
1948 2901 2284 2962 refutandis
2328 2902 2434 2961 alii
2479 2903 2756 2961 veritatis

423 2987 578 3044 viam
623 3003 754 3042 cum
800 2984 917 3059 ipsi
963 2986 1264 3045 inventuri
1323 2991 1451 3046 tum
1495 2987 1794 3047 nobismet
1836 2988 2362 3046 commonstraturi
2407 2988 2543 3046 sint.
2616 2988 2760 3047 Ete-

420 3071 542 3128 nim
589 3069 730 3128 haec
775 3074 868 3129 est
915 3071 1251 3195 'communis
1295 3071 1557 3130 omnium
1616 3073 1920 3133 hominum
1967 3091 2093 3133 sors
2149 3072 2475 3132 errando
2524 3073 2763 3131 attin·

421 3174 601 3231 gere
648 3173 929 3213 verum.
