3132 5129
1320 397 1782 461 -259—

554 551 869 655 μέμβλεται
914 551 981 615 έν
1024 548 1354 632 στήθεσσιν
1394 549 1623 632 ἀκηδέα
1666 549 1874 632 θυμὸν
1918 545 2217 630 ἐχούσαις,

386 652 452 698 10
562 637 792 700 τυτθὸν
831 634 943 699 ἀπ’
989 633 1317 737 ἀκροτάτης
1355 647 1633 738 κορυφῆς
1679 634 1990 715 νιφόεντος
2028 632 2347 720 Ὀλύμπου.

720 725 789 784 αἳ
831 720 952 785 τότ’
1004 723 1143 784 ἴσαν
1184 720 1332 804 πρὸς
1355 716 1675 802 Ὀλυμπον
1715 720 2111 805 ἀγαλλόμεναι
2155 714 2259 782 ὀπὶ
2301 725 2459 804 καλῇ·
2657 729 2724 778 68

552 807 723 870 ἐννέα
767 807 1095 914 θυγατέρες
1137 808 1414 905 μεγάλου
1441 807 1596 882 Διὸς
1641 808 2017 889 ἐκγεγαυῖαι,
2656 814 2722 863 76

552 890 743 955 Κλειώ
786 890 841 952 τ’
892 890 1170 974 Εὐτέρπη
1216 917 1275 955 τε
1322 886 1541 955 Θάλειά
1588 918 1648 955 τε
1692 893 2063 991 Μελπομένη
2110 916 2166 953 τε

558 973 890 1059 Τερψιχόρη
934 976 988 1040 τ’
1034 976 1257 1057 Ἐρατώ
1302 1001 1362 1040 τε
1410 973 1728 1056 Πολυμνιά
1770 976 1824 1038 τ’
1877 976 2149 1081 Οὐρανίη
2192 997 2252 1036 τε

384 1076 446 1123 15
554 1062 862 1140 Καλλιόπη
903 1061 976 1124 θ’
983 1108 1003 1142 ,
1047 1063 1089 1142 ἥ
1133 1087 1191 1124 τε
1236 1063 1681 1142 προφερεστάτη
1727 1063 1886 1125 ἐστὶν
1927 1055 2210 1124 ἁπασέων

551 1145 845 1252 ἀμβροσίῃ
886 1155 1109 1233 μολπῇ·
1153 1171 1285 1229 περι
1332 1146 1396 1209 δ’
1445 1149 1601 1247 ιαχε
1599 1154 1762 1249 γαΐα
1806 1147 2053 1246 μέλαινα
2657 1154 2722 1202 69

552 1228 916 1312 ὖμνεύσαις’
964 1212 1163 1314 ἐρατὸς
1209 1232 1277 1293 δὲ
1321 1235 1534 1296 ποδῶν
1576 1227 1694 1295 όπο
1737 1235 1965 1307 δοῦπος
2011 1226 2221 1313 ὀρώρει

551 1316 919 1415 νισσομένων
960 1317 1166 1399 πατέρ’
1214 1320 1299 1392 εἰς
1345 1342 1433 1381 ον.
1480 1342 1512 1380 ο
1556 1316 1618 1379 δ’
1667 1316 1905 1404 οὐρανῷ
1950 1312 2319 1416 ἐμβασιλεύει

551 1395 733 1476 αὐτὸς
780 1401 933 1481 ἔχων
974 1403 1232 1484 βροντὴν
1274 1400 1383 1480 ἥδ’
1428 1398 1790 1466 αἰθαλόεντα
1835 1397 2161 1483 κεραυνόν,

379 1500 449 1547 20
549 1487 754 1568 κάρτεϊ
794 1483 1044 1565 νικήσας
1088 1488 1310 1592 πατέρα
1355 1487 1623 1571 Κρόνον·
1673 1511 1740 1551 ευ
1789 1488 1853 1550 δὲ
1897 1488 2113 1549 εκαστα

550 1570 883 1646 ἀθανάτοις
928 1572 1187 1647 διέταξεν
1232 1567 1393 1653 ὁμῶς
1436 1575 1537 1635 καὶ
1581 1573 1877 1652 ἐπέφραδε
1925 1573 2111 1654 τιμάς.

379 1729 454 1788 V.
491 1731 571 1789 63
604 1731 666 1787 et
697 1730 806 1805 64,
854 1749 1003 1807 quos
1047 1731 1291 1805 sustuli,
1338 1732 1458 1789 iam
1503 1731 1609 1789 alii
1654 1731 2079 1789 intellexerunt
2119 1728 2194 1787 ad
2226 1728 2428 1788 Musas
2472 1725 2534 1784 in
2562 1725 2724 1784 Heli-

379 1834 526 1875 cone
585 1813 927 1875 habitantes
982 1834 1106 1875 non
1161 1816 1224 1874 in
1270 1814 1530 1892 Olympo
1587 1816 1874 1875 saltantes
1931 1816 2248 1891 pertinere.
2338 1812 2549 1887 Itaque
2604 1827 2726 1867 non

381 1900 627 1974 dubitn,
675 1902 820 1976 quin
867 1902 1007 1960 olim
1054 1900 1129 1959 ab
1174 1899 1372 1976 aliquo
1416 1901 1479 1959 in
1523 1903 1783 1978 primum
1827 1900 2194 1976 prooemium
2236 1897 2459 1958 invecti
2504 1895 2729 1953 suerint

379 1987 518 2061 post
560 2002 620 2042 v.
658 1986 714 2042 2.
805 1985 961 2044 Tum
1004 2004 1218 2045 novem
1263 1985 1571 2044 Musarum
1616 1984 2119 2045 enumerationem
2160 1984 2298 2042 huic
2344 1979 2595 2042 carmini
2638 1980 2726 2037 in-

380 2072 495 2128 seri
542 2087 674 2128 cum
723 2072 918 2145 ipsum
965 2072 1091 2130 eius
1134 2074 1557 2171 argumentum
1604 2070 1950 2147 postulabat
1994 2072 2123 2128 tum
2166 2069 2485 2127 coniuncta
2530 2064 2609 2124 68
2636 2082 2724 2137 sq.

381 2156 721 2230 importune
773 2174 1107 2231 synonyma
1156 2146 1263 2212 ὀπὶ
1311 2154 1495 2236 καλῇ,
1551 2149 1848 2236 ἀμβροσίῃ
1900 2157 2097 2260 μολπῇ
2152 2152 2527 2224 indicabant,
2586 2166 2727 2222 quo-

380 2258 514 2298 rum
557 2244 922 2313 postremum
951 2241 1069 2299 iam
1101 2241 1322 2300 clarius
1359 2239 1759 2315 Calliopen
1789 2243 1858 2299 ut
1901 2228 2024 2298 ὃπι
2068 2241 2255 2319 καλῇ
2296 2236 2510 2297 ceteris
2550 2251 2726 2307 supe-

381 2325 599 2383 riorem
667 2328 807 2400 apte
862 2325 1158 2400 vindicat,
1228 2345 1363 2385 cum
1426 2344 1579 2400 quae
1645 2344 1805 2385 nunc
1868 2327 1995 2383 eius
2052 2323 2420 2399 principatus
2482 2319 2729 2377 affertur

381 2428 560 2468 causa
604 2430 660 2470 v.
686 2410 771 2469 80

555 2517 595 2603 ἣ
637 2524 749 2607 γὰρ
793 2525 897 2587 καὶ
938 2526 1284 2608 βασιλεῦσιν
1325 2519 1430 2606 ἅμ’
1478 2525 1797 2590 αἰδοίοισιν
1841 2520 2064 2605 ὀπηδεῖ

383 2663 763 2739 cupidissime
807 2669 1046 2742 arrepta
1109 2670 1174 2725 et
1234 2670 1511 2726 enarrata
1575 2686 1611 2724 a
1673 2665 2104 2725 recentioribus
2148 2659 2299 2746 (vid.
2348 2662 2725 2724 Muetzell·

376 2769 439 2825 p.
475 2749 598 2808 384
622 2747 742 2826 sq.)
798 2755 999 2825 aperte
1051 2771 1088 2810 a
1145 2752 1538 2827 compositore
1595 2751 1763 2810 illata
1816 2753 1924 2826 sit,
1983 2752 2088 2827 qui
2139 2750 2254 2809 hoc
2307 2768 2544 2808 carmen
2588 2767 2720 2806 cum
2766 2747 2827 2794 16

381 2837 673 2909 sequente
703 2832 955 2916 γνώμῃ
983 2837 1144 2913 regis
1176 2836 1481 2895 Musarum
1509 2835 1708 2912 gratia
1737 2836 2001 2895 florentis
2030 2835 2317 2894 honorem
2349 2833 2727 2909 praedicante

379 2918 664 2994 copulare
707 2920 990 2981 studeret.
1070 2920 1234 2980 Idem
1266 2940 1505 2982 versum
1539 2922 1619 2980 75
1650 2922 2010 2997 interposuit
2050 2919 2260 2979 itidem
2303 2938 2489 2979 nexus
2532 2937 2725 2993 causa,

381 3003 548 3063 Iovis
592 3006 923 3079 potentiam
966 3010 1148 3082 atque
1191 3024 1488 3064 summum
1531 3006 1851 3082 imperium
1895 3008 2098 3082 aptam
2142 3023 2269 3065 esse
2300 3005 2561 3064 Musicae
2592 3022 2728 3063 can-

389 3088 614 3147 tilenae
658 3091 966 3149 materiam
1007 3093 1221 3167 quarto
1267 3090 1573 3166 prooemio
1618 3091 1883 3151 edoctus.

556 3173 855 3233 Sextam
909 3176 1368 3251 particulam
1423 3176 1599 3235 modo
1645 3175 1931 3236 indicavi:
1989 3177 2226 3234 constat
2267 3194 2341 3234 ex
2382 3195 2440 3234 v.
2475 3174 2725 3232 81—87

380 3257 514 3336 (ubi
568 3251 876 3335 ἀγορεύων
912 3260 923 3334 Ι
960 3251 1118 3333 αἶψά
1171 3280 1230 3318 τε
1274 3261 1653 3319 retinendum
1698 3261 1842 3335 est),
1903 3262 1980 3319 91
2013 3278 2132 3336 sq.,
2193 3261 2295 3318 ubi
2340 3251 2432 3317 ἀν’
2479 3252 2728 3336 ἀγῶνα

377 3342 706 3421 genuinam
739 3363 866 3404 esse
897 3346 1249 3420 scripturam
1279 3363 1350 3403 ex
1381 3345 1481 3418 iis,
1526 3365 1678 3420 quae
1708 3346 2084 3406 Muetzell.
2133 3366 2191 3421 p.
2226 3346 2348 3404 338
2374 3364 2462 3419 sq.
2494 3344 2724 3417 attulit,

377 3428 709 3488 clarissime
769 3432 956 3504 patet.
1041 3430 1274 3490 Inserta
1329 3434 1420 3489 est
1472 3429 1609 3488 huic
1667 3431 1797 3490 loco
1842 3430 1973 3489 'alia
2027 3430 2100 3489 de
2157 3448 2256 3505 eo,
2314 3428 2473 3504 quod
2527 3429 2727 3504 regiae

376 3514 670 3590 potestati
713 3516 1084 3589 propositum
1128 3518 1248 3590 est,
1304 3516 1607 3574 sententia
1652 3516 1932 3590 88—90,
1990 3533 2140 3591 quae
2185 3514 2483 3574 sententia
2529 3517 2600 3571 ut
2642 3515 2726 3572 al-

379 3601 570 3658 terius
615 3598 999 3659 conexionem
1055 3601 1369 3675 perturbat
1421 3601 1508 3659 ita
1550 3618 1661 3675 per
1703 3619 1766 3660 se
1807 3601 1925 3659 rite
1969 3603 2108 3663 stat.
2198 3599 2345 3658 Eam
2393 3600 2578 3674 igitur
2621 3617 2728 3673 pro

379 3685 704 3759 septima
747 3685 1139 3759 particula
1182 3684 1554 3745 habebimus,

556 3767 887 3843 Utramque
918 3771 1384 3829 contaminatam
1427 3772 1499 3828 ut
1542 3789 1677 3829 oum
1722 3773 2005 3846 sequente
2036 3769 2342 3845 prooemio
2374 3770 2725 3842 conecteret,

383 3854 755 3929 compositor
796 3872 1034 3914 versum
1080 3855 1290 3913 intulit
1332 3856 1411 3914 93

553 3962 673 4028 οἷά
716 3984 809 4030 τε·
836 3968 1152 4031 Μουσάων
1193 3967 1320 4050 ἱερὴ
1365 3967 1527 4048 δόσις
1569 3966 2020 4053 ἀνθρώποισιν,

380 4091 552 4150 cuius
585 4090 761 4148 initio
791 4091 1106 4151 notissima
1135 4091 1394 4152 formula
1420 4093 1858 4153 inconsiderate
1888 4093 2111 4152 abusus
2148 4094 2268 4166 est,
2316 4090 2474 4167 quod
2503 4090 2728 4151 frustra

380 4174 736 4252 corrigendo
779 4193 1085 4236 removere
1131 4178 1506 4238 studuerunt.
1579 4177 1958 4238 Prooemium
1989 4195 2131 4237 vero
2160 4176 2320 4252 quod
2352 4175 2473 4235 dixi
2519 4180 2726 4236 octa-

377 4280 547 4320 vum
595 4260 1088 4340 fragmentum
1134 4282 1194 4322 v.
1230 4264 1551 4338 94—103‚
1612 4264 1685 4322 de
1740 4283 1809 4323 eo
1863 4262 2160 4323 neminem
2216 4261 2726 4321 contradicturum

378 4346 627 4421 opinor,
676 4346 780 4422 qui
823 4347 1163 4406 meminerit
1203 4351 1486 4423 quattuor
1530 4348 1659 4408 eius
1702 4350 1928 4424 primos
1973 4366 2178 4408 versus
2219 4346 2425 4407 addito
2468 4348 2644 4407 initio

642 4460 962 4523 Μουσάων
1001 4486 1271 4542 αρχωμαι
1307 4460 1685 4536 Ἀπόλλωνός
1730 4487 1790 4523 τε
1838 4461 1983 4537 Διός
2028 4485 2088 4524 τε

1800 4559 1807 4568 ’
2206 4563 2312 4615 17*
