3132 5129
1305 384 1589 446 —451
1697 421 1761 430 —

316 552 325 559 ’
368 535 712 615 Κυθήρων,
759 542 878 599 iam
924 560 994 599 ex
1039 541 1307 617 margine
1340 542 1734 618 quorumdam
1764 541 2053 601 librorum
2085 542 2407 601 notabatur
2435 543 2708 619 neglecta

367 626 441 683 ab
500 626 796 685 omnibus.
902 625 1017 684 Sed
1084 645 1211 684 eam
1268 627 1478 685 horum
1540 630 1853 701 poetarum
1911 618 2325 686 consuetudini
2383 645 2705 687 accommo-

366 710 652 769 datiorem
709 728 836 770 esse
909 712 1306 770 demonstrari
1374 715 1591 804 potest.
1694 712 1848 770 Tum
1903 732 1958 772 v.
1994 714 2073 770 56
2131 712 2289 788 quod
2345 705 2404 770 P
2460 713 2708 787 praebet

364 790 761 873 μαρμαρυγὴν
807 793 1218 873 χαρίεσσαν
1261 785 1766 869 ἆπαστραπτουσα
1810 793 2135 873 προσωπου
2181 798 2298 855 iam
2345 797 2407 854 in
2453 798 2706 872 antiqui·

368 880 569 939 oribus
607 880 967 939 editionibus
1014 881 1255 939 obvium
1299 885 1477 956 atque
1512 881 1716 940 Nonni
1760 882 2032 958 magistri
2079 882 2379 957 exempliS,
2427 886 2496 940 ut
2523 882 2704 957 XXX,

377 966 519 1022 255.
566 965 853 1040 XXXIII,
904 967 1004 1024 24.
1049 965 1174 1040 XL,
1222 967 1345 1023 414
1403 967 1642 1042 egregie
1687 966 1995 1025 defensum
2040 968 2281 1025 omnino
2327 966 2539 1041 expelli
2585 985 2706 1026 non

369 1050 625 1107 debebat
655 1070 798 1125 prae
844 1050 948 1109 illo
994 1055 1265 1125 suspecto
1310 1048 1745 1125 χαρίεντος,
1792 1052 1949 1126 quod
1995 1054 2057 1109 in
2102 1071 2233 1125 sex,
2281 1052 2332 1109 si
2365 1051 2454 1109 dis
2486 1052 2704 1126 placet,

369 1135 671 1194 codicibus
716 1135 1028 1194 inventum
1073 1135 1301 1194 invexit
1343 1136 1645 1195 Roeverus
1689 1135 2130 1195 contradicente
2173 1136 2515 1210 LennepiO,
2577 1155 2705 1194 ser-

368 1221 585 1278 varunt
640 1219 1017 1279 Heinrichius
1073 1223 1136 1277 et
1190 1220 1527 1279 Passovius.
1618 1218 1840 1279 Contra
1897 1240 2102 1279 omnes
2163 1220 2352 1278 adhuc
2409 1220 2706 1281 editiones
2734 1230 2765 1276 9

369 1323 422 1361 v.
458 1307 534 1361 61
583 1306 895 1379 occupavit
948 1300 1158 1381 χροιὴν
1207 1293 1322 1382 γὰρ
1372 1299 1596 1380 μελέων
1651 1299 2036 1380 ἐρυθαίνετο,
2103 1304 2263 1380 quod
2317 1323 2426 1363 nec
2483 1324 2589 1380 per
2644 1325 2707 1364 se

367 1392 505 1462 apte
550 1389 775 1447 dictum
831 1391 949 1464 est,
1009 1389 1286 1465 quoniam
1345 1390 1464 1448 alia
1515 1409 1580 1448 re
1623 1409 1799 1465 quam
1846 1390 2248 1448 membrorum
2293 1390 2492 1447 colore
2536 1390 2707 1465 virgo

369 1473 682 1532 rubescere
727 1492 846 1533 non
890 1477 1122 1550 potest,
1169 1477 1229 1532 et
1272 1475 1515 1550 insuper
1558 1475 1976 1533 inconcinnum
2020 1477 2270 1550 propter
2293 1492 2566 1549 *sequens

1026 1587 1377 1669 νισσομένης
1419 1588 1487 1649 δὲ

627 1672 727 1733 καὶ
772 1670 921 1755 ρόδα
966 1677 1383 1753 λευκοχίτωνος
1427 1671 1548 1734 ὑπὸ
1595 1672 1797 1756 σφυρὰ
1847 1671 2101 1753 λάμπετο
2147 1698 2388 1754 κουρης.

368 1811 718 1871 Rectissime
776 1806 866 1887 P,
931 1831 1184 1888 quocum
1239 1813 1333 1871 hic
1378 1812 1618 1887 quidem
1677 1813 2007 1873 Vossianus
2074 1815 2397 1889 consentit,
2464 1814 2708 1889 praebet

361 1897 801 1956 nominativum
844 1894 1039 1974 χροιή.

541 1982 792 2056 Propter
838 1984 1145 2058 utriusque
1203 1984 1423 2044 codicis
1482 1986 1903 2044 auctoritatem
1947 1984 2134 2084 igitur
2178 1984 2356 2042 etiam
2404 2003 2460 2042 v.
2493 1985 2574 2042 88
2618 1984 2699 2041 in-

373 2066 684 2125 terendum
742 2066 857 2125 erit
910 2066 1098 2145 πυριβ
1120 2062 1411 2144 λήτοισι
1466 2065 1674 2145 δαμεὶς
1716 2062 2016 2143 ἀδόκητον
2057 2061 2276 2137 ὀιστοῖς
2320 2088 2430 2142 pro
2473 2069 2708 2143 vulgari

367 2147 1008 2228 πυριπνεύστοισι,
1054 2154 1213 2229 quod
1260 2174 1367 2228 per
1411 2173 1471 2212 se
1515 2173 1638 2212 non
1680 2154 1878 2212 minus
1926 2155 2144 2212 bonum
2189 2154 2345 2211 haud
2377 2154 2498 2211 scio
2531 2172 2605 2210 an
2635 2172 2705 2210 ex

366 2255 422 2295 v.
459 2237 533 2293 41
589 2234 1051 2310 πυριπνείοντας
1096 2230 1332 2307 ὀιστούς
1377 2238 1703 2313 irrepserit.

540 2321 623 2378 At
666 2340 807 2381 vero
854 2342 1032 2398 quam
1078 2323 1230 2381 male
1275 2323 1458 2399 vulgo
1504 2343 1561 2382 v.
1595 2323 1674 2381 95
1721 2323 1956 2399 legatur

1025 2431 1135 2498 ἄπ’
1183 2436 1527 2515 ὀφθαλμοῖο
1572 2437 1809 2516 βολάων

622 2518 831 2596 ἕλκος
873 2517 1208 2584 ὀλισθαίνει
1251 2521 1351 2585 καὶ
1399 2520 1494 2586 ἐπὶ
1542 2520 1767 2601 φρένας
1810 2516 2037 2600 ἀνδρὸς
2082 2511 2301 2600 ὁδεύει,

364 2646 690 2704 rectissime
734 2647 1040 2721 perspexit
1082 2647 1422 2723 Lennepius
1468 2667 1537 2706 ex
1583 2644 2108 2720 antecedentibus,
2164 2663 2313 2719 quae
2356 2643 2706 2719 apposuisse

274 2789 277 2792 .
369 2731 514 2789 satis
559 2734 677 2789 est:

618 2827 836 2903 κάλλος
880 2854 992 2911 γαρ
1035 2832 1398 2912 περίπυστον
1438 2826 1784 2910 ἀμωμήτοιο
1826 2829 2112 2910 γυναικὸς

619 2911 900 3020 ὀξύτερον
940 2915 1252 3060 μερόπεσσι
1295 2914 1455 2977 πέλει
1500 2915 1853 2997 πτερόεντος
1899 2912 2128 2976 ὀιστοῦ·

624 2995 1022 3078 ὀφθαλμὸςδ
1095 2997 1239 3075 ὁδός
1285 3000 1465 3080 ἐστιν,

371 3138 526 3196 unde
579 3139 711 3213 quis
765 3157 884 3197 non
930 3140 1097 3198 videt
1152 3141 1378 3199 oculari
1432 3141 1549 3200 via
1584 3141 1770 3214 ipsam
1829 3138 2474 3213 pulchritudinem
2536 3137 2706 3213 quasi

373 3223 556 3280 telum
602 3224 664 3281 in
698 3224 809 3294 viri
852 3225 1061 3297 pectus
1107 3224 1503 3284 descendere?
1577 3225 1659 3281 Et
1701 3217 1973 3293 κάλλος
2017 3242 2125 3298 pro
2172 3218 2336 3290 ἕλκος
2379 3225 2616 3298 praeter
2646 3215 2705 3280 P

366 3306 483 3364 iam
545 3307 946 3383 praebuerant
1000 3308 1174 3367 codd.
1221 3307 1490 3368 Vossian.
1536 3309 1749 3368 Venet.
1797 3310 1859 3367 et
1903 3308 2262 3366 Bodleianus
2307 3301 2394 3382 B3
2453 3307 2706 3365 alterum

372 3410 511 3449 vero
559 3395 766 3451 contra
808 3392 1178 3467 Lennepium
1227 3394 1527 3451 revocavit
1571 3393 1950 3452 Heinrichius
1994 3393 2354 3451 assentiente
2389 3391 2702 3451 Passovio!

538 3477 878 3552 Neminem,
926 3496 1019 3535 res
1064 3479 1125 3535 in
1152 3478 1488 3554 virginibus
1533 3496 1734 3537 amore
1778 3478 2113 3536 sollicitatis
2152 3476 2309 3534 haud
2345 3495 2475 3535 raro
2507 3476 2704 3535 obser·
2796 3501 2806 3509 ·

374 3563 514 3620 vata
558 3581 614 3621 v.
656 3563 772 3621 104
796 3581 888 3636 sq.

1029 3641 1095 3703 ἐν
1136 3639 1354 3727 ἡσυχίῃ
1397 3643 1465 3703 δὲ
1510 3641 1611 3702 καὶ
1658 3639 1811 3722 αυτὴ

621 3723 906 3800 πολλάκις
953 3722 1309 3807 ίμερόεσσαν
1353 3726 1463 3807 ἕὴν
1504 3721 1857 3809 ἀπέκρυψεν
1898 3722 2154 3807 ὀπωπήν

369 3885 546 3941 quam
593 3885 802 3941 parum
850 3866 1046 3925 Herus
1089 3866 1266 3924 huius
1310 3866 1593 3940 obsequio
1639 3867 1971 3926 luculenter
2016 3866 2313 3940 descripto
2371 3863 2703 3938 conveniat,

365 3952 737 4027 perspexisse
782 3951 1052 4024 profecto
1098 3952 1314 4009 mirum
1358 3953 1480 4009 est:
1529 3952 1673 4011 haec
1717 3953 1874 4010 enim
1909 3947 2008 4009 καὶ
2037 3943 2189 4026 αὐτή
2219 3949 2360 4025 quid
2393 3944 2460 4006 ἐν
2487 3942 2706 4026 ἡσυχίῃ

368 4035 597 4110 fecerit,
644 4037 809 4110 quasi
859 4037 971 4095 iam
1020 4036 1277 4095 Leandri
1324 4037 1632 4096 conamine
1678 4057 1732 4097 v.
1772 4038 1887 4096 101
1913 4054 1998 4111 sq.
2047 4035 2347 4109 descripto

619 4150 756 4228 λοξὰ
802 4149 863 4213 δ’
913 4148 1220 4214 ὀπιπεύων
1262 4148 1504 4231 δολερᾶς
1549 4148 1800 4225 ἐλέλιξεν
1843 4144 2129 4230 ὀπωπάς,

621 4234 981 4317 νεύμασιν
1020 4235 1495 4319 οἷφθόγγοισι
1540 4235 1944 4316 παραπλάζων
1987 4234 2182 4316 φρένα
2229 4234 2452 4316 κούρης

367 4358 629 4416 nondum
673 4363 818 4420 satis
860 4362 1077 4419 diserte
1122 4359 1467 4432 indicasset,
1528 4358 1848 4417 Nonniano
1910 4377 2072 4416 more
2114 4359 2425 4416 luxurians
2472 4357 2707 4416 addidit

367 4447 544 4516 poeta
588 4464 642 4504 v.
674 4448 791 4505 106
818 4464 910 4521 sq.

2204 4540 2299 4592 29·
