3132 5129
1284 387 1742 450 -137—

347 546 656 605 Postremo
711 536 923 624 ἄγριον
974 540 1201 622 ἄνδρα,
1253 562 1372 620 quo
1430 544 1694 620 epitheto
1740 544 1836 605 hic
1883 545 2103 605 Hector
2145 550 2390 604 notatur
2434 546 2681 604 heroum
2720 557 2783 603 21

347 629 717 707 mitissimus»,
750 631 1019 706 profecto
1049 631 1236 689 multo
1267 630 1464 705 aptius
1493 631 1751 689 irascens
1782 629 2139 690 Scamander
2161 629 2219 686 Φ
2244 632 2367 688 314
2391 630 2681 690 Achillem

345 714 610 792 appellat
638 715 1042 775 crudelissime
1074 715 1434 774 saevientem
1459 747 1538 757 —
1566 711 1668 771 ἴνα
1698 712 2032 790 παύσομε
2050 736 2084 772 ν
2110 710 2385 792 ὄργιον
2410 711 2458 773 ἄ
2468 712 2555 772 νδ
2570 735 2687 788 ρα,

350 819 500 877 quae
544 803 674 860 tota
716 800 978 861 clausula
1021 800 1210 859 nostri
1255 800 1498 858 auribus
1543 800 1877 859 inhaeserat
1900 832 1980 841 —
2004 804 2066 858 et
2096 801 2320 859 maiore
2350 800 2528 859 etiam
2557 802 2683 859 iure

349 886 672 944 immanem
719 884 1041 962 Cyclopem
1087 885 1689 960 designant-Ulixem
1733 885 2003 961 pacaturi
2049 886 2194 945 socii
2238 905 2261 940 ι
2304 886 2444 944 494.

520 969 593 1028 In
639 969 1026 1047 sequentibus
1072 968 1498 1045 dubitaremus,
1546 970 1847 1045 quomodo
1891 970 2133 1029 tandem
2165 970 2340 1044 idem,
2386 970 2488 1045 qui
2520 989 2576 1031 v.
2605 972 2683 1029 99

661 1086 1032 1164 Τυδεΐδης
1076 1080 1256 1158 αὐτός
1301 1107 1411 1164 περ
1456 1082 1597 1145 ἐών
1640 1083 2140 1165 προμάχοισιν
2184 1084 2491 1164 ἐμίχθη,

349 1207 527 1265 simul
573 1207 845 1267 Nestoris
890 1208 1056 1283 equis
1102 1206 1396 1267 adsistens
1444 1225 1577 1265 cum
1624 1207 1755 1282 ipso
1800 1207 2057 1282 colloqui
2091 1206 2378 1281 potuerit,
2422 1206 2539 1266 nisi
2570 1226 2690 1266 me-

348 1292 730 1351 minissemus
774 1310 883 1351 nos
931 1291 986 1347 Ε
1034 1293 1151 1352 134
1197 1291 1402 1351 eadem
1448 1292 1570 1350 fere
1612 1292 1810 1368 legere
1855 1292 2074 1350 rectius
2119 1310 2258 1350 sane

663 1407 1040 1486 Τυδεΐδης
1086 1402 1146 1468 δ’
1196 1406 1425 1480 ἐξαῦτις
1469 1402 1601 1468 ἰών
1641 1403 2141 1486 προμάχοισιν
2186 1405 2478 1485 ἐμίχθη.

349 1530 713 1589 Miraremur
754 1531 953 1604 etiam,
1002 1529 1159 1604 quod
1204 1547 1315 1605 pro
1352 1527 1606 1588 Hectore
1651 1528 1853 1604 plures
1884 1529 2043 1605 iique
2074 1528 2478 1588 adolescentes
2509 1528 2689 1587 bella-

353 1619 512 1674 tores
555 1617 963 1673 memorantur
1012 1614 1130 1674 102

654 1723 705 1791 αἶ
747 1728 951 1810 γέρον,
995 1723 1036 1809 ἦ
1078 1726 1263 1808 μάλα
1307 1729 1397 1807 δή
1445 1747 1509 1791 σε
1556 1728 1677 1791 νέοι
1724 1730 2056 1810 τείρουσι
2099 1729 2386 1808 μαχηταί,

353 1852 470 1912 nisi
528 1851 703 1910 simul
762 1869 897 1910 cum
956 1855 1259 1911 senectute
1304 1851 1579 1911 Nestoris
1635 1853 1695 1911 in
1740 1855 2004 1911 mentem
2047 1852 2220 1911 nobis
2265 1853 2499 1911 veniret
2542 1851 2690 1910 illud

355 1939 404 1994 Z
450 1936 573 1995 255
655 2011 694 2098 ἦ
735 2017 928 2097 μάλα
972 2017 1060 2097 δὴ
1106 2019 1438 2099 τείρουσι
1486 2018 1830 2098 δυσωνυμοι
1874 2012 2002 2091 υἷες
2042 2014 2314 2097 ’.Αχαιῶν

352 2141 730 2200 Senectutem
788 2158 930 2199 vero
975 2159 1142 2199 suam
1190 2141 1401 2199 iisdem
1446 2140 1646 2199 verbis
1690 2140 1816 2215 ipse
1862 2140 2082 2200 Nestor
2124 2142 2437 2199 notaverat
2484 2140 2539 2195 A
2570 2141 2686 2199 321

355 2232 473 2284 νῦν
512 2214 660 2285 αὖτέ
701 2245 772 2301 με
815 2224 1046 2302 γῆρας
1093 2217 1362 2295 ὀπάζει.
1452 2224 1527 2282 V.
1576 2225 1695 2282 104
1741 2243 1860 2300 quo
1905 2224 2034 2283 iure
2079 2225 2365 2283 famulum
2414 2225 2694 2300 obiurget

354 2311 676 2370 Diomedes
720 2310 1011 2370 adiectivo
1056 2328 1216 2383 usus,
1266 2309 1426 2386 quod
1471 2312 1519 2365 θ
1564 2311 1682 2368 311
1733 2308 2032 2368 Volcanus
2077 2309 2192 2368 sibi
2236 2309 2545 2382 adtribuit,
2593 2328 2690 2366 ne·

353 2396 602 2455 scimus:
647 2395 946 2454 nescimus
976 2394 1133 2453 enim
1166 2396 1427 2468 omnino,
1473 2413 1615 2453 num
1647 2394 1903 2453 famulus
1936 2394 2197 2452 adfuerit
2223 2393 2483 2466 Nestori,
2515 2412 2689 2469 quem

352 2499 531 2556 supra
572 2480 773 2557 gladio
819 2481 977 2539 idem
1022 2480 1326 2555 negotium
1372 2481 1790 2555 exsequentem
1838 2479 2114 2553 vidimuS,
2165 2497 2281 2555 quo
2316 2478 2525 2535 11472
2571 2496 2692 2536 non

357 2564 668 2626 Patroclus
713 2567 1101 2641 perfungitur
1129 2563 1231 2623 sed
1265 2563 1643 2624 Automedon
1673 2564 1913 2640 auriga3
1962 2584 2145 2640 equos
2178 2584 2318 2623 vero
2350 2563 2477 2623 sine
2508 2561 2689 2621 dubio

360 2651 578 2710 iniuria
618 2652 857 2711 notavit
900 2651 1120 2727 quippe
1163 2669 1285 2709 non
1330 2653 1453 2709 tam
1497 2650 1836 2725 tardipedes
1883 2669 2060 2724 quam
2102 2649 2274 2709 occisi
2308 2647 2523 2725 iugalis
2555 2667 2693 2707 casu

368 2734 732 2809 retardatos,
779 2740 849 2795 ut
891 2754 1071 2810 supra
1115 2736 1194 2793 86
1241 2734 1462 2794 diserte
1505 2735 1833 2793 indicatum
1878 2740 2005 2792 erat

663 2850 781 2911 σὺν
823 2847 885 2911 δ’
935 2851 1157 2923 ἵππους
1204 2848 1444 2929 ἐτάραξε
1489 2848 1912 2929 κυλινδόμενος
1958 2847 2091 2928 περὶ
2134 2854 2361 2933 χαλκῷ,

355 2973 454 3031 ubi
520 2977 725 3031 tamen
781 2971 1045 3031 clausula
1100 2990 1221 3030 non
1264 2972 1407 3030 satis
1454 2971 1710 3046 quadrat
1753 2990 1905 3045 equo
1952 2974 2129 3045 caput
2174 2970 2394 3046 sagitta
2437 2970 2690 3030 confixo.

356 3057 473 3115 Sed
522 3059 583 3116 in
628 3060 828 3116 mente
873 3061 1043 3115 erant
1087 3052 1260 3113 ἵπποι
1302 3047 1608 3132 βάρδιστοι
1652 3074 1722 3114 ex
1761 3055 1827 3112 Ψ
1854 3057 1973 3114 309
2002 3075 2090 3130 sq.
2142 3057 2293 3129 530,
2340 3056 2441 3131 qui
2487 3059 2552 3114 et
2580 3057 2693 3131 ipsi

355 3140 800 3218 καλλίτριχες.

528 3226 646 3285 Sed
676 3226 817 3286 haec
841 3229 1039 3285 tamen
1063 3226 1370 3301 operosius
1393 3226 1610 3285 collata
1631 3227 1791 3286 sunt.
1839 3223 2181 3298 Simplicius
2206 3224 2267 3282 in
2286 3244 2343 3282 v.
2363 3226 2482 3283 105
2496 3256 2560 3265 -
2578 3223 2693 3280 107

359 3331 480 3369 rem
541 3312 761 3388 gessit,
819 3330 966 3386 quos
1022 3330 1229 3369 versus
1273 3312 1541 3387 integros
1588 3329 1657 3367 ex
1706 3309 1762 3364 E
1805 3309 2138 3366 221--223
2186 3308 2530 3383 descripsit,
2591 3307 2694 3365 ubi

358 3396 567 3454 iisdem
617 3397 850 3454 Aeneas
893 3394 1262 3469 Pandarum,
1330 3399 1401 3452 ut
1463 3414 1638 3453 suum
1706 3413 1940 3452 currum
2009 3393 2392 3466 conscendat,
2456 3392 2692 3450 invitat.

361 3479 579 3549 Quidni
640 3480 827 3539 vero?
915 3481 1231 3540 Diomedes
1278 3481 1509 3539 Aeneae
1560 3483 1881 3555 postquam
1938 3478 2094 3535 victo
2141 3496 2326 3553 equos
2373 3477 2693 3548 ademerat,

364 3564 649 3624 victoriae
694 3567 821 3623 iure
864 3568 1101 3641 poterat
1144 3566 1321 3624 etiam
1367 3564 1550 3623 verba
1593 3563 1919 3638 surripere!
2013 3562 2371 3636 Sequentem
2419 3580 2651 3619 versum

661 3660 771 3736 οὓς
813 3660 945 3723 ποτ’
991 3658 1102 3724 ἄπ’
1154 3662 1408 3724 Αἰνείαν
1452 3661 1670 3739 ἑλόμην
1711 3660 1992 3739 μήστωρα
2038 3658 2254 3739 φόβοιο

356 3769 677 3827 damnabat
721 3768 1125 3828 Aristarchus.
1175 3760 1514 3835 ἆθετεῖται,
1559 3756 1649 3823 ότι
1691 3785 1915 3822 ατοπον
1958 3760 2348 3866 προστιθέναι
2393 3758 2502 3836 τὴν
2546 3761 2696 3819 ἱστο-

356 3850 493 3929 ρίαν
537 3857 618 3934 τῷ
662 3846 860 3927 εἰδότι,
903 3847 1003 3909 καὶ
1047 3846 1080 3910 ὁ
1128 3847 1335 3927 καιρὰς
1374 3849 1563 3908 δεῖται
1599 3847 1951 3925 συντομίας·
1997 3844 2097 3906 καὶ
2128 3843 2220 3907 ὅτι
2250 3843 2313 3905 τὸ
2357 3841 2526 3904 ποτέ
2571 3864 2696 3922 χρο-

361 3931 536 4011 νικὴν
577 3914 694 4013 ἔχει
738 3933 1019 4013 ἔμφασιν,
1066 3943 1169 4014 τῆς
1213 3930 1581 4012 ἀφαιρέσεως
1627 3932 1936 4012 γεγονυίας
1982 3940 2056 4015 τῇ
2101 3929 2216 4011 πρὸ
2244 3931 2458 4007 ταύτης
2488 3924 2695 4010 ἡμέρα.

361 4022 548 4092 Quam
593 4023 813 4082 iniuste
860 4040 999 4081 vero
1043 4022 1178 4082 illel
1265 4021 1491 4080 Versus
1535 4020 1693 4079 enim
1739 4020 2183 4079 concinnatorio
2228 4017 2367 4077 stilo
2413 4017 2695 4114 dignissi-

360 4126 491 4167 mus
536 4125 667 4167 esse
711 4108 1024 4183 apparebit
1066 4105 1436 4182 comparanti
1481 4107 1530 4162 Z
1560 4108 1662 4165 97.
1697 4106 1838 4163 278.
1888 4105 1971 4160 Μ
1995 4105 2096 4162 39.
2148 4104 2218 4159 Ψ
2247 4103 2341 4176 16,
2388 4100 2506 4160 nisi
2551 4100 2699 4160 adeo

358 4211 428 4250 ex
473 4192 530 4248 E
574 4192 696 4249 272
753 4209 888 4250 cum
930 4191 1283 4267 quibusdam
1326 4186 1599 4267 μήστωρε
1644 4186 1860 4264 φόβοιο
1904 4187 2296 4263 interpolator
2339 4186 2581 4261 scripsit
2622 4185 2696 4243 ad

366 4276 524 4352 ipsos
570 4295 753 4351 equos
795 4276 1087 4336 Nestoreo
1131 4278 1272 4353 iugo
1316 4276 1561 4353 gravius
1607 4274 2012 4349 opponendos.

530 4361 795 4436 Aurigae
849 4360 1124 4421 Hectoris
1192 4381 1227 4419 a
1293 4360 1582 4435 Diomede
1650 4357 1949 4418 interfecti
2005 4356 2346 4431 exemplum
2407 4356 2565 4415 infra
2630 4373 2700 4413 ex
2734 4363 2799 4409 22
2872 4434 2879 4442 .

368 4444 637 4505 Teucri
683 4446 978 4505 Aristia
1019 4449 1328 4506 mutuatus
1372 4448 1493 4520 est,
1541 4463 1611 4502 ex
1654 4463 1771 4521 qua
1797 4461 1918 4502 non
1950 4441 2139 4501 solum
2174 4440 2696 4516 Archeptolemum
