3132 5129
1288 390 1735 453 -537-

746 543 898 643 μέγα
937 541 1227 622 φρονοῦσ’
1276 538 1375 603 ἀν’
1413 535 1667 603 Ἑλλάδα
1715 542 1812 603 καὶ

747 623 904 709 παρά
950 630 1328 707 Σιμουντίοις
1372 625 1595 706 ὀχετοῖς

599 726 698 774 810
740 714 926 773 πάλιν
967 708 1193 792 ἀνῆλθ’
1244 713 1303 788 ἐξ
1349 710 1620 791 εὐτυχίας
1661 709 1987 815 Ἀτρείδαις

747 797 962 859 πάλιν
1004 793 1277 872 παλαιὰς
1325 796 1441 858 ἔπι
1489 796 1836 895 συμφορὰς
1883 794 2155 876 δόμων,

746 878 967 945 ὁπότε
1013 884 1368 964 χρυσείας
1415 882 1566 964 ἔρις
1611 874 1840 963 ἀρνὸς

749 969 994 1046 ἤλυθε
1045 969 1574 1044 Τανταλίδαις,

751 1048 1093 1132 οἰκτρότατα
1138 1051 1475 1132 θοινάματα
1521 1051 1618 1112 καὶ

599 1152 698 1199 815
746 1139 972 1238 σφάγια
1014 1139 1309 1217 γενναίων
1354 1136 1605 1213 τεκέων,

749 1218 936 1284 ’ὅθεν
978 1223 1182 1327 φόνῳ
1228 1224 1461 1300 φόνος
1508 1221 1729 1299 ἐξαμεί-

751 1312 878 1387 βων
922 1304 1004 1367 δι’
1056 1309 1300 1387 αἵματος
1345 1304 1417 1367 οὗ
1463 1309 1687 1387 προλεί-

749 1416 846 1455 πει
890 1395 1181 1454 δισσοῖσιν
1221 1390 1564 1473 Ἀτρείδαις.

346 1534 420 1590 V.
455 1536 572 1593 811
623 1534 804 1609 vulgo
850 1532 1088 1607 quidem
1130 1532 1356 1607 legitur
1399 1528 1606 1587 πάλαι
1650 1532 1934 1600 παλαιᾶς
1978 1520 2121 1587 ἀπὸ
2166 1539 2515 1606 συμφορᾶς
2579 1529 2677 1590 δό-

341 1638 499 1693 μων,
560 1618 662 1675 sed
717 1636 826 1692 pro
870 1618 1190 1693 postremis
1235 1616 1669 1674 restituendum
1715 1634 1868 1690 esso,
1927 1617 2084 1691 quod
2132 1635 2309 1691 supra
2353 1619 2551 1691 posui,
2609 1637 2681 1675 ex

345 1722 461 1761 uno
519 1703 968 1761 scholiastarum
1023 1706 1162 1777 post
1205 1702 1613 1759 Hermannum
1657 1700 2005 1777 Hartungus
2060 1702 2516 1776 demonstravit,
2579 1704 2679 1777 qui

342 1790 566 1863 primus
611 1788 852 1862 insuper
895 1780 1125 1843 πάλιν
1171 1788 1428 1861 scripsit.
1491 1786 1645 1843 Tum
1692 1786 1918 1861 aliquid
1951 1787 2080 1845 vitii
2114 1788 2349 1867 subecse
2380 1788 2442 1845 in
2472 1807 2527 1846 v.
2556 1790 2678 1847 813

345 1877 406 1932 et
449 1873 880 1948 antistrophica

1053 1985 1329 2047 θανάτου
1371 1980 1482 2068 γάρ
1527 1982 1686 2065 άμφὶ
1732 1986 1908 2071 φόβω

341 2133 404 2187 et
448 2128 802 2186 scholiorum
849 2126 1186 2185 notationes
1234 2158 1308 2166 —
1359 2122 1556 2198 ἐκείνη
1610 2147 1722 2201 γαρ
1777 2120 1815 2200 ἡ
1875 2122 1993 2202 ἔρις
2031 2119 2086 2221 ι..ἡ
2142 2122 2275 2201 περὶ
2320 2135 2423 2184 τοῦ
2470 2144 2676 2203 χρυσο-

343 2210 570 2290 μάλλου
626 2205 814 2287 ἆρνοῦ
872 2206 1271 2288 εἰργάσατο
1329 2205 1550 2268 ἐλεεινὰ
1596 2207 1873 2287 βρωματα
1920 2214 1981 2267 ct
2023 2201 2153 2282 η’τις
2196 2204 2401 2279 αὐτοις
2446 2207 2679 2288 πρού-

345 2293 590 2370 ξένισε
658 2328 742 2340 ·-
799 2317 919 2354 των
984 2293 1378 2371 οἰκτροτάτων
1439 2292 1674 2352 παίδων
1734 2326 1814 2336 —-
1875 2294 2134 2353 indicare
2200 2294 2512 2369 videntur,
2581 2298 2683 2354 sed

342 2384 634 2441 medicina
689 2382 1106 2454 incertissima,
1178 2399 1283 2438 nec
1339 2399 1407 2439 ea
1460 2382 1660 2438 utrum
1719 2378 2031 2452 strophicis
2090 2398 2166 2437 an
2234 2381 2679 2456 antistrophicis

343 2467 697 2542 applicanda
743 2467 837 2541 sit,
885 2468 1045 2524 certo
1091 2466 1465 2539 pronuntiari
1511 2466 1729 2539 potest.
1818 2462 2007 2521 Nobis
2050 2464 2309 2539 quidem,
2360 2467 2681 2539 quomodo-

346 2572 576 2628 cunque
623 2552 932 2626 scribitur,
992 2569 1085 2608 res
1142 2550 1343 2608 eodem
1400 2548 1584 2608 redit:
1643 2551 2014 2608 certamen
2074 2549 2224 2607 illud
2268 2550 2425 2608 inter
2469 2551 2683 2610 fratres

347 2639 416 2696 de
460 2657 639 2697 aureo
684 2656 841 2712 agno
885 2637 1178 2711 agitatum
1224 2654 1344 2693 non
1391 2636 1580 2693 solum
1625 2634 2017 2693 nefandarum
2063 2635 2371 2709 epularum
2416 2637 2516 2694 Sed
2562 2657 2681 2694 om-

344 2723 508 2780 nium
565 2723 805 2781 omnino
864 2726 1204 2779 mutuarum
1262 2721 1528 2779 caedium
1590 2722 1653 2778 in
1699 2719 2080 2779 Tantalidum
2128 2719 2300 2777 domo
2345 2738 2578 2779 causam
2622 2727 2685 2780 et

348 2808 585 2866 initium
629 2809 809 2865 fuisse
853 2807 1178 2865 certissimo
1222 2806 1558 2864 edocemur.
1650 2804 1767 2863 Sed
1823 2806 1884 2863 id
1946 2806 2138 2880 ipsum
2198 2805 2399 2862 arietis
2444 2811 2682 2881 portcn-

346 2898 473 2952 tum
520 2893 675 2951 unde
721 2892 1035 2950 oriundum
1083 2890 1292 2965 fuerit,
1342 2893 1622 2966 sequente
1667 2891 1796 2965 ipsa
1840 2891 2080 2949 Electra
2124 2889 2389 2947 declarat
2432 2892 2679 2966 cantion,

345 2999 461 3053 quo
514 2981 833 3054 postquam
894 2978 1128 3051 optavit
1183 2979 1252 3033 ut
1309 2994 1505 3033 coram
1550 2974 1802 3033 Tantalo
1846 2978 2045 3051 gentis
2089 2978 2328 3033 auctore
2375 2975 2680 3034 lamentari

356 3063 468 3120 sibi
515 3063 737 3136 liceret,
786 3063 871 3120 ita
917 3062 1114 3136 pergit
1160 3082 1214 3119 v.
1249 3061 1368 3119 986
1397 3080 1524 3136 sqq.

836 3174 900 3246 ὃς
946 3174 1140 3235 ἔτεκεν
1183 3175 1339 3237 ἔτεκε
1384 3174 1689 3256 γενέτορας
1737 3174 1949 3254 ε’μέθεν
1994 3170 2223 3254 δόμων,

838 3263 897 3320 οἳ
943 3262 1217 3320 κατεῖδον
1259 3259 1473 3332 α’τας..
1505 3283 1516 3292 ·

922 3343 1189 3405 ποτανὸν
1231 3344 1341 3421 μὲν
1385 3333 1615 3425 δίωγμα
1658 3341 1875 3405 πωλων

839 3425 1346 3509 τεθριπποβάμονι
1390 3427 1577 3489 στόλω
1627 3429 1834 3501 Πέλοψ
1877 3453 1974 3490 οτε

697 3526 799 3574 990
842 3510 1115 3594 πελάγεσι
1159 3514 1562 3593 διεδίφρευσε,
1614 3516 1931 3593 Μυρτίλου
1975 3512 2165 3590 φόνον

843 3598 1029 3659 δικὼν
1072 3596 1131 3671 ές
1176 3591 1353 3678 οἶδμα
1396 3595 1619 3659 πόντου

694 3781 793 3827 995
924 3767 1109 3829 οθεν
1155 3764 1454 3847 δόμοισι
1497 3774 1619 3840 τοῖς
1664 3766 1823 3847 ἐμοῖς

837 3847 1008 3929 ἦλθ’
1057 3848 1173 3934 άρὰ
1221 3850 1617 3928 πολύστονος,

836 3935 1089 4032 λόχευμα
1133 3939 1462 4015 ποιμνίοισι
1508 3936 1794 4016 Μαιάδος
1838 3936 2045 4017 τόκου,

838 4015 903 4084 τὸ
948 4023 1353 4102 χρυσόμαλλον
1396 4017 1627 4122 άρνὸς
1674 4021 1873 4084 ὁπότ’

845 4107 1072 4188 ἐγένετο
1118 4106 1286 4182 τέρας
1329 4102 1500 4168 ὀλοὸν
1542 4105 1719 4169 ὀλοὸν

669 4204 803 4252 1000
842 4191 1071 4270 Ἀτρέος
1117 4192 1452 4273 ίπποβτότα·

923 4277 1114 4338 οθεν
1157 4277 1313 4357 ἔρις
1356 4274 1420 4337 τό
1463 4302 1522 4340 τε
1568 4270 1950 4355 πτερωτὸν

840 4357 1059 4423 ἆλίου
1083 4361 1514 4458 μετέβαλεν
1557 4384 1788 4440 αρμα,

839 4471 951 4507 ταν
997 4437 1139 4525 πρὸς
1185 4444 1439 4526 ἑσπέραν
1481 4445 1771 4508 κέλευθον

2716 911 2776 955 13

2725 4304 2785 4351 14
