3132 5129
1421 371 1881 434 „542-

489 515 528 582 o‘c
582 520 1010 620 μναστευθεῖσ’
1074 522 1143 597 ἐξ
1193 520 1564 585 Ἑλλάνων
1622 530 1709 602 et,
1771 529 1819 586 si
1866 531 2067 604 posset
2111 529 2331 600 inesse,
2393 527 2825 604 Clytemestrae

490 616 558 670 ut
601 602 1016 688 πολυμνήστης
1062 610 1360 687 βασιλείας
1390 645 1472 655 --
1503 614 1553 671 si
1588 613 1829 689 quidem
1861 632 2140 688 umquam
2188 615 2318 687 fuit,
2355 615 2513 689 quod
2545 615 2819 674 Klotzius

491 717 560 755 ex
606 697 835 757 Orestis
891 717 947 756 v.
992 698 1074 757 20
1097 716 1206 771 sq..
1232 698 1544 772 conclusit,
1603 716 1725 756 non
1778 701 1941 757 certa
1994 699 2194 756 fabula
2249 699 2680 758 demonstravit
2737 731 2823 741 —

491 783 855 842 mentionem
900 783 973 840 ab
1019 782 1076 840 h.
1109 782 1149 840 l.
1176 783 1250 839 ad
1282 783 1659 859 Iphigeniam
1705 785 1902 842 omnia
1946 784 2237 843 referente
2282 784 2523 843 omnino
2569 785 2821 843 alienam

493 886 620 926 esse
664 871 724 927 et
765 887 1051 944 perquam
1095 868 1435 942 importune
1478 886 1622 927 vero
1669 868 1904 927 relativi
1951 869 2198 927 membri
2244 869 2417 929 initio

398 993 456 1039 19
1064 1004 1144 1044 αν
1187 979 1563 1063 πρωτόγονον
1607 980 1795 1055 θάλος
1842 982 1906 1043 ἕν
1951 983 2249 1063 θαλάμοις

1068 1062 1285 1169 Λήδας
1327 1064 1365 1129 ἆ
1415 1068 1654 1148 τλάμων
1695 1064 1884 1146 κούρα

494 1191 831 1267 praetrudi‚
891 1210 1008 1266 qua
1063 1191 1291 1249 scilicet
1345 1191 1716 1266 amplissima
1771 1191 2020 1250 subiecti
2064 1192 2373 1249 notatione
2418 1192 2612 1250 media
2657 1193 2825 1267 quasi

494 1277 785 1336 dividitur
828 1276 1198 1351 „fortissima
1244 1274 1809 1351 TyndaridarumW
1900 1276 2018 1334 Sed
2064 1276 2125 1333 id
2169 1277 2363 1351 ipsum
2411 1277 2708 1353 quomodo
2752 1277 2827 1335 de

496 1361 806 1437 Iphigenia
851 1361 1112 1435 dicatur,
1172 1361 1535 1419 monendum
1579 1365 1674 1419 est
1717 1360 2015 1437 Hartungi
2061 1362 2281 1437 gratia,
2342 1363 2443 1436 qui
2489 1366 2628 1436 post
2670 1381 2825 1435 eum,

497 1447 568 1504 de
629 1465 745 1522 quo
789 1446 1054 1522 agimus,
1115 1466 1348 1505 versum
1393 1446 1678 1505 excidisse
1722 1447 1977 1504 alterum
2024 1446 2354 1521 suspicatus
2400 1450 2515 1518 est,
2577 1466 2693 1521 quo
2740 1447 2827 1504 di-

493 1534 732 1590 ceretur
775 1531 1089 1606 Iphigenia
1132 1551 1167 1589 a
1210 1532 1477 1609 primis
1523 1531 1846 1590 omnium
1879 1529 2320 1589 Graecorum
2365 1531 2718 1590 heroibus
2751 1533 2827 1590 in

497 1616 891 1674 conubium
951 1616 1306 1691 expetita.
1398 1616 1656 1674 Multum
1702 1616 1803 1673 ille
1850 1615 2104 1674 fallitur:
2173 1617 2283 1674 hoc
2325 1617 2483 1674 enim
2527 1635 2637 1675 nec
2670 1616 2828 1674 alibi

498 1720 757 1843 usqufin}²
795 1701 1058 1758 traditur
1100 1704 1163 1758 et
1206 1701 1280 1758 ab
1326 1702 1457 1775 ipsa
1500 1701 1597 1759 hic
1643 1700 1956 1776 Iphigenia
1998 1700 2214 1760 diserte
2258 1705 2529 1777 negatur,
2579 1702 2718 1759 dum
2768 1720 2832 1759 se

497 1804 645 1861 appe
695 1805 729 1842 a

1073 1860 1349 1944 νύμφαν,
1396 1866 1590 1945 οἴμοι,
1637 1861 1991 1944 δύσνυμφον

1073 1960 1160 2035 τῷ
1204 1954 1305 2024 τοῖς
1352 1949 1605 2030 Νηρέως
1649 1951 1891 2028 κούρας.

498 2073 708 2132 Potius
765 2073 903 2131 huic
947 2091 1010 2131 se
1052 2074 1220 2148 quasi
1263 2073 1449 2133 totius
1495 2074 1787 2132 exercitus
1831 2074 2186 2131 auctoritate
2231 2077 2293 2132 et
2336 2075 2644 2133 voluntate
2687 2094 2829 2133 uxo·

499 2177 620 2216 rem
664 2156 984 2233 expetitam
1034 2177 1161 2218 esse
1207 2159 1382 2233 dicit,
1431 2158 1591 2233 quod
1639 2177 1756 2233 quo
1803 2159 1931 2216 iure
1988 2158 2194 2232 faciat,
2261 2178 2327 2217 ex
2381 2159 2571 2235 Iphig.
2630 2160 2834 2221 Aulid.

500 2266 555 2303 v.
592 2246 671 2302 98
703 2263 834 2319 sqq.
880 2244 1228 2318 intellegere
1272 2244 1439 2317 licet,
1486 2243 1591 2301 ubi
1638 2244 1762 2318 ipse
1809 2244 2224 2318 Agamemnon
2270 2245 2480 2302 refert:

988 2377 1071 2386 —
1156 2377 1239 2386 —
1325 2377 1409 2386 —
1495 2336 1612 2400 κᾶν
1654 2340 1861 2401 δέλτου
1906 2347 2155 2439 πτυχαῖς

903 2424 1142 2507 γράψας
1189 2425 1427 2505 ἔπεμψα
1469 2419 1621 2505 πρὸς
1664 2422 1929 2506 δάμαρτα
1973 2422 2085 2503 τὴν
2134 2424 2284 2504 ἐμὴν

902 2511 1153 2592 πέμπειν
1190 2508 1447 2590 Ἀχιλλεῖ
1481 2507 1768 2593 θυγατέρ’
1818 2508 1898 2584 ὡς
1939 2509 2354 2590 γαμουμένην,

902 2599 967 2658 τό
1010 2595 1063 2657 τ’
1111 2594 1339 2675 ἀξίωμα
1385 2593 1640 2702 τάνδρὸς
1685 2593 2192 2703 ἐκγαυρούμενος,

905 2687 1262 2782 συμπλεῖν
1308 2680 1359 2741 τ’
1372 2678 1721 2780 Ἀχαιοῖς
1766 2679 2013 2742 οὕνεκ’
2061 2677 2145 2742 οὐ
2189 2679 2400 2742 θέλοι
2447 2680 2712 2763 λέγων,
2824 2705 2828 2709 ·

905 2767 971 2827 εἰ
1009 2760 1101 2845 μὴ
1144 2763 1305 2842 παρ’
1357 2759 1557 2845 ἡμων
1603 2760 1794 2828 εἶσιν
1838 2768 1941 2839 εἰς
1985 2767 2241 2827 Φθίαν
2284 2766 2523 2845 λέχος·

904 2848 1139 2913 πειθώ
1183 2875 1317 2953 γαρ
1362 2847 1564 2931 εἶχον
1607 2851 1829 2928 τήνδε
1874 2846 2048 2930 πρὸς
2098 2848 2404 2930 δαμαρτ’
2456 2849 2671 2931 ἐμήν,

905 2936 1105 3015 ψευδῆ
1149 2935 1429 3013 συναψας
1470 2932 1625 3015 ἀμφὶ
1670 2934 1983 3016 παρθένου
2026 2932 2237 3015 γάμον.

502 3061 598 3119 Ita
653 3061 701 3119 si
749 3060 847 3118 ille
895 3077 1096 3117 versus
1141 3059 1543 3134 intellegitur,
1592 3059 1707 3116 iam
1753 3059 1975 3118 maiore
2018 3059 2199 3117 etiam
2244 3059 2524 3134 alterum,
2585 3059 2684 3133 qui
2730 3069 2835 3117 an·

499 3143 737 3217 tecedit,
784 3145 1031 3204 veritate
1075 3145 1130 3202 ei
1175 3144 1514 3218 oppositum
1558 3163 1684 3203 esse
1727 3146 1917 3219 patet:

903 3239 1130 3323 ἆῖγαμος
1175 3241 1420 3314 ἄτεκνος
1463 3240 1738 3315 ἄπολις
1782 3240 2064 3320 ἄφιλος.

672 3365 850 3424 Recte
896 3365 1082 3432 etiam
1120 3367 1182 3424 in
1227 3366 1617 3441 sequentibus
1664 3385 1720 3423 v.
1755 3365 1877 3424 215
1925 3364 2177 3423 Cantero
2221 3367 2462 3423 auctore
2506 3363 2835 3423 Schoenius

502 3450 805 3509 Nauckius
837 3450 1182 3527 Hartungus
1229 3446 1605 3525 ἐπιβᾶσαν
1650 3449 2018 3525 scripserunt
2061 3468 2168 3524 pro
2214 3449 2505 3507 librorum
2539 3450 2836 3524 scriptura

505 3531 836 3620 ἐπέβασαν,
881 3553 1056 3610 quam
1101 3536 1418 3594 retinuisse
1461 3535 1871 3594 Hermannum
1915 3535 1976 3593 et
2018 3534 2320 3593 Klotzium
2363 3567 2445 3576 -—
2490 3534 2658 3592 illum
2705 3534 2835 3608 qui·

505 3621 636 3679 dem
683 3613 832 3679 εὐτ’
882 3623 1047 3695 ante,
1093 3621 1249 3678 hunc
1290 3639 1430 3679 vero
1478 3608 1547 3676 6
1586 3623 1723 3695 post
1751 3612 2034 3677 εὐκταίαν
2062 3619 2379 3678 addentem
2414 3651 2489 3660 —
2519 3619 2828 3694 paululum

504 3705 764 3779 mireris,
826 3724 957 3764 cum
1015 3711 1076 3764 et
1132 3705 1360 3765 activus
1405 3705 1505 3762 ille
1552 3704 1760 3763 aoristi
1804 3704 1983 3778 primi
2028 3723 2166 3763 usus
2211 3724 2246 3761 a
2288 3705 2651 3781 tragicorum
2695 3722 2834 3763 con-

504 3790 817 3849 suetudine
862 3790 1174 3853 abhorreat
1217 3794 1279 3848 et
1322 3790 1531 3847 miram
1576 3809 1644 3847 eo
1689 3789 2101 3847 nanciscamur
2146 3789 2218 3846 de
2265 3789 2486 3848 dolosis
2516 3808 2832 3863 paranym-

502 3875 656 3950 phiis
700 3877 1089 3949 notationem,
1139 3875 1306 3950 quasi
1353 3875 1394 3931 ii
1440 3893 1615 3931 curru
1660 3873 1967 3933 advectam
2012 3892 2286 3948 sponsam
2317 3873 2553 3932 Aulidis
2583 3874 2834 3931 harenae

505 3961 914 4035 imposuerint,
964 3958 1461 4035 quemadmodum
1493 3959 1698 4017 Ulixes
1742 3959 1805 4016 in
1835 3959 2164 4032 HomericO,
2211 3978 2386 4033 quem
2418 3958 2688 4016 Klotzius
2733 3958 2833 4014 ad·

507 4045 708 4120 duxit,
755 4046 885 4104 loco
929 4066 967 4120 η
1016 4046 1135 4102 223
1182 4045 1256 4103 ad
1301 4044 1590 4103 Phaeaces
1635 4062 1950 4103 conversus
1994 4046 2298 4118 precatur:

910 4136 990 4215 ὥς
1035 4139 1098 4202 κ’
1150 4139 1248 4219 ἐμὲ
1291 4140 1401 4203 τὸν
1448 4138 1738 4219 δύστηνον
1782 4140 1923 4221 ἐμῆς
1970 4137 2270 4221 ἐπιβήσετε
2313 4139 2557 4222 πάτρης.

403 4272 471 4319 20
506 4263 783 4322 Ceterum
838 4264 1244 4323 Hermannum
1300 4264 1554 4323 maxime
1610 4264 1671 4322 id
1730 4264 1985 4324 movisse
2041 4265 2308 4338 videtur,
2371 4263 2525 4339 quod
2586 4281 2727 4321 sane
2771 4265 2832 4320 in

507 4368 560 4409 v.
605 4349 727 4408 205
785 4350 1018 4424 syllaba
1061 4349 1462 4423 desideratur,
1519 4368 1670 4422 quae
1715 4368 1845 4407 cum
1891 4349 2052 4407 varie
2098 4350 2360 4425 suppleri
2406 4349 2630 4423 possit,
2687 4347 2832 4405 mihi

508 4433 747 4507 quidem
793 4434 1046 4492 maxime
1090 4434 1393 4507 probabile
1438 4434 1676 4493 videtur
1720 4434 2069 4506 Euripidem
2113 4436 2453 4508 scripsisse:
