3132 5129
1385 448 1458 461 --
1551 407 1849 470 308-

1324 593 1386 658 1.
1461 593 1898 659 Halieutiea.

1455 736 1676 809 Liber
1713 736 1768 808 Ι.

617 843 689 907 V
736 846 815 901 24
849 864 976 920 sqq.

1031 961 1102 972 —
1151 960 1236 973 --
1280 959 1363 970 —
1406 922 1568 1005 παρὰ
1615 921 1683 984 δὲ
1726 922 2016 1001 χλοάουσι
2050 920 2324 1002 ῥεέθροις

751 1011 921 1073 ποῖαί
961 1034 1018 1072 τε
1063 1009 1399 1089 χθαμαλαί,
1443 1008 1678 1088 μαλακὴ
1724 1008 1913 1082 κλίσις
1957 1003 2149 1069 ὕπνον
2194 1005 2439 1068 ἑλέσθαι

749 1095 957 1158 εὕδων
1002 1095 1066 1157 ἐκ
1109 1094 1395 1173 καμάτοιο
1439 1093 1540 1154 καὶ
1583 1116 1733 1175 ωρια
1778 1092 1969 1173 δόρπα
2013 1091 2348 1153 πάσασθαι.

446 1218 582 1276 Non
627 1217 808 1276 habet
852 1218 1040 1277 altero
1070 1236 1248 1277 versu
1277 1216 1569 1291 particula
1612 1209 1704 1288 τέ,
1752 1233 1870 1289 quo
1900 1215 2109 1273 referri
2154 1215 2361 1289 possit.
2435 1213 2594 1273 Fieri
2625 1215 2783 1273 enim

351 1345 359 1351 -
445 1303 681 1378 nequit,
726 1307 796 1360 ut
840 1304 1242 1379 coniungatur
1285 1320 1418 1359 cum
1447 1300 1675 1358 verbis:
1724 1294 1847 1356 καὶ
1898 1294 2050 1376 ὥρια
2093 1304 2227 1374 etc„
2274 1317 2425 1375 quae
2469 1300 2668 1374 potius
2700 1301 2786 1358 sic

349 1394 409 1440 12

358 4390 420 4438 13

451 1389 797 1446 cohaerent·
857 1389 1020 1447 molle
1077 1388 1260 1447 cubile
1316 1392 1367 1445 et
1421 1387 1502 1445 ad
1548 1402 1822 1444 sommam
1889 1385 2265 1459 capiendum,
2333 1389 2385 1443 et
2448 1386 2529 1443 ad
2583 1402 2784 1444 cenam

451 1479 732 1548 aqresiem
769 1474 1145 1547 ,qu-..standum
1221 1471 1472 1529 Nullum
1514 1471 1579 1528 in
1624 1469 1925 1529 codicibus
1972 1469 2287 1528 auxilium:
2350 1470 2562 1528 inutile
2607 1471 2781 1544 enim,

447 1558 605 1633 quod
651 1558 712 1615 in
743 1560 996 1632 utroque
1025 1557 1213 1615 Palat.
1244 1556 1498 1649 legitur:
1545 1550 1881 1631 χλοάζουσι.
1956 1553 2047 1613 Ne
2092 1557 2151 1612 te
2197 1572 2421 1613 morer:
2469 1555 2787 1629 scripserat

448 1641 787 1717 OppianuS.
832 1637 993 1716 παρὰ
1043 1637 1106 1698 δὲ
1151 1630 1361 1717 χλὸαι
1405 1635 1548 1698 εἶσὶ
1597 1635 1904 1718 ῥεέθροις,
1944 1636 1954 1717 Ι
1994 1634 2166 1696 ποῖαί
2206 1658 2265 1696 τε
2308 1636 2631 1715 χθαμαλαί.

618 1725 691 1785 V.
741 1727 819 1785 52
853 1746 945 1802 sq.

754 1821 909 1884 Οὐδ’
956 1821 1078 1903 οἵγ’
1126 1817 1498 1923 εἰσορόωσιν,
1543 1819 1665 1906 ὅπῃ
1710 1814 1918 1902 σχεδὸν
1960 1822 2143 1897 ἵξεται
2185 1846 2396 1918 αγρης

748 1904 1072 1988 άντιάσας,
1119 1904 1191 1968 οὗ
1234 1907 1348 1989 γάρ
1391 1932 1446 1968 τι
1490 1909 1636 1987 μίην
1678 1903 1832 1969 ὁδὸν
1875 1907 2201 1987 ἔρχεται,
2249 1902 2445 1986 ἰχθύς.

452 2007 549 2090 &ic
592 2030 976 2091 Schneiderus
1030 2052 1062 2090 e
1105 2031 1297 2090 Palat.
1351 2036 1378 2089 1
1446 2030 1653 2090 edidit.
1726 2030 1798 2089 In
1854 2032 2066 2090 ceteris
2122 2030 2293 2089 libris
2348 2022 2496 2086 ὁδὸν
2550 2024 2781 2086 ἵσταται

447 2116 705 2191 legitur,
757 2116 916 2191 quod
950 2136 1090 2175 sane
1136 2117 1279 2175 ferri
1310 2117 1560 2192 nequit.‘
1618 2114 1733 2173 Sed
1765 2115 1913 2174 illud
1957 2116 2154 2190 ipsum
2200 2110 2493 2191 ἔρχεται
2537 2114 2624 2172 nil
2655 2132 2783 2172 esse

448 2201 565 2259 nisi
609 2201 934 2277 glossema,
983 2203 1230 2277 apparet
1285 2221 1356 2261 ex
1404 2200 1589 2259 Paris.
1643 2203 1705 2274 1,
1766 2200 1868 2258 ubi
1925 2200 1999 2258 ad
2053 2200 2359 2276 vulgatam
2415 2198 2781 2272 adscriptum

449 2290 565 2345 est:
612 2282 871 2387 ἔρχεται,
926 2280 1255 2363 πορεύεται.
1332 2286 1442 2345 His
1488 2282 1844 2360 comparetis
1891 2284 2154 2343 dubitari
2198 2303 2319 2343 non
2363 2285 2592 2359 pbtest,
2638 2284 2783 2359 quin

448 2374 627 2446 poeta
670 2359 814 2430 ὁδὸν
857 2366 1167 2430 ἔσσυται
1210 2371 1457 2431 dederit.

621 2455 694 2516 V.
743 2458 862 2515 227
896 2476 1029 2533 sqq.

755 2554 873 2618 Καὶ
920 2566 1022 2634 τῆς
1066 2554 1177 2634 μὲν
1220 2556 1357 2616 λίνα
1398 2547 1594 2615 πάντα
1636 2551 1771 2631 περὶ
1815 2548 2154 2635 προτόνοισι
2194 2551 2438 2636 μέμυκε,

755 2642 1083 2721 ρὀχθεῦσιν
1126 2639 1192 2701 δὲ
1237 2641 1490 2720 κάλωες,
1536 2639 1784 2720 έπημύει
1832 2640 1899 2702 δὲ
1942 2641 2148 2720 κεραίη

755 2726 900 2807 ῥιπῇ
946 2723 1310 2806 ἐπειγομένη.

450 2850 589 2908 Νοιι
634 2850 778 2908 satis
839 2850 998 2906 reete
1055 2848 1239 2908 vertit
1280 2849 1737 2907 Rittershusius:
1808 2848 2111 2925 „impulsu
2167 2845 2527 2906 festinan8.“
2594 2838 2784 2921 Ῥιπή,

451 2938 522 2992 ut
565 2953 769 3008 saepe,
818 2932 1088 3010 absolute
1135 2933 1206 2991 de
1250 2934 1415 2992 venti
1459 2933 1607 2990 flatu
1653 2933 1894 2991 dicitur.
1972 2932 2089 2991 Sed
2134 2927 2481 3009 ἐπειγομένη
2526 2932 2680 2992 male
2709 2931 2783 2989 ad

452 3021 770 3076 antennam
815 3019 1090 3076 refertur.
1163 3017 1320 3076 Nam
1380 3018 1589 3091 etiam,
1645 3018 1805 3093 quod
1858 3017 1992 3076 vela
2035 3037 2293 3092 expansa
2355 3021 2528 3092 sunt,
2588 3018 2784 3075 funes-

451 3122 565 3177 que
609 3104 829 3162 intensi
885 3105 1162 3179 gemunt,
1223 3102 1377 3161 fiunt
1420 3102 1562 3161 haee
1607 3103 1812 3161 eodem
1859 3103 2022 3161 venti
2065 3102 2321 3162 flamine.
2395 3102 2605 3178 Itaque
2661 3120 2783 3160 eor-

452 3188 609 3263 rigas
659 3184 807 3266 ῥιπῇ
854 3183 1241 3267 ἐπειγομένῃ,
1288 3191 1357 3246 ut
1399 3186 1656 3257 Quintus
1687 3186 1733 3262 Ι,
1768 3189 1892 3247 210
1922 3182 2304 3263 ἐπειγομένου
2345 3179 2587 3262 άνέμοιο
2615 3186 2786 3246 dixit.

625 3271 696 3330 V.
744 3274 865 3330 242
898 3293 985 3349 sq.

762 3371 941 3450 Τοίην
984 3369 1083 3448 νηὶ
1127 3368 1316 3448 πέδην
1358 3367 1773 3450 περιβάλλεται
1815 3368 2015 3443 αἰόλος
2060 3367 2240 3450 ἰχθὺς

754 3452 1066 3529 ἀντιάσας·
1115 3456 1282 3534 τοίην
1325 3453 1390 3515 δὲ
1435 3455 1823 3536 φερωνυμίην
1868 3454 2044 3533 λάχεν
2089 3454 2295 3534 ἔργων.

454 3577 899 3636 Sententiarum
956 3597 1138 3637 nexus
1183 3579 1279 3636 hic
1323 3579 1442 3637 est:
1501 3584 1568 3637 ut
1623 3596 1818 3646 cerva,
1876 3570 2191 3637 venatoris‘
2210 3578 2398 3636 iaculo
2453 3576 2781 3643 vulnerata,

451 3666 638 3722 invita
684 3666 991 3731 retinetur,
1049 3665 1160 3722 tale
1212 3665 1386 3722 etiam
1439 3664 1532 3722 ille
1568 3665 1748 3735 piscis
1790 3665 1932 3722 navi
1973 3665 2137 3721 inicit
2187 3664 2501 3722 vinculum.
2578 3662 2785 3736 Inepte

455 3749 593 3806 addi
642 3752 924 3823 apparet:
973 3753 1023 3806 et
1069 3749 1181 3806 tale
1224 3754 1662 3822 ooynmnemum
1690 3766 1928 3822 operum
1970 3750 2206 3807 sortitus
2248 3751 2346 3806 οὲί.
2425 3746 2595 3817 Quod
2625 3746 2785 3805 enim

453 3833 591 3891 inde
637 3852 851 3893 nomen
896 3833 1108 3907 traxit,
1154 3833 1215 3889 id
1260 3851 1380 3891 non
1427 3834 1688 3906 pertinet
1732 3833 1804 3890 ad
1851 3833 2373 3907 comparationem.
2448 3830 2785 3889 Emendan-

455 3917 889 4063 ᾶιιιιιιντοὲἓιὸι
933 3911 996 3974 δὲ
1039 3920 1180 3992 ete.,
1228 3922 1277 3976 et
1321 3919 1530 3976 talium
1573 3935 1809 3991 operum
1852 3934 2165 3993 coquomen
2206 3919 2437 3990 accepit.

760 4097 969 4198 Πάντη
1014 4097 1080 4161 δὲ
1124 4097 1472 4177 πλάζονται,
1515 4096 1639 4178 ὅπη
1682 4099 1893 4201 γένυς,
1943 4099 2128 4159 ἔνθα
2172 4094 2397 4161 κελεύει

756 4182 977 4269 γαστὴρ
1020 4185 1120 4247 καὶ
1167 4188 1483 4265 λαίμαργος
1527 4184 1670 4266 ἔρως
1713 4181 2002 4267 ἀκόρητος
2049 4182 2293 4266 ἐδωδῆς.

458 4291 1050 4436 Conczmigggsset:
1098 4280 1141 4372 ᾗ
1185 4285 1252 4349 δὲ
1296 4286 1522 4348 κελεύει
1569 4294 1683 4350 etc.

760 4477 998 4544 Ξανθοί
1039 4472 1092 4535 τ’
1139 4465 1418 4556 ἆργεννοί
1459 4497 1518 4535 τε
1562 4471 1628 4535 τὸ
1674 4474 1738 4534 δὲ
1785 4474 1985 4553 τρίτον
2026 4468 2205 4553 αἷμα
2248 4473 2531 4536 κελαινοί.
