3132 5129
1380 357 1453 389 .-
1542 318 1670 383 518
1759 356 1836 365 ——

845 476 974 548 πῶς
1020 470 1093 535 οὐ
1137 479 1473 552 &amimam
1517 473 1606 546 τίς
1651 469 1709 532 δ’
1758 472 1947 534 ἔνεστί
1983 494 2083 553 μοι
2128 466 2327 552 λόγος;

444 613 559 673 Sed
605 614 808 674 statim
855 614 1169 689 sequentia
1210 612 1434 671 habent
1479 598 1602 688 quo*
1644 602 1978 672 offendant:

847 741 981 805 ἀλλ’
1031 746 1086 807 εἰ
1124 743 1236 825 μὲν
1280 768 1346 807 εν
1389 767 1447 805 τι
1490 740 1671 806 τοῦθ’
1719 742 1872 824 ὁμοῦ
1917 738 2256 825 γενήσεται,

845 828 1086 910 ἄγαλμά
1130 826 1185 890 τ’
1234 831 1419 903 οἴσεις
1464 826 1614 908 κᾶμ’
1660 826 1762 890 ἐπ’
1805 826 2157 908 εὐπρύμνου
2203 829 2346 903 νεὼς

851 914 1040 995 ἄξεις,
1087 906 1153 976 τὸ
1191 915 1560 1017 κινδύνευμα
1603 917 1865 996 γίγνεται
1910 915 2129 976 καλόν·

849 1000 1062 1062 τούτου
1107 998 1170 1062 δὲ
1213 994 1560 1080 χωρισθεῖσ’
1609 997 1721 1081 ἐγώ
1765 1000 1876 1078 μὲν
1917 998 2203 1106 ὄλλυμαι,

852 1105 928 1147 συ
973 1084 1033 1146 δ’
1083 1109 1162 1146 αν
1203 1085 1269 1148 τὸ
1314 1095 1543 1149 σαυτοῦ
1584 1084 1836 1165 θέμενος
1881 1077 1955 1147 ευ
2000 1079 2215 1146 νόστου
2259 1083 2474 1162 τύχοις.

616 1226 705 1284 De
748 1225 841 1285 his
885 1244 1039 1285 unus
1083 1225 1234 1284 bene
1287 1225 1535 1285 meritus
1591 1227 1685 1284 est
1728 1223 2115 1283 Marklandus
2159 1223 2471 1283 scribendo
2528 1229 2662 1280 ταῦ
2678 1216 2775 1293 θ’,

449 1331 625 1387 quem
668 1311 1011 1387 neglectum
1068 1329 1196 1370 esse
1250 1310 1324 1368 ab
1369 1310 1646 1369 omnibus
1700 1328 2063 1385 magnopere
2119 1309 2369 1368 mireris.
2445 1308 2598 1367 Nam
2644 1328 2777 1368 cum

450 1395 720 1470 OresteS‚
769 1400 838 1454 ut
883 1395 1171 1470 vidimus,
1218 1396 1367 1454 satis
1398 1395 1764 1469 confidenter
1793 1413 1973 1469 supra
2017 1393 2290 1467 dixisset,
2338 1393 2388 1452 si
2432 1393 2608 1453 modo
2639 1393 2782 1453 deae

450 1480 768 1542 simulacro
813 1479 992 1556 potiti
1037 1483 1267 1555 essent,
1315 1500 1377 1540 se
1421 1484 1483 1539 et
1512 1479 1747 1540 insania
1776 1479 2096 1539 liberatum
2143 1479 2216 1537 iri
2261 1481 2325 1538 et
2354 1496 2614 1539 sororem
2643 1480 2781 1537 navi

450 1585 556 1626 sua
599 1565 992 1624 abducturum
1035 1582 1193 1641 esse,
1251 1565 1395 1623 haec
1439 1569 1649 1624 contra
1707 1563 1977 1623 timidior
2032 1583 2136 1623 suo
2193 1564 2319 1622 iure
2376 1564 2626 1623 fratrem
2681 1562 2780 1621 ad-

451 1656 655 1709 monet
713 1649 830 1707 duo
887 1649 991 1707 illa
1045 1669 1172 1709 esse
1228 1667 1348 1708 non
1400 1650 1732 1710 necessario
1789 1649 2134 1724 coniuncta,
2205 1648 2433 1708 scilicet
2486 1648 2783 1707 simulacri

451 1735 720 1809 rapinam
766 1736 946 1809 atque
991 1734 1175 1809 ipsius
1217 1733 1655 1815 abductionem.
1731 1730 1915 1793 Vides
1955 1734 2141 1811 igitur
2169 1733 2460 1809 pluralem
2489 1733 2588 1792 hic
2617 1733 2784 1809 flagi·

452 1819 587 1877 tari.
664 1816 780 1876 Sed
836 1818 1092 1892 amplius
1136 1818 1666 1895 progrediendum:
1726 1818 1870 1893 quid
1926 1820 2115 1894 enim,
2181 1837 2430 1894 quaese,
2485 1817 2600 1877 sibi
2653 1818 2788 1877 vult

453 1897 521 1960 ἕν
563 1922 627 1959 τι
670 1902 958 1977 particula
1002 1902 1360 1962 indefinita?
1419 1902 1646 1962 Tacent
1689 1921 1893 1961 omnes
1937 1903 2323 1979 interpreteS,
2380 1905 2445 1961 et
2488 1905 2642 1960 recte
2696 1905 2787 1960 ta-

453 1992 615 2047 cent.
659 2006 852 2062 neque
896 1988 1055 2045 enim
1111 1988 1269 2063 quod
1315 1988 1515 2047 dioent
1566 1988 1810 2047 habent.
1901 1986 2016 2047 Hic
2074 1986 2318 2063 quidem
2372 2006 2577 2047 verum
2631 1987 2788 2046 vidit

454 2071 823 2131 Linderus
866 2072 1034 2131 verbi
1081 2072 1269 2132 divini
1310 2072 1469 2149 apud
1497 2072 2063 2175 Rigoldiswylenses
2092 2072 2465 2132 Basileenses
2493 2071 2788 2143 minister,

453 2158 556 2233 qui
601 2157 665 2215 in
720 2157 937 2215 litteris
993 2156 1068 2216 ad
1125 2177 1219 2217 me
1274 2158 1429 2217 datis
1486 2158 1768 2217 coniecit.
1831 2147 1965 2214 ἀλλ’
2029 2153 2083 2215 εἰ
2132 2151 2244 2232 μὲν
2295 2156 2400 2227 εἰς
2452 2155 2538 2216 ὲν
2591 2151 2781 2213 ταῦθ’

450 2237 603 2341 ὁμοῦ
647 2236 993 2318 γενήσεται,
1039 2243 1132 2302 cui
1177 2243 1548 2302 coniecturae
1577 2241 1898 2302 firmandae
1942 2241 2092 2301 nihil
2137 2242 2471 2303 adscribere
2516 2260 2664 2318 opus
2695 2243 2791 2301 est

456 2329 571 2387 nisi
622 2327 851 2388 Orestis
896 2326 1078 2387 verba
1121 2327 1279 2387 infra
1322 2348 1380 2387 v.
1430 2328 1593 2387 1015
1625 2347 1713 2403 sq.

1305 2466 1599 2504 ἅπαντα
1641 2443 1754 2524 γὰρ

859 2524 1179 2601 συνθεις
1223 2520 1378 2590 τάδ’
1427 2527 1532 2602 εἰς
1568 2529 1652 2590 *ὲν
1696 2526 1908 2589 νόστον
1952 2525 2161 2601 ἐλπίζω
2206 2527 2429 2606 λαβεῖν.

627 2667 744 2727 Sed
787 2641 1095 2742 praeterea
1137 2684 1244 2726 nec
1286 2668 1586 2743 particula
1640 2660 1788 2725 ἄλλά
1833 2667 2006 2726 initio
2049 2668 2245 2742 posita
2287 2685 2396 2726 nec
2440 2667 2680 2726 omnino
2725 2666 2790 2725 in

454 2757 563 2813 hac
604 2752 843 2827 quidem
898 2751 1182 2810 orationis
1225 2755 1396 2827 parte
1450 2756 1587 2828 post
1643 2753 1945 2812 sinistram
2003 2752 2236 2811 timoris
2290 2751 2792 2828 significationem

367 2902 372 2908 ‚
457 2838 599 2897 haec
643 2836 786 2894 boni
828 2838 1078 2896 eventus
1133 2837 1554 2896 condicionalis
1609 2836 1967 2914 significatio
2022 2838 2167 2895 satis
2221 2836 2547 2913 quadrant,
2609 2855 2791 2912 quam

457 2921 953 2999 significationem
998 2938 1133 2979 cum
1177 2922 1488 2980 temerario
1544 2921 1747 2981 fratris
1789 2922 2114 2997 promisse,
2171 2922 2263 2981 uti
2308 2922 2598 2997 vidimuS,
2644 2941 2789 2980 con-

457 3006 893 3066 iunctissimam
935 3005 1136 3081 potius
1181 3023 1357 3081 supra
1402 3005 1608 3065 statim
1650 3010 1787 3083 post
1833 3007 2124 3081 pristinae
2168 3007 2592 3081 propensitatis
2622 3025 2792 3082 prae·

459 3092 762 3167 sentisque
806 3091 1138 3151 voluntatis
1185 3091 1656 3150 enuntiationem
1693 3091 1950 3168 positam
1997 3091 2178 3151 fuisse
2223 3095 2544 3166 exspectes·
2618 3091 2789 3150 Post-

458 3195 620 3236 remo
678 3176 811 3235 leve
870 3178 962 3234 est
1002 3174 1103 3234 sed
1148 3175 1306 3251 quod
1351 3178 1553 3235 tamen
1583 3177 1913 3235 notandum
1945 3176 2223 3236 videatur
2251 3175 2404 3235 male
2434 3176 2794 3252 interpretes

457 3262 530 3320 ad
578 3253 787 3319 τούτου
832 3260 1104 3320 certatim
1156 3261 1524 3336 supplevisse
1581 3258 1685 3318 τοῦ
1718 3253 2100 3357 ἀγάλματος,
2161 3278 2295 3320 οιιιιι
2348 3262 2549 3337 potius
2603 3261 2792 3337 expli-

459 3348 711 3407 candum
756 3346 837 3405 sit
878 3364 986 3421 per
1028 3343 1132 3402 τοῦ
1173 3338 1432 3423 αγεσθαι
1476 3340 1574 3404 ἐπὶ
1620 3337 1787 3417 νεω’ς.

401 3444 430 3492 7
624 3432 824 3490 Etiam
868 3431 931 3490 in
985 3431 1265 3490 extremis
1307 3431 1657 3508 Iphigeniae
1702 3431 1930 3492 verbis:

862 3584 935 3624 ου
978 3558 1102 3641 μήν
1145 3585 1201 3622 τι
1241 3562 1451 3663 φεύγω
1491 3561 1551 3643 γ’
1558 3607 1584 3666 ⁹,
1623 3557 1762 3623 οὐδέ
1802 3559 1868 3641 μ’
1918 3563 1973 3623 εἰ
2010 3568 2231 3624 θανεῖν
2272 3556 2483 3644 χρεών,

864 3643 1108 3709 σωσασᾶ
1148 3665 1241 3707 σ·
1286 3638 1358 3708 οὗ
1397 3645 1517 3729 γὰρ
1547 3638 1675 3708 ἀλλ’
1724 3640 1876 3728 ἀνὴρ
1918 3644 2029 3747 μὲν
2072 3646 2138 3708 ἐκ
2181 3647 2385 3725 δόμων

862 3732 1084 3795 θανὼν
1124 3726 1444 3810 ποθεινός,
1491 3730 1561 3793 τὰ
1606 3729 1676 3793 δὲ
1717 3724 2002 3813 γυναικὸς
2044 3727 2298 3812 ἀσθενῆ.

459 3876 619 3934 recte
674 3871 1074 3932 Kirchhoffius
1144 3875 1205 3932 et
1257 3871 1610 3947 Hartungus
1667 3871 1947 3931 viderunt
1998 3872 2273 3947 ineptum
2329 3890 2488 3947 esse,
2544 3871 2616 3931 de
2673 3890 2791 3946 quo

462 3960 643 4019 ceteri
689 3961 916 4034 tacent,
961 3957 1341 4033 participium
1386 3949 1627 4014 σωσασά
1672 3949 1732 4012 σ’
1741 3975 1913 4032 ,pro
1958 3975 2076 4032 quo
2121 3959 2227 4015 aut
2254 3971 2571 4014 σωσασαν
2614 3955 2790 4015 scribi

463 4045 679 4104 debere
722 4042 798 4102 ad
843 4037 1030 4120 χρεών
1083 4044 1304 4100 θανεῖν
1357 4041 1764 4114 referendum,
1818 4044 1924 4100 aut
1978 4041 2345 4103 infinitivum
2401 4039 2632 4100 σῶσαι
2687 4040 2792 4100 ad-

463 4131 589 4189 dito
633 4129 757 4188 sive
802 4122 878 4183 σέ
919 4122 1013 4204 γ’,
1070 4126 1227 4202 quod
1284 4126 1659 4203 Hartungus,
1717 4128 1843 4186 sive
1898 4119 1978 4183 τὰ
2034 4119 2094 4183 σ’
2110 4167 2129 4202 ,
2185 4126 2341 4201 quod
2397 4125 2793 4188 Kirchhoffius

461 4213 671 4274 voluit.
748 4212 1014 4282 Quorum
1057 4211 1167 4271 hoe
1210 4215 1499 4288 praestat,
1546 4211 1824 4287 quoniam
1855 4211 2169 4287 Iphigenia
2206 4229 2340 4270 cum
2385 4211 2571 4271 fratre
2614 4209 2793 4271 simul

463 4301 777 4374 paternam
822 4296 1066 4355 domum
1110 4300 1419 4357 servatura
1464 4299 1573 4357 est.

632 4382 727 4443 Ita
770 4383 964 4442 cetera
1008 4382 1248 4460 quidem
1304 4382 1453 4443 bene
1497 4380 1720 4442 habent
1776 4382 1992 4443 omnia.
2067 4381 2184 4441 Sed
2226 4400 2503 4442 versuum
2549 4380 2673 4441 994
2703 4399 2792 4458 sq.
