<?xml version="1.0" encoding="UTF-8"?>
<!DOCTYPE html PUBLIC "-//W3C//DTD XHTML 1.0 Transitional//EN"
    "http://www.w3.org/TR/xhtml1/DTD/xhtml1-transitional.dtd">
<html xmlns="http://www.w3.org/1999/xhtml" xml:lang="en" lang="en">
 <head>
  <title>
</title>
<meta http-equiv="Content-Type" content="text/html;charset=utf-8" />
  <meta name='ocr-system' content='tesseract 3.04.00' />
  <meta name='ocr-capabilities' content='ocr_page ocr_carea ocr_par ocr_line ocrx_word'/>
</head>
<body>
  <div class='ocr_page' id='page_1' title='image "./opusculaphilolo00koecgoog_0160.png"; bbox 0 0 3132 5129; ppageno 0'>
   <div class='ocr_carea' id='block_1_1' title="bbox 1347 387 1806 451">
    <p class='ocr_par' dir='ltr' id='par_1_1' title="bbox 1347 387 1806 451">
     <span class='ocr_line' id='line_1_1' title="bbox 1347 387 1806 451; baseline 0.002 -1"><span class='ocrx_word' id='word_1_1' title='bbox 1347 387 1806 451; x_wconf 86' lang='lat'>—148-</span> 
     </span>
    </p>
   </div>
   <div class='ocr_carea' id='block_1_2' title="bbox 660 535 2385 877">
    <p class='ocr_par' dir='ltr' id='par_1_2' title="bbox 660 535 2385 877">
     <span class='ocr_line' id='line_1_2' title="bbox 667 535 2385 621; baseline -0.002 -18"><span class='ocrx_word' id='word_1_2' title='bbox 667 538 783 620; x_wconf 77' lang='grc' dir='ltr'><strong><em>ῥεῖ’</em></strong></span> <span class='ocrx_word' id='word_1_3' title='bbox 831 541 1072 621; x_wconf 83' lang='grc' dir='ltr'><strong><em>ὄχθας</em></strong></span> <span class='ocrx_word' id='word_1_4' title='bbox 1116 538 1459 601; x_wconf 81' lang='grc' dir='ltr'><strong><em>καπέτοιο</em></strong></span> <span class='ocrx_word' id='word_1_5' title='bbox 1501 543 1828 620; x_wconf 83' lang='grc' dir='ltr'><strong><em>βαθείης</em></strong></span> <span class='ocrx_word' id='word_1_6' title='bbox 1872 539 2091 600; x_wconf 80' lang='grc' dir='ltr'><strong><em>ποσσὶν</em></strong></span> <span class='ocrx_word' id='word_1_7' title='bbox 2133 535 2385 619; x_wconf 78' lang='grc' dir='ltr'><strong><em>ἐρείπων</em></strong></span> 
     </span>
     <span class='ocr_line' id='line_1_3' title="bbox 664 623 2209 705; baseline -0.002 -18"><span class='ocrx_word' id='word_1_8' title='bbox 664 625 722 698; x_wconf 82' lang='grc' dir='ltr'><strong>ἐς</strong></span> <span class='ocrx_word' id='word_1_9' title='bbox 767 625 987 704; x_wconf 82' lang='grc' dir='ltr'><em>μέσσον</em></span> <span class='ocrx_word' id='word_1_10' title='bbox 1030 625 1402 705; x_wconf 81' lang='grc' dir='ltr'><strong><em>κατέβαλλε,</em></strong></span> <span class='ocrx_word' id='word_1_11' title='bbox 1412 625 1762 705; x_wconf 77' lang='grc' dir='ltr'><strong><em>γεφύρωσεν</em></strong></span> <span class='ocrx_word' id='word_1_12' title='bbox 1803 623 1870 685; x_wconf 80' lang='grc' dir='ltr'><strong>δὲ</strong></span> <span class='ocrx_word' id='word_1_13' title='bbox 1914 623 2209 686; x_wconf 80' lang='grc' dir='ltr'><strong><em>κέλευθον</em></strong></span> 
     </span>
     <span class='ocr_line' id='line_1_4' title="bbox 660 707 2240 794; baseline -0.001 -23"><span class='ocrx_word' id='word_1_14' title='bbox 660 710 894 794; x_wconf 76' lang='grc' dir='ltr'><strong><em>μακρὴν</em></strong></span> <span class='ocrx_word' id='word_1_15' title='bbox 936 708 1039 790; x_wconf 82' lang='grc' dir='ltr'><strong>ἠδ’</strong></span> <span class='ocrx_word' id='word_1_16' title='bbox 1089 707 1348 789; x_wconf 78' lang='grc' dir='ltr'><em>εὐρεῖαν,</em></span> <span class='ocrx_word' id='word_1_17' title='bbox 1394 709 1539 771; x_wconf 77' lang='grc' dir='ltr'><strong><em>ὅσον</em></strong></span> <span class='ocrx_word' id='word_1_18' title='bbox 1584 707 1636 771; x_wconf 87' lang='grc' dir='ltr'><strong><em>τ’</em></strong></span> <span class='ocrx_word' id='word_1_19' title='bbox 1686 709 1783 771; x_wconf 80' lang='grc' dir='ltr'><strong><em>ἐπὶ</em></strong></span> <span class='ocrx_word' id='word_1_20' title='bbox 1827 708 2041 790; x_wconf 81' lang='grc' dir='ltr'><strong><em>δουρὸς</em></strong></span> <span class='ocrx_word' id='word_1_21' title='bbox 2087 708 2240 788; x_wconf 86' lang='grc' dir='ltr'><strong><em>ε’ρωὴ</em></strong></span> 
     </span>
     <span class='ocr_line' id='line_1_5' title="bbox 660 787 2265 877; baseline -0.001 -21"><span class='ocrx_word' id='word_1_22' title='bbox 660 797 941 877; x_wconf 85' lang='grc' dir='ltr'><strong><em>γίγνεται,</em></strong></span> <span class='ocrx_word' id='word_1_23' title='bbox 986 793 1203 857; x_wconf 82' lang='grc' dir='ltr'><strong>ὁππότ’</strong></span> <span class='ocrx_word' id='word_1_24' title='bbox 1250 792 1404 876; x_wconf 75' lang='grc' dir='ltr'><strong><em>ἀνὴρ</em></strong></span> <span class='ocrx_word' id='word_1_25' title='bbox 1448 794 1698 869; x_wconf 83' lang='grc' dir='ltr'><strong><em>σθένεος</em></strong></span> <span class='ocrx_word' id='word_1_26' title='bbox 1742 791 2099 875; x_wconf 81' lang='grc' dir='ltr'><strong><em>πειρώμενος</em></strong></span> <span class='ocrx_word' id='word_1_27' title='bbox 2143 787 2265 877; x_wconf 80' lang='grc' dir='ltr'><strong><em>ᾗσι.</em></strong></span> 
     </span>
    </p>
   </div>
   <div class='ocr_carea' id='block_1_3' title="bbox 411 916 2121 994">
    <p class='ocr_par' dir='ltr' id='par_1_3' title="bbox 411 916 2121 994">
     <span class='ocr_line' id='line_1_6' title="bbox 411 916 2121 994; baseline 0.001 -19"><span class='ocrx_word' id='word_1_28' title='bbox 411 917 494 976; x_wconf 87' lang='lat' dir='ltr'><strong>Et</strong></span> <span class='ocrx_word' id='word_1_29' title='bbox 536 916 648 977; x_wconf 87' lang='lat' dir='ltr'><strong>hoc</strong></span> <span class='ocrx_word' id='word_1_30' title='bbox 693 919 886 994; x_wconf 89' lang='lat' dir='ltr'><strong>ipsum</strong></span> <span class='ocrx_word' id='word_1_31' title='bbox 935 919 1176 978; x_wconf 76' lang='lat' dir='ltr'>Hectori</span> <span class='ocrx_word' id='word_1_32' title='bbox 1219 918 1577 993; x_wconf 77' lang='lat' dir='ltr'><strong>promiserat</strong></span> <span class='ocrx_word' id='word_1_33' title='bbox 1621 936 1799 993; x_wconf 89' lang='lat' dir='ltr'><strong>supra</strong></span> <span class='ocrx_word' id='word_1_34' title='bbox 1842 917 1966 974; x_wconf 82' lang='lat'><strong>258</strong></span> <span class='ocrx_word' id='word_1_35' title='bbox 1991 936 2121 991; x_wconf 90' lang='lat' dir='ltr'><strong>sqq.</strong></span> 
     </span>
    </p>
   </div>
   <div class='ocr_carea' id='block_1_4' title="bbox 660 1029 2410 1370">
    <p class='ocr_par' dir='ltr' id='par_1_4' title="bbox 661 1029 2126 1115">
     <span class='ocr_line' id='line_1_7' title="bbox 661 1029 2126 1115; baseline -0.003 -22"><span class='ocrx_word' id='word_1_36' title='bbox 661 1029 791 1094; x_wconf 74' lang='grc' dir='ltr'><strong><em>ἀλλ’</em></strong></span> <span class='ocrx_word' id='word_1_37' title='bbox 840 1057 948 1115; x_wconf 87' lang='grc' dir='ltr'><strong>αγε</strong></span> <span class='ocrx_word' id='word_1_38' title='bbox 999 1035 1110 1094; x_wconf 80' lang='grc' dir='ltr'><strong>νῦν</strong></span> <span class='ocrx_word' id='word_1_39' title='bbox 1154 1035 1438 1095; x_wconf 78' lang='grc' dir='ltr'><strong><em>ἱππεῦσιν</em></strong></span> <span class='ocrx_word' id='word_1_40' title='bbox 1481 1031 1812 1114; x_wconf 77' lang='grc' dir='ltr'><strong><em>ἐπότρυνον</em></strong></span> <span class='ocrx_word' id='word_1_41' title='bbox 1854 1030 2126 1093; x_wconf 80' lang='grc' dir='ltr'><strong><em>πολέεσσι</em></strong></span> 
     </span>
    </p>

    <p class='ocr_par' dir='ltr' id='par_1_5' title="bbox 661 1114 2410 1370">
     <span class='ocr_line' id='line_1_8' title="bbox 661 1114 2333 1223; baseline -0.002 -45"><span class='ocrx_word' id='word_1_42' title='bbox 661 1117 885 1195; x_wconf 80' lang='grc' dir='ltr'><strong><em>νηυσὶν</em></strong></span> <span class='ocrx_word' id='word_1_43' title='bbox 928 1118 1022 1179; x_wconf 82' lang='grc' dir='ltr'><strong>ἔπι</strong></span> <span class='ocrx_word' id='word_1_44' title='bbox 1066 1124 1440 1223; x_wconf 76' lang='grc' dir='ltr'><strong><em>γλαφυρῇσιν</em></strong></span> <span class='ocrx_word' id='word_1_45' title='bbox 1480 1116 1805 1215; x_wconf 77' lang='grc' dir='ltr'><strong><em>ἐλαυνέμεν</em></strong></span> <span class='ocrx_word' id='word_1_46' title='bbox 1848 1114 2036 1190; x_wconf 81' lang='grc' dir='ltr'><strong><em>ωκέας</em></strong></span> <span class='ocrx_word' id='word_1_47' title='bbox 2080 1116 2333 1190; x_wconf 83' lang='grc' dir='ltr'><strong><em>ιππους·</em></strong></span> 
     </span>
     <span class='ocr_line' id='line_1_9' title="bbox 664 1201 2410 1284; baseline -0.002 -21"><span class='ocrx_word' id='word_1_48' title='bbox 664 1201 852 1284; x_wconf 78' lang='grc' dir='ltr'><strong><em>αὐτὰρ</em></strong></span> <span class='ocrx_word' id='word_1_49' title='bbox 898 1202 1008 1283; x_wconf 75' lang='grc' dir='ltr'><strong>ἐγώ</strong></span> <span class='ocrx_word' id='word_1_50' title='bbox 1054 1203 1523 1283; x_wconf 78' lang='grc' dir='ltr'><strong><em>προπάροιθε</em></strong></span> <span class='ocrx_word' id='word_1_51' title='bbox 1566 1227 1717 1263; x_wconf 85' lang='grc' dir='ltr'><strong><em>κιων</em></strong></span> <span class='ocrx_word' id='word_1_52' title='bbox 1759 1202 1995 1263; x_wconf 74' lang='grc' dir='ltr'><strong><em>ἵπποισι</em></strong></span> <span class='ocrx_word' id='word_1_53' title='bbox 2040 1201 2410 1262; x_wconf 80' lang='grc' dir='ltr'><strong><em>κέλευθον</em></strong></span> 
     </span>
     <span class='ocr_line' id='line_1_10' title="bbox 660 1286 2112 1370; baseline -0.001 -21.935"><span class='ocrx_word' id='word_1_54' title='bbox 660 1297 867 1349; x_wconf 90' lang='grc' dir='ltr'><strong><em>πασαν</em></strong></span> <span class='ocrx_word' id='word_1_55' title='bbox 909 1287 1174 1367; x_wconf 79' lang='grc' dir='ltr'><strong><em>λειανέω,</em></strong></span> <span class='ocrx_word' id='word_1_56' title='bbox 1218 1287 1423 1370; x_wconf 80' lang='grc' dir='ltr'><strong><em>τρέψω</em></strong></span> <span class='ocrx_word' id='word_1_57' title='bbox 1467 1286 1531 1349; x_wconf 83' lang='grc' dir='ltr'><strong>δ’</strong></span> <span class='ocrx_word' id='word_1_58' title='bbox 1580 1287 1779 1368; x_wconf 80' lang='grc' dir='ltr'><strong><em>ἥρωας</em></strong></span> <span class='ocrx_word' id='word_1_59' title='bbox 1820 1286 2112 1366; x_wconf 84' lang='grc' dir='ltr'><strong><em>Ἀχαιούς.</em></strong></span> 
     </span>
    </p>
   </div>
   <div class='ocr_carea' id='block_1_5' title="bbox 407 1359 2743 1555">
    <p class='ocr_par' dir='ltr' id='par_1_6' title="bbox 407 1359 2743 1555">
     <span class='ocr_line' id='line_1_11' title="bbox 444 1359 2743 1554; baseline -0.001 -85"><span class='ocrx_word' id='word_1_60' title='bbox 444 1496 520 1554; x_wconf 76' lang='lat' dir='ltr'><strong>dd</strong></span> <span class='ocrx_word' id='word_1_61' title='bbox 576 1359 662 1469; x_wconf 84' lang='lat' dir='ltr'><strong>At</strong></span> <span class='ocrx_word' id='word_1_62' title='bbox 716 1411 871 1469; x_wconf 90' lang='lat' dir='ltr'><strong>enim</strong></span> <span class='ocrx_word' id='word_1_63' title='bbox 927 1429 1061 1469; x_wconf 89' lang='lat' dir='ltr'><strong>cum</strong></span> <span class='ocrx_word' id='word_1_64' title='bbox 1114 1411 1208 1470; x_wconf 89' lang='lat' dir='ltr'><strong>his</strong></span> <span class='ocrx_word' id='word_1_65' title='bbox 1264 1429 1531 1487; x_wconf 90' lang='lat' dir='ltr'><strong>pugnare</strong></span> <span class='ocrx_word' id='word_1_66' title='bbox 1578 1409 1859 1470; x_wconf 85' lang='lat' dir='ltr'><strong>videntur</strong></span> <span class='ocrx_word' id='word_1_67' title='bbox 1904 1428 2055 1486; x_wconf 91' lang='lat' dir='ltr'><strong>quae</strong></span> <span class='ocrx_word' id='word_1_68' title='bbox 2100 1410 2304 1469; x_wconf 89' lang='lat' dir='ltr'><strong>statim</strong></span> <span class='ocrx_word' id='word_1_69' title='bbox 2348 1412 2487 1483; x_wconf 84' lang='lat' dir='ltr'><strong>post</strong></span> <span class='ocrx_word' id='word_1_70' title='bbox 2526 1429 2584 1468; x_wconf 84' lang='lat' dir='ltr'><strong>v.</strong></span> <span class='ocrx_word' id='word_1_71' title='bbox 2620 1410 2743 1467; x_wconf 84' lang='lat'><strong>359</strong></span> 
     </span>
     <span class='ocr_line' id='line_1_12' title="bbox 407 1500 733 1555; baseline 0.007 -2"><span class='ocrx_word' id='word_1_72' title='bbox 407 1516 441 1553; x_wconf 90' lang='lat' dir='ltr'><strong>a</strong></span> <span class='ocrx_word' id='word_1_73' title='bbox 525 1500 733 1555; x_wconf 87' lang='lat' dir='ltr'><strong>untur.</strong></span> 
     </span>
    </p>
   </div>
   <div class='ocr_carea' id='block_1_6' title="bbox 657 1604 2486 2201">
    <p class='ocr_par' dir='ltr' id='par_1_7' title="bbox 658 1604 2486 1947">
     <span class='ocr_line' id='line_1_13' title="bbox 661 1604 2472 1695; baseline -0.001 -23"><span class='ocrx_word' id='word_1_74' title='bbox 661 1619 737 1695; x_wconf 82' lang='grc' dir='ltr'><strong><em>τῇ</em></strong></span> <span class='ocrx_word' id='word_1_75' title='bbox 781 1606 831 1690; x_wconf 74' lang='grc' dir='ltr'><strong>ῤ’</strong></span> <span class='ocrx_word' id='word_1_76' title='bbox 880 1633 936 1670; x_wconf 92' lang='grc' dir='ltr'><strong>οι</strong></span> <span class='ocrx_word' id='word_1_77' title='bbox 982 1632 1045 1690; x_wconf 87' lang='grc' dir='ltr'><strong>γε</strong></span> <span class='ocrx_word' id='word_1_78' title='bbox 1089 1609 1408 1691; x_wconf 81' lang='grc' dir='ltr'><strong><em>προχέοντο</em></strong></span> <span class='ocrx_word' id='word_1_79' title='bbox 1451 1606 1859 1692; x_wconf 83' lang='grc' dir='ltr'><strong><em>φαλαγγηδόν,</em></strong></span> <span class='ocrx_word' id='word_1_80' title='bbox 1904 1606 2019 1691; x_wconf 81' lang='grc' dir='ltr'><strong>πρό</strong></span> <span class='ocrx_word' id='word_1_81' title='bbox 2067 1604 2129 1670; x_wconf 86' lang='grc' dir='ltr'><strong>δ’</strong></span> <span class='ocrx_word' id='word_1_82' title='bbox 2165 1604 2472 1671; x_wconf 85' lang='grc' dir='ltr'><strong><em>Ἀπόλλων</em></strong></span> 
     </span>
     <span class='ocr_line' id='line_1_14' title="bbox 658 1673 2311 1800; baseline 0.001 -46"><span class='ocrx_word' id='word_1_83' title='bbox 658 1673 839 1776; x_wconf 82' lang='grc' dir='ltr'><strong><em>αἰγίδ’</em></strong></span> <span class='ocrx_word' id='word_1_84' title='bbox 888 1693 1042 1774; x_wconf 82' lang='grc' dir='ltr'><strong><em>ἔχων</em></strong></span> <span class='ocrx_word' id='word_1_85' title='bbox 1070 1693 1372 1800; x_wconf 81' lang='grc' dir='ltr'><strong><em>ἐρίτιμον·</em></strong></span> <span class='ocrx_word' id='word_1_86' title='bbox 1419 1696 1611 1778; x_wconf 89' lang='grc' dir='ltr'><strong><em>ἔρειπε</em></strong></span> <span class='ocrx_word' id='word_1_87' title='bbox 1654 1696 1721 1757; x_wconf 80' lang='grc' dir='ltr'><strong>δὲ</strong></span> <span class='ocrx_word' id='word_1_88' title='bbox 1766 1701 2014 1774; x_wconf 85' lang='grc' dir='ltr'><strong><em>τεῖχος</em></strong></span> <span class='ocrx_word' id='word_1_89' title='bbox 2055 1692 2311 1775; x_wconf 88' lang='grc' dir='ltr'><strong><em>Ἀχαιῶν</em></strong></span> 
     </span>
     <span class='ocr_line' id='line_1_15' title="bbox 659 1775 2486 1861; baseline -0.002 -20"><span class='ocrx_word' id='word_1_90' title='bbox 659 1780 791 1861; x_wconf 84' lang='grc' dir='ltr'><strong><em>ρεῖα</em></strong></span> <span class='ocrx_word' id='word_1_91' title='bbox 832 1777 999 1860; x_wconf 85' lang='grc' dir='ltr'><strong><em>μάλ’,</em></strong></span> <span class='ocrx_word' id='word_1_92' title='bbox 1045 1775 1126 1853; x_wconf 81' lang='grc' dir='ltr'><strong>ὥς</strong></span> <span class='ocrx_word' id='word_1_93' title='bbox 1170 1804 1269 1842; x_wconf 91' lang='grc' dir='ltr'><strong>οτε</strong></span> <span class='ocrx_word' id='word_1_94' title='bbox 1314 1805 1400 1855; x_wconf 88' lang='grc' dir='ltr'><strong>τις</strong></span> <span class='ocrx_word' id='word_1_95' title='bbox 1445 1782 1745 1860; x_wconf 75' lang='grc' dir='ltr'><strong><em>ψάμαθον</em></strong></span> <span class='ocrx_word' id='word_1_96' title='bbox 1788 1780 1931 1853; x_wconf 85' lang='grc' dir='ltr'><strong><em>πάις</em></strong></span> <span class='ocrx_word' id='word_1_97' title='bbox 1973 1804 2111 1861; x_wconf 87' lang='grc' dir='ltr'><strong><em>αγχι</em></strong></span> <span class='ocrx_word' id='word_1_98' title='bbox 2154 1780 2486 1859; x_wconf 81' lang='grc' dir='ltr'><strong><em>θαλάσσης,</em></strong></span> 
     </span>
     <span class='ocr_line' id='line_1_16' title="bbox 658 1858 2168 1975; baseline 0 -49"><span class='ocrx_word' id='word_1_99' title='bbox 658 1889 728 1938; x_wconf 84' lang='grc' dir='ltr'><strong>ος</strong></span> <span class='ocrx_word' id='word_1_100' title='bbox 773 1862 826 1925; x_wconf 86' lang='grc' dir='ltr'><strong><em>τ’</em></strong></span> <span class='ocrx_word' id='word_1_101' title='bbox 877 1864 1002 1926; x_wconf 77' lang='grc' dir='ltr'><strong><em>ἐπεὶ</em></strong></span> <span class='ocrx_word' id='word_1_102' title='bbox 1045 1858 1157 1925; x_wconf 85' lang='grc' dir='ltr'><strong><em>οὖν</em></strong></span> <span class='ocrx_word' id='word_1_103' title='bbox 1199 1866 1420 1950; x_wconf 82' lang='grc' dir='ltr'><strong><em>ποιήσῃ</em></strong></span> <span class='ocrx_word' id='word_1_104' title='bbox 1462 1864 1786 1975; x_wconf 74' lang='grc' dir='ltr'><strong><em>ἀθύρματα</em></strong></span> <span class='ocrx_word' id='word_1_105' title='bbox 1831 1864 2168 1963; x_wconf 80' lang='grc' dir='ltr'><strong><em>νηπιέῃσιν,</em></strong></span> 
     </span>
    </p>

    <p class='ocr_par' dir='ltr' id='par_1_8' title="bbox 658 1944 2227 2031">
     <span class='ocr_line' id='line_1_17' title="bbox 658 1944 2227 2031; baseline 0.001 -21"><span class='ocrx_word' id='word_1_106' title='bbox 658 1946 753 2027; x_wconf 80' lang='grc' dir='ltr'><strong><em>αψ</em></strong></span> <span class='ocrx_word' id='word_1_107' title='bbox 796 1974 967 2024; x_wconf 86' lang='grc' dir='ltr'><strong><em>αυτις</em></strong></span> <span class='ocrx_word' id='word_1_108' title='bbox 1013 1948 1293 2031; x_wconf 79' lang='grc' dir='ltr'><strong><em>συνέχευε</em></strong></span> <span class='ocrx_word' id='word_1_109' title='bbox 1336 1951 1515 2012; x_wconf 80' lang='grc' dir='ltr'><strong><em>ποσὶν</em></strong></span> <span class='ocrx_word' id='word_1_110' title='bbox 1560 1952 1661 2012; x_wconf 86' lang='grc' dir='ltr'><strong>και</strong></span> <span class='ocrx_word' id='word_1_111' title='bbox 1705 1952 1906 2031; x_wconf 84' lang='grc' dir='ltr'><strong><em>χερσὶν</em></strong></span> <span class='ocrx_word' id='word_1_112' title='bbox 1945 1944 2227 2031; x_wconf 71' lang='grc' dir='ltr'><strong><em>ἀθύρων·</em></strong></span> 
     </span>
    </p>

    <p class='ocr_par' dir='ltr' id='par_1_9' title="bbox 657 2032 2297 2201">
     <span class='ocr_line' id='line_1_18' title="bbox 657 2032 2297 2116; baseline -0.001 -20"><span class='ocrx_word' id='word_1_113' title='bbox 657 2059 739 2107; x_wconf 84' lang='grc' dir='ltr'><strong><em>ως</em></strong></span> <span class='ocrx_word' id='word_1_114' title='bbox 783 2036 859 2115; x_wconf 77' lang='grc' dir='ltr'><strong><em>ῥα</em></strong></span> <span class='ocrx_word' id='word_1_115' title='bbox 904 2035 1003 2113; x_wconf 86' lang='grc' dir='ltr'><strong><em>σύ,</em></strong></span> <span class='ocrx_word' id='word_1_116' title='bbox 1049 2059 1142 2114; x_wconf 90' lang='grc' dir='ltr'><strong>ηιε</strong></span> <span class='ocrx_word' id='word_1_117' title='bbox 1187 2038 1392 2116; x_wconf 87' lang='grc' dir='ltr'><strong><em>Φοῖβε,</em></strong></span> <span class='ocrx_word' id='word_1_118' title='bbox 1436 2036 1631 2097; x_wconf 79' lang='grc' dir='ltr'><strong><em>πολύν</em></strong></span> <span class='ocrx_word' id='word_1_119' title='bbox 1672 2036 1942 2113; x_wconf 85' lang='grc' dir='ltr'><strong><em>κάματον</em></strong></span> <span class='ocrx_word' id='word_1_120' title='bbox 1983 2035 2085 2096; x_wconf 81' lang='grc' dir='ltr'><strong><em>καὶ</em></strong></span> <span class='ocrx_word' id='word_1_121' title='bbox 2129 2032 2297 2110; x_wconf 77' lang='grc' dir='ltr'><strong><em>ὀιζὺν</em></strong></span> 
     </span>
     <span class='ocr_line' id='line_1_19' title="bbox 658 2115 2206 2201; baseline 0.001 -22"><span class='ocrx_word' id='word_1_122' title='bbox 658 2115 907 2200; x_wconf 85' lang='grc' dir='ltr'><strong><em>σύγχεας</em></strong></span> <span class='ocrx_word' id='word_1_123' title='bbox 944 2117 1244 2201; x_wconf 87' lang='grc' dir='ltr'><strong><em>Ἀργείων,</em></strong></span> <span class='ocrx_word' id='word_1_124' title='bbox 1289 2117 1519 2182; x_wconf 81' lang='grc' dir='ltr'><strong><em>αὐτοῖσι</em></strong></span> <span class='ocrx_word' id='word_1_125' title='bbox 1564 2119 1631 2182; x_wconf 79' lang='grc' dir='ltr'><strong>δὲ</strong></span> <span class='ocrx_word' id='word_1_126' title='bbox 1677 2120 1876 2198; x_wconf 77' lang='grc' dir='ltr'><strong><em>φύζαν</em></strong></span> <span class='ocrx_word' id='word_1_127' title='bbox 1920 2119 2206 2201; x_wconf 84' lang='grc' dir='ltr'><strong><em>ἐνῶρσας.</em></strong></span> 
     </span>
    </p>
   </div>
   <div class='ocr_carea' id='block_1_7' title="bbox 304 2242 2747 3931">
    <p class='ocr_par' dir='ltr' id='par_1_10' title="bbox 403 2242 2747 2998">
     <span class='ocr_line' id='line_1_20' title="bbox 406 2242 2738 2319; baseline -0.001 -17"><span class='ocrx_word' id='word_1_128' title='bbox 406 2243 521 2303; x_wconf 83' lang='grc' dir='ltr'><strong>Ηίο</strong></span> <span class='ocrx_word' id='word_1_129' title='bbox 561 2242 750 2319; x_wconf 85' lang='lat' dir='ltr'><strong>igitur</strong></span> <span class='ocrx_word' id='word_1_130' title='bbox 792 2262 1070 2301; x_wconf 91' lang='lat' dir='ltr'><strong>murum</strong></span> <span class='ocrx_word' id='word_1_131' title='bbox 1112 2242 1440 2303; x_wconf 81' lang='lat' dir='ltr'><strong>habemus?</strong></span> <span class='ocrx_word' id='word_1_132' title='bbox 1507 2243 1754 2302; x_wconf 85' lang='lat' dir='ltr'><strong>Minime</strong></span> <span class='ocrx_word' id='word_1_133' title='bbox 1801 2262 1969 2317; x_wconf 81' lang='lat' dir='ltr'><strong>ver03</strong></span> <span class='ocrx_word' id='word_1_134' title='bbox 2016 2242 2121 2302; x_wconf 87' lang='lat' dir='ltr'><strong>sed</strong></span> <span class='ocrx_word' id='word_1_135' title='bbox 2166 2244 2215 2302; x_wconf 87' lang='lat' dir='ltr'><strong>si</strong></span> <span class='ocrx_word' id='word_1_136' title='bbox 2261 2243 2493 2317; x_wconf 87' lang='lat' dir='ltr'><strong>Apatae</strong></span> <span class='ocrx_word' id='word_1_137' title='bbox 2540 2246 2738 2318; x_wconf 87' lang='lat' dir='ltr'><strong>poeta,</strong></span> 
     </span>
     <span class='ocr_line' id='line_1_21' title="bbox 410 2287 2747 2404; baseline 0 -19"><span class='ocrx_word' id='word_1_138' title='bbox 410 2333 476 2388; x_wconf 90' lang='lat' dir='ltr'><strong>ut</strong></span> <span class='ocrx_word' id='word_1_139' title='bbox 531 2327 804 2404; x_wconf 81' lang='lat' dir='ltr'>equidem</span> <span class='ocrx_word' id='word_1_140' title='bbox 847 2329 1361 2402; x_wconf 80' lang='lat' dir='ltr'>persuasissimum</span> <span class='ocrx_word' id='word_1_141' title='bbox 1420 2328 1568 2387; x_wconf 91' lang='lat' dir='ltr'><strong>mihi</strong></span> <span class='ocrx_word' id='word_1_142' title='bbox 1624 2327 1843 2403; x_wconf 84' lang='lat' dir='ltr'><strong>habeo,</strong></span> <span class='ocrx_word' id='word_1_143' title='bbox 1904 2287 2083 2386; x_wconf 62' lang='lat' dir='ltr'><strong>et’iam</strong></span> <span class='ocrx_word' id='word_1_144' title='bbox 2144 2327 2254 2387; x_wconf 87' lang='lat' dir='ltr'><strong>hos</strong></span> <span class='ocrx_word' id='word_1_145' title='bbox 2311 2327 2747 2402; x_wconf 90' lang='lat' dir='ltr'><strong>pulcherrimos</strong></span> 
     </span>
     <span class='ocr_line' id='line_1_22' title="bbox 407 2411 2746 2486; baseline 0 -16"><span class='ocrx_word' id='word_1_146' title='bbox 407 2432 609 2472; x_wconf 89' lang='lat' dir='ltr'><strong>versus</strong></span> <span class='ocrx_word' id='word_1_147' title='bbox 663 2411 924 2486; x_wconf 83' lang='lat' dir='ltr'><strong>addidit,</strong></span> <span class='ocrx_word' id='word_1_148' title='bbox 981 2416 1050 2471; x_wconf 89' lang='lat' dir='ltr'><strong>ut</strong></span> <span class='ocrx_word' id='word_1_149' title='bbox 1107 2433 1232 2472; x_wconf 90' lang='lat' dir='ltr'><strong>rem</strong></span> <span class='ocrx_word' id='word_1_150' title='bbox 1289 2413 1708 2472; x_wconf 81' lang='lat' dir='ltr'><strong>miraculosam</strong></span> <span class='ocrx_word' id='word_1_151' title='bbox 1753 2433 1783 2471; x_wconf 92' lang='lat' dir='ltr'><strong>e</strong></span> <span class='ocrx_word' id='word_1_152' title='bbox 1828 2413 2155 2472; x_wconf 88' lang='lat' dir='ltr'><strong>cottidiana</strong></span> <span class='ocrx_word' id='word_1_153' title='bbox 2211 2413 2336 2471; x_wconf 89' lang='lat' dir='ltr'><strong>vita</strong></span> <span class='ocrx_word' id='word_1_154' title='bbox 2394 2413 2746 2472; x_wconf 80' lang='lat' dir='ltr'><strong>suavissime</strong></span> 
     </span>
     <span class='ocr_line' id='line_1_23' title="bbox 405 2490 2743 2581; baseline -0 -25"><span class='ocrx_word' id='word_1_155' title='bbox 405 2498 761 2581; x_wconf 69' lang='lat' dir='ltr'><strong>illustraret,</strong></span> <span class='ocrx_word' id='word_1_156' title='bbox 820 2498 1145 2574; x_wconf 78' lang='lat' dir='ltr'><strong>scripserat</strong></span> <span class='ocrx_word' id='word_1_157' title='bbox 1206 2498 1306 2556; x_wconf 90' lang='lat' dir='ltr'><strong>ille</strong></span> <span class='ocrx_word' id='word_1_158' title='bbox 1349 2498 1556 2575; x_wconf 92' lang='lat' dir='ltr'><strong>procul</strong></span> <span class='ocrx_word' id='word_1_159' title='bbox 1602 2498 1784 2557; x_wconf 90' lang='lat' dir='ltr'><strong>dubio</strong></span> <span class='ocrx_word' id='word_1_160' title='bbox 1830 2493 2019 2576; x_wconf 88' lang='grc' dir='ltr'><strong><em>ἔρειπε</em></strong></span> <span class='ocrx_word' id='word_1_161' title='bbox 2076 2492 2143 2555; x_wconf 79' lang='grc' dir='ltr'><strong>δὲ</strong></span> <span class='ocrx_word' id='word_1_162' title='bbox 2200 2492 2413 2575; x_wconf 77' lang='grc' dir='ltr'><strong><em>ἕρκος</em></strong></span> <span class='ocrx_word' id='word_1_163' title='bbox 2467 2490 2743 2572; x_wconf 79' lang='grc' dir='ltr'><strong><em>Ἀχαιῶν.</em></strong></span> 
     </span>
     <span class='ocr_line' id='line_1_24' title="bbox 405 2583 2745 2660; baseline -0.001 -18"><span class='ocrx_word' id='word_1_164' title='bbox 405 2583 606 2642; x_wconf 83' lang='lat' dir='ltr'><strong>Celare</strong></span> <span class='ocrx_word' id='word_1_165' title='bbox 649 2587 851 2642; x_wconf 88' lang='lat' dir='ltr'><strong>tamen</strong></span> <span class='ocrx_word' id='word_1_166' title='bbox 893 2583 1190 2642; x_wconf 87' lang='lat' dir='ltr'><strong>noluerim</strong></span> <span class='ocrx_word' id='word_1_167' title='bbox 1236 2584 1362 2642; x_wconf 86' lang='lat' dir='ltr'><strong>fore</strong></span> <span class='ocrx_word' id='word_1_168' title='bbox 1407 2583 1687 2659; x_wconf 83' lang='lat' dir='ltr'><strong>fortasse,</strong></span> <span class='ocrx_word' id='word_1_169' title='bbox 1748 2584 1852 2660; x_wconf 91' lang='lat' dir='ltr'><strong>qui</strong></span> <span class='ocrx_word' id='word_1_170' title='bbox 1898 2585 2058 2659; x_wconf 92' lang='lat' dir='ltr'><strong>ipsos</strong></span> <span class='ocrx_word' id='word_1_171' title='bbox 2103 2584 2210 2642; x_wconf 89' lang='lat' dir='ltr'><strong>hos</strong></span> <span class='ocrx_word' id='word_1_172' title='bbox 2254 2602 2462 2642; x_wconf 83' lang='lat' dir='ltr'><strong>versus</strong></span> <span class='ocrx_word' id='word_1_173' title='bbox 2506 2583 2607 2640; x_wconf 89' lang='lat' dir='ltr'><strong>alii</strong></span> <span class='ocrx_word' id='word_1_174' title='bbox 2652 2602 2745 2640; x_wconf 85' lang='lat' dir='ltr'><strong>re·</strong></span> 
     </span>
     <span class='ocr_line' id='line_1_25' title="bbox 403 2667 2743 2744; baseline 0 -19"><span class='ocrx_word' id='word_1_175' title='bbox 403 2667 665 2726; x_wconf 88' lang='lat' dir='ltr'><strong>censioni</strong></span> <span class='ocrx_word' id='word_1_176' title='bbox 722 2668 1142 2727; x_wconf 87' lang='lat' dir='ltr'><strong>adscribendos</strong></span> <span class='ocrx_word' id='word_1_177' title='bbox 1197 2671 1413 2744; x_wconf 89' lang='lat' dir='ltr'><strong>putent</strong></span> <span class='ocrx_word' id='word_1_178' title='bbox 1454 2700 1525 2711; x_wconf 93' lang='lat'>—</span> <span class='ocrx_word' id='word_1_179' title='bbox 1584 2668 1840 2727; x_wconf 88' lang='lat' dir='ltr'><strong>inveniri</strong></span> <span class='ocrx_word' id='word_1_180' title='bbox 1895 2687 2035 2728; x_wconf 85' lang='lat' dir='ltr'><strong>vero</strong></span> <span class='ocrx_word' id='word_1_181' title='bbox 2081 2668 2332 2743; x_wconf 90' lang='lat' dir='ltr'><strong>duplicis</strong></span> <span class='ocrx_word' id='word_1_182' title='bbox 2376 2667 2743 2727; x_wconf 83' lang='lat' dir='ltr'><strong>recensionis</strong></span> 
     </span>
     <span class='ocr_line' id='line_1_26' title="bbox 407 2752 2738 2829; baseline -0 -19"><span class='ocrx_word' id='word_1_183' title='bbox 407 2752 657 2829; x_wconf 89' lang='lat' dir='ltr'><strong>vestigia</strong></span> <span class='ocrx_word' id='word_1_184' title='bbox 699 2752 856 2810; x_wconf 89' lang='lat' dir='ltr'><strong>haud</strong></span> <span class='ocrx_word' id='word_1_185' title='bbox 901 2771 1033 2811; x_wconf 87' lang='lat' dir='ltr'><strong>raro</strong></span> <span class='ocrx_word' id='word_1_186' title='bbox 1077 2753 1139 2811; x_wconf 92' lang='lat' dir='ltr'><strong>in</strong></span> <span class='ocrx_word' id='word_1_187' title='bbox 1185 2753 1549 2812; x_wconf 87' lang='lat' dir='ltr'><strong>carminibus</strong></span> <span class='ocrx_word' id='word_1_188' title='bbox 1584 2753 1913 2812; x_wconf 89' lang='lat' dir='ltr'><strong>Homericis</strong></span> <span class='ocrx_word' id='word_1_189' title='bbox 1958 2753 2251 2828; x_wconf 88' lang='lat' dir='ltr'><strong>imprimis</strong></span> <span class='ocrx_word' id='word_1_190' title='bbox 2282 2752 2738 2811; x_wconf 87' lang='lat' dir='ltr'><strong>Friedlaen-</strong></span> 
     </span>
     <span class='ocr_line' id='line_1_27' title="bbox 403 2836 2739 2913; baseline 0 -19"><span class='ocrx_word' id='word_1_191' title='bbox 403 2836 625 2896; x_wconf 86' lang='lat' dir='ltr'><strong>derus</strong></span> <span class='ocrx_word' id='word_1_192' title='bbox 682 2837 1061 2913; x_wconf 85' lang='lat' dir='ltr'><strong>sagacissime</strong></span> <span class='ocrx_word' id='word_1_193' title='bbox 1119 2857 1307 2913; x_wconf 86' lang='lat' dir='ltr'><strong>nuper</strong></span> <span class='ocrx_word' id='word_1_194' title='bbox 1366 2836 1799 2898; x_wconf 86' lang='lat' dir='ltr'><strong>demonstravit</strong></span> <span class='ocrx_word' id='word_1_195' title='bbox 1844 2869 1953 2913; x_wconf 92' lang='lat'><strong>—,</strong></span> <span class='ocrx_word' id='word_1_196' title='bbox 2015 2837 2087 2895; x_wconf 85' lang='lat' dir='ltr'><strong>ad</strong></span> <span class='ocrx_word' id='word_1_197' title='bbox 2145 2856 2322 2913; x_wconf 89' lang='lat' dir='ltr'><strong>quam</strong></span> <span class='ocrx_word' id='word_1_198' title='bbox 2379 2837 2739 2896; x_wconf 85' lang='lat' dir='ltr'><strong>sententiam</strong></span> 
     </span>
     <span class='ocr_line' id='line_1_28' title="bbox 405 2922 2737 2998; baseline 0 -19"><span class='ocrx_word' id='word_1_199' title='bbox 405 2922 720 2980; x_wconf 83' lang='lat' dir='ltr'><strong>iuvandam</strong></span> <span class='ocrx_word' id='word_1_200' title='bbox 778 2925 839 2980; x_wconf 89' lang='lat' dir='ltr'><strong>et</strong></span> <span class='ocrx_word' id='word_1_201' title='bbox 894 2923 1235 2998; x_wconf 87' lang='lat' dir='ltr'><strong>argumenti</strong></span> <span class='ocrx_word' id='word_1_202' title='bbox 1292 2922 1479 2982; x_wconf 90' lang='lat' dir='ltr'><strong>totius</strong></span> <span class='ocrx_word' id='word_1_203' title='bbox 1526 2923 1856 2981; x_wconf 81' lang='lat' dir='ltr'><strong>similitudo</strong></span> <span class='ocrx_word' id='word_1_204' title='bbox 1898 2926 1960 2980; x_wconf 88' lang='lat' dir='ltr'><strong>et</strong></span> <span class='ocrx_word' id='word_1_205' title='bbox 2004 2922 2428 2982; x_wconf 85' lang='lat' dir='ltr'><strong>vocabulorum</strong></span> <span class='ocrx_word' id='word_1_206' title='bbox 2476 2940 2737 2997; x_wconf 86' lang='lat' dir='ltr'><strong>quorun-</strong></span> 
     </span>
    </p>

    <p class='ocr_par' dir='ltr' id='par_1_11' title="bbox 304 2997 2739 3422">
     <span class='ocr_line' id='line_1_29' title="bbox 304 2997 2738 3084; baseline -0.001 -21"><span class='ocrx_word' id='word_1_207' title='bbox 304 3016 370 3063; x_wconf 83' lang='lat'><strong>34</strong></span> <span class='ocrx_word' id='word_1_208' title='bbox 405 3006 538 3063; x_wconf 88' lang='lat' dir='ltr'><strong>dam</strong></span> <span class='ocrx_word' id='word_1_209' title='bbox 569 3005 847 3081; x_wconf 74' lang='lat' dir='ltr'><strong>repetitio</strong></span> <span class='ocrx_word' id='word_1_210' title='bbox 881 3001 1278 3084; x_wconf 64' lang='grc' dir='ltr'><strong><em>(προπάροιθε</em></strong></span> <span class='ocrx_word' id='word_1_211' title='bbox 1325 3001 1387 3064; x_wconf 82' lang='grc' dir='ltr'><strong>δὲ</strong></span> <span class='ocrx_word' id='word_1_212' title='bbox 1416 3005 1639 3083; x_wconf 87' lang='grc' dir='ltr'><strong><em>Φοιβος</em></strong></span> <span class='ocrx_word' id='word_1_213' title='bbox 1680 3000 1982 3065; x_wconf 88' lang='grc' dir='ltr'><strong><em>Ἀπόλλων</em></strong></span> <span class='ocrx_word' id='word_1_214' title='bbox 2026 3009 2147 3066; x_wconf 85' lang='grc'><strong>355</strong></span> <span class='ocrx_word' id='word_1_215' title='bbox 2174 3034 2255 3055; x_wconf 89' lang='lat'>=</span> <span class='ocrx_word' id='word_1_216' title='bbox 2280 2997 2393 3082; x_wconf 83' lang='grc' dir='ltr'><strong>πρὸ</strong></span> <span class='ocrx_word' id='word_1_217' title='bbox 2434 2998 2487 3063; x_wconf 80' lang='grc' dir='ltr'><strong>δ’</strong></span> <span class='ocrx_word' id='word_1_218' title='bbox 2527 3001 2738 3063; x_wconf 79' lang='grc' dir='ltr'><strong><em>Ἀπόλ·</em></strong></span> 
     </span>
     <span class='ocr_line' id='line_1_30' title="bbox 402 3087 2739 3171; baseline 0.001 -24"><span class='ocrx_word' id='word_1_219' title='bbox 402 3093 523 3147; x_wconf 91' lang='grc' dir='ltr'><strong>λων</strong></span> <span class='ocrx_word' id='word_1_220' title='bbox 554 3092 695 3166; x_wconf 88' lang='grc'><strong>360,</strong></span> <span class='ocrx_word' id='word_1_221' title='bbox 743 3088 873 3169; x_wconf 75' lang='grc' dir='ltr'><strong><em>ῥεια</em></strong></span> <span class='ocrx_word' id='word_1_222' title='bbox 905 3092 1025 3150; x_wconf 86' lang='grc'><strong>356</strong></span> <span class='ocrx_word' id='word_1_223' title='bbox 1059 3096 1120 3152; x_wconf 88' lang='lat' dir='ltr'><strong>et</strong></span> <span class='ocrx_word' id='word_1_224' title='bbox 1159 3093 1300 3167; x_wconf 84' lang='grc'><strong>362,</strong></span> <span class='ocrx_word' id='word_1_225' title='bbox 1348 3087 1600 3168; x_wconf 78' lang='grc' dir='ltr'><strong><em>ἐρείπων</em></strong></span> <span class='ocrx_word' id='word_1_226' title='bbox 1644 3093 1766 3152; x_wconf 87' lang='grc'><strong>356</strong></span> <span class='ocrx_word' id='word_1_227' title='bbox 1813 3096 1873 3150; x_wconf 84' lang='lat' dir='ltr'><strong>et</strong></span> <span class='ocrx_word' id='word_1_228' title='bbox 1917 3088 2107 3168; x_wconf 84' lang='grc' dir='ltr'><strong><em>ἔρειπε</em></strong></span> <span class='ocrx_word' id='word_1_229' title='bbox 2152 3089 2305 3171; x_wconf 89' lang='grc'><strong>362)</strong></span> <span class='ocrx_word' id='word_1_230' title='bbox 2354 3092 2506 3149; x_wconf 90' lang='lat' dir='ltr'><strong>haud</strong></span> <span class='ocrx_word' id='word_1_231' title='bbox 2539 3092 2739 3166; x_wconf 83' lang='lat' dir='ltr'><strong>inepte</strong></span> 
     </span>
     <span class='ocr_line' id='line_1_31' title="bbox 400 3175 2737 3253; baseline 0 -20"><span class='ocrx_word' id='word_1_232' title='bbox 400 3175 624 3233; x_wconf 81' lang='lat' dir='ltr'><strong>adferri</strong></span> <span class='ocrx_word' id='word_1_233' title='bbox 667 3177 876 3251; x_wconf 89' lang='lat' dir='ltr'><strong>possit.</strong></span> <span class='ocrx_word' id='word_1_234' title='bbox 953 3176 1038 3235; x_wconf 89' lang='lat' dir='ltr'><strong>Ut</strong></span> <span class='ocrx_word' id='word_1_235' title='bbox 1078 3180 1278 3235; x_wconf 80' lang='lat' dir='ltr'><strong>tamen</strong></span> <span class='ocrx_word' id='word_1_236' title='bbox 1324 3177 1626 3253; x_wconf 82' lang='lat' dir='ltr'><strong>egregiam</strong></span> <span class='ocrx_word' id='word_1_237' title='bbox 1671 3177 2174 3253; x_wconf 82' lang='lat' dir='ltr'><strong>comparationem</strong></span> <span class='ocrx_word' id='word_1_238' title='bbox 2219 3177 2335 3250; x_wconf 91' lang='lat' dir='ltr'><strong>ipsi</strong></span> <span class='ocrx_word' id='word_1_239' title='bbox 2381 3176 2606 3235; x_wconf 89' lang='lat' dir='ltr'><strong>auctori</strong></span> <span class='ocrx_word' id='word_1_240' title='bbox 2638 3176 2737 3233; x_wconf 89' lang='lat' dir='ltr'><strong>ad·</strong></span> 
     </span>
     <span class='ocr_line' id='line_1_32' title="bbox 401 3260 2735 3343; baseline 0 -26"><span class='ocrx_word' id='word_1_241' title='bbox 401 3260 762 3335; x_wconf 85' lang='lat' dir='ltr'><strong>scribamus,</strong></span> <span class='ocrx_word' id='word_1_242' title='bbox 819 3261 964 3320; x_wconf 85' lang='lat' dir='ltr'><strong>facit</strong></span> <span class='ocrx_word' id='word_1_243' title='bbox 1017 3262 1193 3320; x_wconf 88' lang='lat' dir='ltr'><strong>etiam</strong></span> <span class='ocrx_word' id='word_1_244' title='bbox 1251 3262 1606 3320; x_wconf 82' lang='lat' dir='ltr'><strong>vocabulum</strong></span> <span class='ocrx_word' id='word_1_245' title='bbox 1667 3268 1746 3343; x_wconf 88' lang='grc' dir='ltr'><strong><em>τη</em></strong></span> <span class='ocrx_word' id='word_1_246' title='bbox 1805 3263 1992 3321; x_wconf 82' lang='lat' dir='ltr'><strong>totius</strong></span> <span class='ocrx_word' id='word_1_247' title='bbox 2049 3261 2163 3320; x_wconf 92' lang='lat' dir='ltr'><strong>loci</strong></span> <span class='ocrx_word' id='word_1_248' title='bbox 2223 3261 2395 3320; x_wconf 88' lang='lat' dir='ltr'><strong>initio</strong></span> <span class='ocrx_word' id='word_1_249' title='bbox 2452 3262 2735 3335; x_wconf 88' lang='lat' dir='ltr'><strong>positum,</strong></span> 
     </span>
     <span class='ocr_line' id='line_1_33' title="bbox 402 3340 2245 3422; baseline 0.001 -20"><span class='ocrx_word' id='word_1_250' title='bbox 402 3364 520 3420; x_wconf 91' lang='lat' dir='ltr'><strong>quo</strong></span> <span class='ocrx_word' id='word_1_251' title='bbox 565 3340 861 3404; x_wconf 83' lang='grc' dir='ltr'><strong><em>κέλευθον</em></strong></span> <span class='ocrx_word' id='word_1_252' title='bbox 905 3346 979 3404; x_wconf 87' lang='lat' dir='ltr'><strong>ab</strong></span> <span class='ocrx_word' id='word_1_253' title='bbox 1025 3346 1308 3421; x_wconf 90' lang='lat' dir='ltr'><strong>Apolline</strong></span> <span class='ocrx_word' id='word_1_254' title='bbox 1355 3346 1572 3405; x_wconf 78' lang='lat' dir='ltr'><strong>factam</strong></span> <span class='ocrx_word' id='word_1_255' title='bbox 1621 3348 1943 3422; x_wconf 86' lang='lat' dir='ltr'><strong>respexisse</strong></span> <span class='ocrx_word' id='word_1_256' title='bbox 1989 3346 2245 3408; x_wconf 83' lang='lat' dir='ltr'><strong>videtur.</strong></span> 
     </span>
    </p>

    <p class='ocr_par' dir='ltr' id='par_1_12' title="bbox 399 3429 2738 3931">
     <span class='ocr_line' id='line_1_34' title="bbox 571 3429 2732 3507; baseline 0 -19"><span class='ocrx_word' id='word_1_257' title='bbox 571 3430 688 3489; x_wconf 87' lang='lat' dir='ltr'><strong>Sed</strong></span> <span class='ocrx_word' id='word_1_258' title='bbox 730 3430 847 3488; x_wconf 91' lang='lat' dir='ltr'><strong>iam</strong></span> <span class='ocrx_word' id='word_1_259' title='bbox 893 3430 965 3489; x_wconf 88' lang='lat' dir='ltr'><strong>ad</strong></span> <span class='ocrx_word' id='word_1_260' title='bbox 1011 3432 1202 3506; x_wconf 78' lang='lat'><strong>10008,</strong></span> <span class='ocrx_word' id='word_1_261' title='bbox 1261 3431 1416 3489; x_wconf 90' lang='lat' dir='ltr'><strong>unde</strong></span> <span class='ocrx_word' id='word_1_262' title='bbox 1469 3452 1527 3506; x_wconf 91' lang='lat' dir='ltr'><strong>p.</strong></span> <span class='ocrx_word' id='word_1_263' title='bbox 1566 3432 1684 3489; x_wconf 88' lang='grc'><strong>146</strong></span> <span class='ocrx_word' id='word_1_264' title='bbox 1743 3450 2016 3507; x_wconf 87' lang='lat' dir='ltr'><strong>egressus</strong></span> <span class='ocrx_word' id='word_1_265' title='bbox 2074 3451 2234 3506; x_wconf 90' lang='lat' dir='ltr'><strong>sum,</strong></span> <span class='ocrx_word' id='word_1_266' title='bbox 2287 3429 2339 3488; x_wconf 84' lang='grc' dir='ltr'><strong>Θ</strong></span> <span class='ocrx_word' id='word_1_267' title='bbox 2372 3432 2574 3489; x_wconf 87' lang='grc'><strong>213-</strong></span> <span class='ocrx_word' id='word_1_268' title='bbox 2588 3431 2732 3489; x_wconf 91' lang='grc'><strong>216.</strong></span> 
     </span>
     <span class='ocr_line' id='line_1_35' title="bbox 401 3510 2736 3592; baseline -0 -20"><span class='ocrx_word' id='word_1_269' title='bbox 401 3510 734 3574; x_wconf 82' lang='grc'><strong>335-349</strong></span> <span class='ocrx_word' id='word_1_270' title='bbox 780 3516 1198 3574; x_wconf 84' lang='lat' dir='ltr'><strong>revertendum</strong></span> <span class='ocrx_word' id='word_1_271' title='bbox 1242 3516 1391 3574; x_wconf 89' lang='lat' dir='ltr'><strong>mihi</strong></span> <span class='ocrx_word' id='word_1_272' title='bbox 1434 3520 1544 3574; x_wconf 86' lang='lat' dir='ltr'><strong>est.</strong></span> <span class='ocrx_word' id='word_1_273' title='bbox 1618 3516 1765 3575; x_wconf 85' lang='lat' dir='ltr'><strong>Esse</strong></span> <span class='ocrx_word' id='word_1_274' title='bbox 1811 3535 1910 3575; x_wconf 90' lang='lat' dir='ltr'><strong>eos</strong></span> <span class='ocrx_word' id='word_1_275' title='bbox 1953 3535 2189 3592; x_wconf 91' lang='lat' dir='ltr'><strong>quoque</strong></span> <span class='ocrx_word' id='word_1_276' title='bbox 2234 3515 2531 3589; x_wconf 85' lang='lat' dir='ltr'><strong>carminis,</strong></span> <span class='ocrx_word' id='word_1_277' title='bbox 2578 3515 2736 3590; x_wconf 90' lang='lat' dir='ltr'><strong>quod</strong></span> 
     </span>
     <span class='ocr_line' id='line_1_36' title="bbox 405 3598 2735 3674; baseline 0.001 -20"><span class='ocrx_word' id='word_1_278' title='bbox 405 3598 620 3655; x_wconf 92' lang='grc' dir='ltr'><em>ΔΙΟΣ</em></span> <span class='ocrx_word' id='word_1_279' title='bbox 657 3599 959 3656; x_wconf 85' lang='grc' dir='ltr'><em>ΑΠΑΤΗ</em></span> <span class='ocrx_word' id='word_1_280' title='bbox 1001 3600 1378 3674; x_wconf 86' lang='lat' dir='ltr'><strong>inscribitur,</strong></span> <span class='ocrx_word' id='word_1_281' title='bbox 1437 3600 1554 3657; x_wconf 87' lang='lat' dir='ltr'><strong>iam</strong></span> <span class='ocrx_word' id='word_1_282' title='bbox 1612 3602 1755 3659; x_wconf 89' lang='lat' dir='ltr'><strong>satis</strong></span> <span class='ocrx_word' id='word_1_283' title='bbox 1813 3602 2250 3660; x_wconf 87' lang='lat' dir='ltr'><strong>demonstrasse</strong></span> <span class='ocrx_word' id='word_1_284' title='bbox 2306 3601 2451 3659; x_wconf 87' lang='lat' dir='ltr'><strong>mihi</strong></span> <span class='ocrx_word' id='word_1_285' title='bbox 2512 3600 2735 3673; x_wconf 86' lang='lat' dir='ltr'><strong>videor,</strong></span> 
     </span>
     <span class='ocr_line' id='line_1_37' title="bbox 401 3684 2738 3761; baseline 0 -20"><span class='ocrx_word' id='word_1_286' title='bbox 401 3702 527 3758; x_wconf 89' lang='lat' dir='ltr'><strong>nec,</strong></span> <span class='ocrx_word' id='word_1_287' title='bbox 575 3685 626 3743; x_wconf 92' lang='lat' dir='ltr'><strong>si</strong></span> <span class='ocrx_word' id='word_1_288' title='bbox 672 3685 806 3761; x_wconf 90' lang='lat' dir='ltr'><strong>quis</strong></span> <span class='ocrx_word' id='word_1_289' title='bbox 852 3685 913 3743; x_wconf 91' lang='lat' dir='ltr'><strong>in</strong></span> <span class='ocrx_word' id='word_1_290' title='bbox 958 3684 1201 3744; x_wconf 89' lang='lat' dir='ltr'><strong>Iliade</strong></span> <span class='ocrx_word' id='word_1_291' title='bbox 1246 3704 1475 3760; x_wconf 84' lang='lat' dir='ltr'><strong>parva</strong></span> <span class='ocrx_word' id='word_1_292' title='bbox 1519 3704 1553 3742; x_wconf 90' lang='lat' dir='ltr'><strong>a</strong></span> <span class='ocrx_word' id='word_1_293' title='bbox 1597 3706 1690 3744; x_wconf 87' lang='lat' dir='ltr'><strong>me</strong></span> <span class='ocrx_word' id='word_1_294' title='bbox 1735 3685 1912 3760; x_wconf 89' lang='lat' dir='ltr'><strong>edita,</strong></span> <span class='ocrx_word' id='word_1_295' title='bbox 1961 3706 2111 3761; x_wconf 91' lang='lat' dir='ltr'><strong>quae</strong></span> <span class='ocrx_word' id='word_1_296' title='bbox 2155 3686 2263 3744; x_wconf 89' lang='lat' dir='ltr'><strong>hoc</strong></span> <span class='ocrx_word' id='word_1_297' title='bbox 2308 3686 2438 3761; x_wconf 90' lang='lat' dir='ltr'><strong>ipso</strong></span> <span class='ocrx_word' id='word_1_298' title='bbox 2471 3688 2738 3760; x_wconf 85' lang='lat' dir='ltr'><strong>tempore</strong></span> 
     </span>
     <span class='ocr_line' id='line_1_38' title="bbox 401 3769 2738 3846; baseline 0 -20"><span class='ocrx_word' id='word_1_299' title='bbox 401 3770 461 3827; x_wconf 91' lang='lat' dir='ltr'><strong>in</strong></span> <span class='ocrx_word' id='word_1_300' title='bbox 506 3770 698 3828; x_wconf 88' lang='lat' dir='ltr'><strong>lucem</strong></span> <span class='ocrx_word' id='word_1_301' title='bbox 743 3770 1029 3845; x_wconf 86' lang='lat' dir='ltr'><strong>prodibit,</strong></span> <span class='ocrx_word' id='word_1_302' title='bbox 1077 3788 1312 3828; x_wconf 87' lang='lat' dir='ltr'><strong>carmen</strong></span> <span class='ocrx_word' id='word_1_303' title='bbox 1357 3770 1699 3829; x_wconf 87' lang='lat' dir='ltr'><strong>restitutum</strong></span> <span class='ocrx_word' id='word_1_304' title='bbox 1746 3771 2100 3846; x_wconf 86' lang='lat' dir='ltr'><strong>perlegerit,</strong></span> <span class='ocrx_word' id='word_1_305' title='bbox 2147 3789 2284 3828; x_wconf 88' lang='lat' dir='ltr'><strong>eum</strong></span> <span class='ocrx_word' id='word_1_306' title='bbox 2326 3770 2585 3845; x_wconf 88' lang='lat' dir='ltr'><strong>amplius</strong></span> <span class='ocrx_word' id='word_1_307' title='bbox 2630 3769 2738 3827; x_wconf 92' lang='lat' dir='ltr'><strong>du-</strong></span> 
     </span>
     <span class='ocr_line' id='line_1_39' title="bbox 399 3853 2736 3931; baseline 0 -20"><span class='ocrx_word' id='word_1_308' title='bbox 399 3854 730 3914; x_wconf 88' lang='lat' dir='ltr'><strong>bitaturum</strong></span> <span class='ocrx_word' id='word_1_309' title='bbox 773 3873 901 3914; x_wconf 89' lang='lat' dir='ltr'><strong>esse</strong></span> <span class='ocrx_word' id='word_1_310' title='bbox 947 3873 1136 3931; x_wconf 90' lang='lat' dir='ltr'><strong>spero.</strong></span> <span class='ocrx_word' id='word_1_311' title='bbox 1213 3853 1437 3913; x_wconf 88' lang='lat' dir='ltr'><strong>Verum</strong></span> <span class='ocrx_word' id='word_1_312' title='bbox 1482 3855 1554 3912; x_wconf 91' lang='lat' dir='ltr'><strong>de</strong></span> <span class='ocrx_word' id='word_1_313' title='bbox 1600 3856 1813 3931; x_wconf 89' lang='lat' dir='ltr'><strong>primo,</strong></span> <span class='ocrx_word' id='word_1_314' title='bbox 1860 3874 2036 3931; x_wconf 91' lang='lat' dir='ltr'><strong>quem</strong></span> <span class='ocrx_word' id='word_1_315' title='bbox 2082 3855 2164 3913; x_wconf 91' lang='lat' dir='ltr'><strong>ibi</strong></span> <span class='ocrx_word' id='word_1_316' title='bbox 2210 3853 2514 3930; x_wconf 88' lang='lat' dir='ltr'><strong>habemus,</strong></span> <span class='ocrx_word' id='word_1_317' title='bbox 2562 3873 2736 3913; x_wconf 83' lang='lat' dir='ltr'><strong>versu</strong></span> 
     </span>
    </p>
   </div>
   <div class='ocr_carea' id='block_1_8' title="bbox 653 3981 2459 4082">
    <p class='ocr_par' dir='ltr' id='par_1_13' title="bbox 653 3981 2459 4082">
     <span class='ocr_line' id='line_1_40' title="bbox 653 3981 2459 4082; baseline 0 -34"><span class='ocrx_word' id='word_1_318' title='bbox 653 3996 775 4048; x_wconf 88' lang='grc' dir='ltr'><strong>τῶν</strong></span> <span class='ocrx_word' id='word_1_319' title='bbox 817 3981 904 4064; x_wconf 83' lang='grc' dir='ltr'><strong><em>δ’,</em></strong></span> <span class='ocrx_word' id='word_1_320' title='bbox 950 3985 1094 4048; x_wconf 75' lang='grc' dir='ltr'><strong><em>ὅσον</em></strong></span> <span class='ocrx_word' id='word_1_321' title='bbox 1136 3986 1213 4048; x_wconf 82' lang='grc' dir='ltr'><strong>ἐκ</strong></span> <span class='ocrx_word' id='word_1_322' title='bbox 1258 3997 1458 4082; x_wconf 75' lang='grc' dir='ltr'><strong><em>νηῶν</em></strong></span> <span class='ocrx_word' id='word_1_323' title='bbox 1498 3983 1643 4049; x_wconf 80' lang='grc' dir='ltr'><strong><em>άπὸ</em></strong></span> <span class='ocrx_word' id='word_1_324' title='bbox 1686 3989 1967 4068; x_wconf 86' lang='grc' dir='ltr'><strong><em>πύργου</em></strong></span> <span class='ocrx_word' id='word_1_325' title='bbox 2010 3986 2236 4067; x_wconf 84' lang='grc' dir='ltr'><strong><em>τάφρος</em></strong></span> <span class='ocrx_word' id='word_1_326' title='bbox 2281 3987 2459 4068; x_wconf 85' lang='grc' dir='ltr'><strong><em>ἔεργε,</em></strong></span> 
     </span>
    </p>
   </div>
   <div class='ocr_carea' id='block_1_9' title="bbox 398 4107 2736 4525">
    <p class='ocr_par' dir='ltr' id='par_1_14' title="bbox 398 4107 2736 4525">
     <span class='ocr_line' id='line_1_41' title="bbox 400 4107 2736 4186; baseline 0 -21"><span class='ocrx_word' id='word_1_327' title='bbox 400 4107 656 4182; x_wconf 88' lang='lat' dir='ltr'><strong>amplius</strong></span> <span class='ocrx_word' id='word_1_328' title='bbox 690 4107 1001 4168; x_wconf 87' lang='lat' dir='ltr'><strong>dicendum</strong></span> <span class='ocrx_word' id='word_1_329' title='bbox 1033 4111 1140 4169; x_wconf 86' lang='lat' dir='ltr'><strong>est.</strong></span> <span class='ocrx_word' id='word_1_330' title='bbox 1221 4108 1333 4179; x_wconf 85' lang='lat' dir='ltr'><strong>Qui</strong></span> <span class='ocrx_word' id='word_1_331' title='bbox 1378 4130 1526 4186; x_wconf 84' lang='lat' dir='ltr'><strong>quas</strong></span> <span class='ocrx_word' id='word_1_332' title='bbox 1573 4111 1967 4185; x_wconf 87' lang='lat' dir='ltr'><strong>interpretum</strong></span> <span class='ocrx_word' id='word_1_333' title='bbox 2011 4128 2147 4169; x_wconf 87' lang='lat' dir='ltr'><strong>cum</strong></span> <span class='ocrx_word' id='word_1_334' title='bbox 2190 4111 2575 4186; x_wconf 87' lang='lat' dir='ltr'><strong>antiquorum</strong></span> <span class='ocrx_word' id='word_1_335' title='bbox 2606 4112 2736 4167; x_wconf 89' lang='lat' dir='ltr'><strong>tum</strong></span> 
     </span>
     <span class='ocr_line' id='line_1_42' title="bbox 400 4193 2735 4272; baseline 0.001 -23"><span class='ocrx_word' id='word_1_336' title='bbox 400 4193 793 4252; x_wconf 85' lang='lat' dir='ltr'><strong>recentiorum</strong></span> <span class='ocrx_word' id='word_1_337' title='bbox 853 4195 1058 4254; x_wconf 85' lang='lat' dir='ltr'><strong>turbas</strong></span> <span class='ocrx_word' id='word_1_338' title='bbox 1111 4195 1486 4266; x_wconf 82' lang='lat' dir='ltr'><strong>excitaverit,</strong></span> <span class='ocrx_word' id='word_1_339' title='bbox 1557 4195 1757 4272; x_wconf 91' lang='lat' dir='ltr'><strong>legere</strong></span> <span class='ocrx_word' id='word_1_340' title='bbox 1822 4194 1978 4269; x_wconf 89' lang='lat' dir='ltr'><strong>apud</strong></span> <span class='ocrx_word' id='word_1_341' title='bbox 2048 4196 2211 4270; x_wconf 89' lang='lat' dir='ltr'><strong>ipsos</strong></span> <span class='ocrx_word' id='word_1_342' title='bbox 2267 4194 2567 4253; x_wconf 87' lang='lat' dir='ltr'><strong>difficilius</strong></span> <span class='ocrx_word' id='word_1_343' title='bbox 2624 4196 2735 4263; x_wconf 90' lang='lat' dir='ltr'><strong>est,</strong></span> 
     </span>
     <span class='ocr_line' id='line_1_43' title="bbox 398 4279 2736 4355; baseline 0 -21"><span class='ocrx_word' id='word_1_344' title='bbox 398 4297 575 4351; x_wconf 89' lang='lat' dir='ltr'><strong>quam</strong></span> <span class='ocrx_word' id='word_1_345' title='bbox 631 4298 780 4353; x_wconf 89' lang='lat' dir='ltr'><strong>quae</strong></span> <span class='ocrx_word' id='word_1_346' title='bbox 836 4280 1087 4355; x_wconf 90' lang='lat' dir='ltr'><strong>singulis</strong></span> <span class='ocrx_word' id='word_1_347' title='bbox 1155 4280 1491 4354; x_wconf 90' lang='lat' dir='ltr'><strong>placuerint</strong></span> <span class='ocrx_word' id='word_1_348' title='bbox 1546 4279 1909 4352; x_wconf 87' lang='lat' dir='ltr'><strong>sententiae,</strong></span> <span class='ocrx_word' id='word_1_349' title='bbox 1974 4279 2258 4337; x_wconf 86' lang='lat' dir='ltr'><strong>refutare.</strong></span> <span class='ocrx_word' id='word_1_350' title='bbox 2348 4279 2558 4353; x_wconf 89' lang='lat' dir='ltr'><strong>Itaque</strong></span> <span class='ocrx_word' id='word_1_351' title='bbox 2624 4279 2736 4336; x_wconf 92' lang='lat' dir='ltr'><strong>hoc</strong></span> 
     </span>
     <span class='ocr_line' id='line_1_44' title="bbox 400 4362 2731 4437; baseline 0.001 -19"><span class='ocrx_word' id='word_1_352' title='bbox 400 4362 562 4435; x_wconf 82' lang='lat' dir='ltr'><strong>aliis,</strong></span> <span class='ocrx_word' id='word_1_353' title='bbox 609 4362 825 4437; x_wconf 90' lang='lat' dir='ltr'><strong>quibus</strong></span> <span class='ocrx_word' id='word_1_354' title='bbox 872 4366 1100 4423; x_wconf 89' lang='lat' dir='ltr'><strong>animus</strong></span> <span class='ocrx_word' id='word_1_355' title='bbox 1147 4368 1239 4423; x_wconf 89' lang='lat' dir='ltr'><strong>est</strong></span> <span class='ocrx_word' id='word_1_356' title='bbox 1281 4366 1480 4423; x_wconf 87' lang='lat' dir='ltr'><strong>inania</strong></span> <span class='ocrx_word' id='word_1_357' title='bbox 1526 4364 1851 4424; x_wconf 89' lang='lat' dir='ltr'><strong>disiciendo</strong></span> <span class='ocrx_word' id='word_1_358' title='bbox 1896 4363 2132 4422; x_wconf 88' lang='lat' dir='ltr'><strong>laudem</strong></span> <span class='ocrx_word' id='word_1_359' title='bbox 2181 4365 2481 4437; x_wconf 85' lang='lat' dir='ltr'><strong>invenire,</strong></span> <span class='ocrx_word' id='word_1_360' title='bbox 2541 4363 2731 4421; x_wconf 91' lang='lat' dir='ltr'><strong>liben-</strong></span> 
     </span>
     <span class='ocr_line' id='line_1_45' title="bbox 400 4447 2735 4525; baseline 0.001 -20"><span class='ocrx_word' id='word_1_361' title='bbox 400 4447 632 4505; x_wconf 85' lang='lat' dir='ltr'><strong>tissime</strong></span> <span class='ocrx_word' id='word_1_362' title='bbox 689 4448 991 4525; x_wconf 82' lang='lat' dir='ltr'><strong>relinque,</strong></span> <span class='ocrx_word' id='word_1_363' title='bbox 1051 4450 1196 4509; x_wconf 88' lang='lat' dir='ltr'><strong>satis</strong></span> <span class='ocrx_word' id='word_1_364' title='bbox 1253 4449 1443 4508; x_wconf 89' lang='lat' dir='ltr'><strong>habeo</strong></span> <span class='ocrx_word' id='word_1_365' title='bbox 1501 4450 1813 4509; x_wconf 85' lang='lat' dir='ltr'><strong>adnotasse</strong></span> <span class='ocrx_word' id='word_1_366' title='bbox 1867 4452 1929 4508; x_wconf 84' lang='lat' dir='ltr'><strong>et</strong></span> <span class='ocrx_word' id='word_1_367' title='bbox 1970 4449 2381 4508; x_wconf 87' lang='lat' dir='ltr'><strong>Aristarchum</strong></span> <span class='ocrx_word' id='word_1_368' title='bbox 2439 4450 2503 4507; x_wconf 91' lang='lat' dir='ltr'><strong>in</strong></span> <span class='ocrx_word' id='word_1_369' title='bbox 2548 4448 2735 4507; x_wconf 88' lang='lat' dir='ltr'><strong>altera</strong></span> 
     </span>
    </p>
   </div>
   <div class='ocr_carea' id='block_1_10' title="bbox 527 4754 668 4857">
    <p class='ocr_par' dir='ltr' id='par_1_15' title="bbox 527 4754 668 4857">
     <span class='ocr_line' id='line_1_46' title="bbox 527 4754 668 4857; baseline 0 -8"><span class='ocrx_word' id='word_1_370' title='bbox 527 4754 668 4857; x_wconf 47' lang='grc' dir='ltr'>Ἣ</span> 
     </span>
    </p>
   </div>
  </div>
 </body>
</html>
