3132 5129
1388 392 1843 454 -130—

448 543 859 625 σμερδαλέα
917 544 1101 623 ιὀἱχων
1156 551 1218 606 et
1270 543 1416 626 μέγα
1469 542 1526 605 δ’
1588 544 1854 605 ἔκτυπε
1912 546 2152 622 μητίετα
2211 543 2367 617 Ζεύς
2416 549 2468 605 Ο
2513 550 2633 607 377
2685 547 2789 621 (ef.

450 634 502 689 P
525 635 668 692 595.
715 654 762 707 φ
793 633 944 707 413)
978 633 1291 706 conflavit,
1340 634 1667 691 clausulam
1712 653 1779 691 ex
1826 653 1858 708 χ
1890 635 1970 689 42
2013 633 2268 708 aliisque
2298 633 2445 692 locis
2474 635 2789 708 surripuit.

445 719 542 777 Ad
588 720 713 777 480
757 721 819 776 et
862 719 979 775 481
1032 718 1469 776 concinnandos
1512 718 1786 793 pluribus
1830 737 1973 776 usus
2018 721 2140 776 est:
2190 718 2451 793 primum
2495 719 2795 777 succurrit

453 804 664 862 Ψ218
712 822 839 878 sqq.
903 798 939 859 ὃ
996 798 1061 859 δὲ
1117 798 1505 877 πάννυχος
1564 835 1646 844 --
1706 799 1771 860 ἐκ
1827 808 2115 879 κρητῆρος
2176 797 2326 859 ἑλών
2381 798 2615 872 δέπας
2664 798 2789 882 -Ι

446 878 652 944 οἶνον
716 881 1143 961 ἀφυσσάμενος
1215 885 1526 963 χαμάδις
1608 883 1759 963 χέε,
1835 888 2082 946 fortasse
2155 888 2332 945 etiam
2399 887 2464 944 Ω.
2507 888 2629 947 284
2694 907 2791 962 sq.

445 963 654 1029 οἶνον
709 966 906 1049 ἔχουσ’
967 1005 1049 1014 -
1097 968 1162 1029 ἐν
1215 967 1465 1046 δέπαϊ,
1534 968 1694 1046 ὄφρα
1749 971 2110 1044 λείψαντε
2165 970 2394 1047 κιοίτην
2450 976 2510 1030 et
2568 973 2627 1027 Γ
2664 973 2793 1030 300

445 1053 764 1132 χαμάδις
818 1052 970 1131 ῥέοι,
1027 1050 1110 1126 ὥς
1165 1050 1272 1115 ὅδε
1328 1047 1506 1127 οἶνος.
1612 1057 1764 1114 Τιιιιι
1822 1057 2070 1115 aderant
2124 1058 2295 1132 talia,
2359 1057 2532 1131 quale
2579 1055 2631 1113 Ο
2665 1059 2791 1114 714

447 1138 522 1200 ἐκ
567 1149 780 1217 χειρων
822 1138 1141 1219 χαμάδις
1187 1137 1402 1210 πέσον;
1446 1161 1555 1200 nec
1601 1135 1742 1198 οὐδέ
1786 1162 1871 1211 τις
1904 1136 2080 1216 ἔτλη
2064 1161 2127 1200 ιιι
2160 1143 2277 1200 fine
2307 1142 2566 1216 positum
2595 1141 2791 1216 pluri-

444 1227 556 1285 bus
602 1231 765 1285 caret
808 1227 1095 1302 exemplis
1142 1229 1211 1284 ut
1255 1229 1314 1283 A
1346 1227 1487 1285 534.
1578 1227 1811 1302 Duplex
1856 1224 2029 1303 πρίν,
2076 1227 2233 1302 quod
2280 1228 2624 1285 removebat
2653 1227 2790 1284 Ari-

445 1312 714 1370 starchus
761 1312 1074 1371 scribendo
1119 1306 1421 1386 πιέμεναι,
1467 1331 1537 1369 ex
1584 1309 1640 1372 Ξ
1661 1314 1741 1370 46
1774 1331 1865 1386 sq.
1912 1311 2295 1386 adsumptum
2328 1330 2456 1370 esse
2487 1311 2604 1369 iam
2637 1314 2792 1369 anti-

444 1399 545 1472 qui
604 1400 995 1468 notaverunt3
1064 1399 1271 1469 λεῖψαι
1327 1396 1531 1454 eadem
1586 1396 1649 1454 in
1704 1415 1912 1455 versus
1972 1397 2109 1455 sede
2164 1419 2205 1472 μ
2250 1397 2403 1470 362,
2472 1389 2790 1472 ὑπερμενέι

448 1479 745 1557 Κρονίωνι
793 1484 840 1538 Β
874 1483 996 1540 403
1057 1484 1119 1539 et
1176 1481 1314 1538 alibi
1372 1481 1613 1556 legitur.
1705 1479 2018 1540 Postremo
2063 1482 2186 1540 482
2246 1500 2381 1540 cum
2432 1480 2469 1535 I
2498 1482 2616 1539 713
2661 1498 2791 1536 κοι-

444 1560 710 1641 μήσαντο
754 1562 855 1623 καὶ
899 1561 1098 1623 ὕπνου
1146 1563 1337 1642 δῶρον
1380 1561 1581 1622 ἕλοντο
1625 1566 1918 1642 congruit.
2013 1566 2350 1624 Zenodotus
2408 1569 2470 1623 et
2526 1565 2681 1624 hunc
2728 1570 2792 1624 et

445 1652 701 1726 primum
748 1651 1050 1725 sequentis
1095 1651 1237 1708 libri
1283 1670 1517 1709 versum
1564 1650 1832 1709 sustulit.

614 1735 793 1794 Vides
842 1735 914 1794 de
961 1736 1065 1793 vili
1112 1737 1286 1794 huius
1331 1735 1613 1793 materiae
1659 1735 1856 1795 indole
1904 1734 2165 1793 dubitari
2196 1755 2313 1794 non
2348 1754 2540 1810 posse.
2599 1735 2790 1810 Nihil,

444 1820 548 1878 ubi
608 1820 787 1894 paulo
844 1819 1089 1878 liberius
1150 1821 1502 1894 compilator
1555 1823 1829 1879 versatus
1896 1824 2015 1894 est,
2085 1821 2340 1879 inveniri
2408 1823 2611 1894 potest
2670 1820 2794 1878 nisi

445 1925 499 1963 v.
533 1905 868 1962 331—343
915 1908 976 1962 et
1018 1906 1386 1978 428—441,
1434 1905 1649 1979 quibus
1695 1905 1967 1964 versibus
2011 1906 2084 1963 de
2129 1907 2382 1964 mortuis
2427 1904 2791 1980 sepeliendis

443 1993 622 2064 atque
668 1990 1053 2048 munimentis
1098 1990 1470 2048 exstruendis
1516 1990 1773 2064 primum
1804 1989 2078 2048 Nestoris
2122 1990 2447 2049 admonitio
2497 1994 2626 2048 tum
2655 1990 2792 2064 ipsa

446 2075 706 2132 narratio
740 2075 1097 2133 continetur.
1168 2074 1284 2132 Sed
1316 2092 1389 2132 ne
1421 2073 1519 2132 hic
1549 2074 1789 2149 quidem
1822 2093 1988 2132 suam
2032 2074 2202 2132 illum
2248 2075 2482 2134 exuisse
2512 2077 2788 2132 naturam

444 2159 604 2217 infra
646 2160 985 2234 apparebit,
1034 2159 1137 2216 ubi
1183 2159 1481 2234 copiosius
1525 2159 1597 2216 de
1643 2159 1853 2216 horum
1899 2178 2173 2217 versuum
2218 2160 2465 2218 consilio
2509 2164 2571 2218 et
2614 2178 2788 2234 argu-

444 2246 646 2303 mento
693 2244 1020 2302 disserendi
1075 2244 1237 2302 locus
1297 2243 1428 2301 erit.
1520 2243 1753 2319 Singuli
1812 2247 2119 2318 praeterea
2162 2246 2263 2319 qui
2309 2247 2540 2303 restant
2581 2262 2793 2302 versus

449 2330 680 2386 tantum
712 2347 832 2386 non
865 2346 1068 2386 omnes
1099 2328 1348 2401 habent,
1397 2347 1513 2403 quo
1544 2329 1803 2402 aliquem
1834 2329 2174 2398 scrupulum
2206 2329 2473 2387 iniciant.
2540 2328 2633 2386 Ita
2664 2329 2789 2386 352

745 2443 1114 2520 ψευσάμενοι
1157 2442 1536 2521 μαχόμεσθα·
1585 2451 1665 2526 τῷ
1708 2442 1783 2503 οὕ
1827 2443 1905 2504 νύ
1953 2467 2006 2503 τι
2049 2442 2281 2523 κέρδιον
2322 2440 2471 2523 ἡμῖν

445 2586 506 2640 et
550 2583 800 2641 verbum
844 2584 1040 2656 prima
1084 2581 1221 2640 sede
1265 2583 1526 2656 positum
1586 2582 1695 2641 hoc
1742 2601 1858 2640 uno
1904 2583 2035 2641 loco
2081 2583 2230 2641 mire
2276 2603 2408 2641 cum
2453 2583 2792 2642 accusativo

442 2661 619 2743 ὅρκια
663 2664 841 2726 πιστά
889 2667 1302 2741 coniungitur,
1349 2685 1458 2724 nec
1488 2668 1633 2725 satis
1664 2671 1802 2741 apte
1833 2667 1907 2724 ad
1941 2667 2209 2726 fallacem
2240 2669 2490 2726 aliorum
2522 2668 2791 2726 locorum

442 2751 900 2809 similitudinem
932 2752 1263 2810 confectam
1308 2770 1438 2809 esse
1482 2751 1805 2809 clausulam
1850 2753 2038 2811 sensit
2081 2752 2503 2827 interpolator,
2549 2754 2653 2827 qui
2699 2753 2793 2809 in·

442 2836 838 2895 salsissimum
885 2854 1121 2894 versum
1168 2835 1376 2894 allevit

744 2949 988 3029 ἔλπομαι
1034 2949 1435 3030 ἐκτελέεσθαι,
1482 2950 1587 3011 ἵνα
1630 2950 1709 3030 μὴ
1758 2949 2000 3031 ῥέξομεν
2048 2939 2182 3030 ὦδε,

442 3089 606 3148 cuius
652 3089 724 3146 de
768 3088 931 3147 vitiis
976 3088 1201 3147 sufficit
1229 3088 1555 3148 Aristonici
1601 3093 1803 3148 notam
1849 3090 2263 3165 adscripsisse.
2310 3084 2648 3164 ἆθετεῑται,
2693 3109 2792 3146 οτι

439 3188 738 3249 αγνοησας
797 3194 884 3242 τις
947 3193 1038 3229 οτι
1092 3167 1434 3231 ὑπακοῦσαι
1479 3172 1576 3231 δεῖ
1624 3180 1702 3255 τῷ
1757 3170 1844 3231 οὕ
1907 3171 1994 3232 νύ
2042 3196 2103 3231 τι
2148 3170 2447 3251 κέρδιον
2488 3168 2676 3249 ἡμῖν
2721 3166 2789 3230 τὸ

442 3253 631 3331 ἔσται,
690 3252 772 3327 ὡς
830 3252 1190 3328 ἐλλείποντος
1251 3264 1353 3315 τοῦ
1399 3255 1577 3336 λόγου
1623 3255 2217 3336 προσανεπληρωσεν·
2264 3279 2363 3316 και
2407 3254 2498 3315 ὅτι
2542 3255 2687 3315 τὸ“
2654 3280 2673 3315 ι
2699 3278 2784 3315 να

439 3336 547 3418 οὐχ
585 3337 917 3420 Ὁμηρικοῖς
961 3341 1352 3418 παρείληπται
1395 3337 1526 3401 ἆντι
1573 3351 1677 3401 τοῦ
1725 3339 1873 3403 ἕιίν.

610 3428 679 3485 Ιιι
725 3428 977 3502 abrupto
1022 3428 1328 3486 Diomedis
1374 3427 1692 3487 interdicto
1738 3430 1864 3487 400
1908 3449 1995 3503 sq.

742 3539 879 3621 μήτ’
927 3564 1006 3617 αρ
1051 3566 1136 3614 τις
1184 3551 1300 3603 νῦν
1344 3540 1591 3621 κτήματ’
1636 3540 2044 3642 Ἀλεξάνδροιο
2088 3542 2357 3621 δεχέσθω

742 3624 898 3706 μήθ’
938 3624 1212 3703 Ἑλένην·
1259 3627 1547 3707 γνωτὸν
1595 3626 1689 3705 δέ,
1734 3652 1834 3688 και
1877 3652 1938 3701 ος
1984 3626 2138 3705 μαλα
2186 3624 2396 3707 νήπιός
2443 3627 2622 3706 ἐστιν,

345 3775 406 3821 14
450 3766 776 3824 insolenter
803 3767 1065 3840 positum
1111 3785 1235 3825 esse
1265 3762 1524 3841 γνωτόν,
1574 3766 1731 3842 quod
1762 3767 2125 3827 commodius
2154 3768 2303 3827 adeo
2335 3787 2381 3824 ω
2418 3768 2534 3827 182
2566 3768 2793 3842 legitur

744 3871 972 3961 γνωτὸν
1016 3876 1074 3939 δ’
1119 3873 1228 3959 ἦν,
1272 3875 1305 3941 ὅ
1350 3877 1428 3960 ροἷ
1473 3882 1559 3954 τίς
1607 3900 1714 3960 σφι
1757 3889 1932 3944 θεῶν
1976 3881 2370 3964 ἐπιτάρροθος
2415 3875 2554 3962 ἦεν,

442 4021 557 4076 iam
604 4020 646 4076 ii
690 4019 1116 4078 Intellexerunt
1160 4039 1228 4077 ex
1274 4021 1566 4095 antiquis,
1615 4024 1715 4097 qui
1763 4042 1869 4096 pro
1914 4041 1982 4081 eo
2026 4018 2270 4099 γνώτω
2314 4023 2697 4097 scripserunt.

614 4103 764 4160 Tum
811 4106 937 4162 410
979 4123 1136 4163 nova
1190 4109 1283 4162 est
1335 4109 1396 4162 et
1450 4106 1720 4166 inaudita
1763 4107 1981 4166 locutio
2024 4103 2260 4182 πυρὸς
2304 4102 2786 4181 μειλισσέμεν

445 4207 570 4277 ωκα
601 4188 835 4246 detorta
864 4209 934 4247 ex
964 4208 1053 4262 ea,
1085 4208 1260 4264 quam
1294 4208 1475 4263 supra
1505 4191 1822 4250 habuimus
1855 4193 1931 4249 79
1950 4210 2037 4266 sq.
2072 4218 2153 4239 ==
2189 4192 2250 4247 X
2278 4194 2398 4249 ¹342
2418 4211 2505 4266 sq
2539 4187 2749 4290 nv96'
2753 4213 2785 4260 ς

443 4290 514 4347 με
560 4305 638 4313 --
686 4270 971 4347 λελάχωσι
1015 4269 1303 4333 θανόντα.
1393 4275 1545 4349 Nec,
1604 4277 1653 4334 si
1699 4281 1926 4335 ceteros
1970 4277 2157 4350 locos,
2217 4278 2277 4334 in
2322 4276 2538 4351 quibus
2584 4269 2785 4352 ἀμφό-

444 4376 612 4434 τερον
655 4357 874 4433 legitur
924 4391 995 4400 —
1051 4363 1104 4413 Δ
1137 4362 1217 4418 60
1246 4386 1328 4407 ===
1358 4360 1420 4414 Σ
1446 4362 1590 4421 365.
1653 4362 1707 4415 A
1742 4362 1880 4419 145.
1938 4361 2003 4415 N
2035 4363 2183 4436 166,
2233 4362 2263 4433 ξ
2296 4363 2441 4421 505.
2499 4380 2531 4417 ο
2564 4361 2644 4419 78
2682 4393 2747 4402 -

444 4444 1006 4517 comparaverimus,
1055 4444 1440 4519 probabimus
1485 4445 1675 4503 nostri
1720 4464 1777 4503 v.
1826 4446 1943 4502 417
1980 4465 2066 4520 sq.
