<?xml version="1.0" encoding="UTF-8"?>
<!DOCTYPE html PUBLIC "-//W3C//DTD XHTML 1.0 Transitional//EN"
    "http://www.w3.org/TR/xhtml1/DTD/xhtml1-transitional.dtd">
<html xmlns="http://www.w3.org/1999/xhtml" xml:lang="en" lang="en">
 <head>
  <title>
</title>
<meta http-equiv="Content-Type" content="text/html;charset=utf-8" />
  <meta name='ocr-system' content='tesseract 3.04.00' />
  <meta name='ocr-capabilities' content='ocr_page ocr_carea ocr_par ocr_line ocrx_word'/>
</head>
<body>
  <div class='ocr_page' id='page_1' title='image "./opusculaphilolo00koecgoog_0508.png"; bbox 0 0 3132 5129; ppageno 0'>
   <div class='ocr_carea' id='block_1_1' title="bbox 399 3363 464 3408">
    <p class='ocr_par' dir='ltr' id='par_1_1' title="bbox 399 3363 464 3408">
     <span class='ocr_line' id='line_1_1' title="bbox 399 3363 464 3408; baseline 0 0"><span class='ocrx_word' id='word_1_1' title='bbox 399 3363 464 3408; x_wconf 80' lang='lat'>34</span> 
     </span>
    </p>
   </div>
   <div class='ocr_carea' id='block_1_2' title="bbox 1441 310 1900 373">
    <p class='ocr_par' dir='ltr' id='par_1_2' title="bbox 1441 310 1900 373">
     <span class='ocr_line' id='line_1_2' title="bbox 1441 310 1900 373; baseline 0.002 -1"><span class='ocrx_word' id='word_1_2' title='bbox 1441 310 1900 373; x_wconf 85' lang='lat'>—496—</span> 
     </span>
    </p>
   </div>
   <div class='ocr_carea' id='block_1_3' title="bbox 660 454 2846 1139">
    <p class='ocr_par' dir='ltr' id='par_1_3' title="bbox 660 454 2846 1139">
     <span class='ocr_line' id='line_1_3' title="bbox 662 454 2652 543; baseline 0.002 -21"><span class='ocrx_word' id='word_1_3' title='bbox 662 463 727 543; x_wconf 89' lang='grc' dir='ltr'>β’</span> <span class='ocrx_word' id='word_1_4' title='bbox 852 505 891 539; x_wconf 84' lang='lat'>,</span> <span class='ocrx_word' id='word_1_5' title='bbox 876 487 946 531; x_wconf 88' lang='grc' dir='ltr'><em>ω</em></span> <span class='ocrx_word' id='word_1_6' title='bbox 994 454 1136 522; x_wconf 88' lang='grc' dir='ltr'>Παν</span> <span class='ocrx_word' id='word_1_7' title='bbox 1179 459 1358 542; x_wconf 74' lang='grc' dir='ltr'><strong><em>Πάν,</em></strong></span> <span class='ocrx_word' id='word_1_8' title='bbox 1406 460 1516 523; x_wconf 86' lang='grc' dir='ltr'><strong><em>εἴτ’</em></strong></span> <span class='ocrx_word' id='word_1_9' title='bbox 1566 461 1688 522; x_wconf 77' lang='grc' dir='ltr'><strong><em>ἐσσι</em></strong></span> <span class='ocrx_word' id='word_1_10' title='bbox 1737 486 1844 522; x_wconf 79' lang='grc' dir='ltr'>κατ</span> <span class='ocrx_word' id='word_1_11' title='bbox 1921 484 2078 541; x_wconf 84' lang='grc' dir='ltr'><strong><em>ωρεα</em></strong></span> <span class='ocrx_word' id='word_1_12' title='bbox 2120 485 2318 542; x_wconf 87' lang='grc' dir='ltr'><strong><em>μακρα</em></strong></span> <span class='ocrx_word' id='word_1_13' title='bbox 2363 466 2652 541; x_wconf 85' lang='grc' dir='ltr'><strong><em>Λυκαίω,</em></strong></span> 
     </span>
     <span class='ocr_line' id='line_1_4' title="bbox 762 539 2616 654; baseline 0.002 -49"><span class='ocrx_word' id='word_1_14' title='bbox 762 546 879 606; x_wconf 82' lang='grc' dir='ltr'><strong><em>εἴτε</em></strong></span> <span class='ocrx_word' id='word_1_15' title='bbox 925 539 1049 628; x_wconf 75' lang='grc' dir='ltr'>τόγ’</span> <span class='ocrx_word' id='word_1_16' title='bbox 1098 543 1455 623; x_wconf 75' lang='grc' dir='ltr'><strong><em>ἅμφιπολεῖς</em></strong></span> <span class='ocrx_word' id='word_1_17' title='bbox 1499 545 1647 627; x_wconf 82' lang='grc' dir='ltr'><strong><em>με’γα</em></strong></span> <span class='ocrx_word' id='word_1_18' title='bbox 1695 548 2050 654; x_wconf 80' lang='grc' dir='ltr'><strong><em>Μαίναλον,</em></strong></span> <span class='ocrx_word' id='word_1_19' title='bbox 2096 544 2237 608; x_wconf 81' lang='grc' dir='ltr'><strong><em>ἔνθ’</em></strong></span> <span class='ocrx_word' id='word_1_20' title='bbox 2287 545 2381 609; x_wconf 77' lang='grc' dir='ltr'>ἐπὶ</span> <span class='ocrx_word' id='word_1_21' title='bbox 2427 559 2616 609; x_wconf 73' lang='grc' dir='ltr'><strong><em>νᾶσον</em></strong></span> 
     </span>
     <span class='ocr_line' id='line_1_5' title="bbox 762 627 2846 713; baseline 0 -22"><span class='ocrx_word' id='word_1_22' title='bbox 762 628 872 691; x_wconf 78' lang='grc' dir='ltr'>τὰν</span> <span class='ocrx_word' id='word_1_23' title='bbox 915 627 1205 710; x_wconf 67' lang='grc' dir='ltr'><strong><em>Σικελόν,</em></strong></span> <span class='ocrx_word' id='word_1_24' title='bbox 1241 630 1476 705; x_wconf 86' lang='grc' dir='ltr'><strong><em>Ελίκας</em></strong></span> <span class='ocrx_word' id='word_1_25' title='bbox 1523 630 1588 692; x_wconf 81' lang='grc' dir='ltr'>δὲ</span> <span class='ocrx_word' id='word_1_26' title='bbox 1632 630 1756 694; x_wconf 86' lang='grc' dir='ltr'><strong><em>λίπ’</em></strong></span> <span class='ocrx_word' id='word_1_27' title='bbox 1805 627 1978 713; x_wconf 82' lang='grc' dir='ltr'><strong><em>ἠρίον</em></strong></span> <span class='ocrx_word' id='word_1_28' title='bbox 2019 632 2168 693; x_wconf 84' lang='grc' dir='ltr'><strong><em>αἰπύ</em></strong></span> <span class='ocrx_word' id='word_1_29' title='bbox 2214 656 2274 693; x_wconf 91' lang='grc' dir='ltr'>τε</span> <span class='ocrx_word' id='word_1_30' title='bbox 2319 643 2478 712; x_wconf 81' lang='grc' dir='ltr'><strong><em>σᾶμα</em></strong></span> <span class='ocrx_word' id='word_1_31' title='bbox 2749 645 2846 692; x_wconf 70' lang='lat'>1525</span> 
     </span>
     <span class='ocr_line' id='line_1_6' title="bbox 759 711 2321 817; baseline 0 -42"><span class='ocrx_word' id='word_1_32' title='bbox 759 724 909 793; x_wconf 81' lang='grc' dir='ltr'><strong><em>τῆνο</em></strong></span> <span class='ocrx_word' id='word_1_33' title='bbox 954 718 1377 796; x_wconf 79' lang='grc' dir='ltr'><strong><em>Λυκαονίδαο,</em></strong></span> <span class='ocrx_word' id='word_1_34' title='bbox 1425 711 1488 777; x_wconf 85' lang='grc' dir='ltr'>τὸ</span> <span class='ocrx_word' id='word_1_35' title='bbox 1532 715 1634 777; x_wconf 82' lang='grc' dir='ltr'>καὶ</span> <span class='ocrx_word' id='word_1_36' title='bbox 1676 718 2041 795; x_wconf 78' lang='grc' dir='ltr'><strong><em>μακάρεσσιν</em></strong></span> <span class='ocrx_word' id='word_1_37' title='bbox 2083 712 2321 817; x_wconf 78' lang='grc' dir='ltr'><strong><em>ἄγατόν.</em></strong></span> 
     </span>
     <span class='ocr_line' id='line_1_7' title="bbox 844 795 2380 909; baseline -0.001 -47"><span class='ocrx_word' id='word_1_38' title='bbox 844 795 1041 881; x_wconf 78' lang='grc' dir='ltr'><strong><em>λήγετε</em></strong></span> <span class='ocrx_word' id='word_1_39' title='bbox 1056 803 1453 909; x_wconf 83' lang='grc' dir='ltr'><strong><em>βουκολικᾶς</em></strong></span> <span class='ocrx_word' id='word_1_40' title='bbox 1491 806 1729 862; x_wconf 82' lang='grc' dir='ltr'><strong><em>Μοῖσαι</em></strong></span> <span class='ocrx_word' id='word_1_41' title='bbox 1773 803 1859 862; x_wconf 82' lang='grc' dir='ltr'>ἴτε</span> <span class='ocrx_word' id='word_1_42' title='bbox 1902 799 2103 883; x_wconf 75' lang='grc' dir='ltr'><strong><em>λήγετ’</em></strong></span> <span class='ocrx_word' id='word_1_43' title='bbox 2150 798 2380 877; x_wconf 77' lang='grc' dir='ltr'><strong><em>αοιὸᾶς.</em></strong></span> 
     </span>
     <span class='ocr_line' id='line_1_8' title="bbox 660 880 2466 967; baseline 0.001 -22"><span class='ocrx_word' id='word_1_44' title='bbox 660 883 714 967; x_wconf 77' lang='grc' dir='ltr'>γ’</span> <span class='ocrx_word' id='word_1_45' title='bbox 845 883 984 947; x_wconf 76' lang='grc' dir='ltr'><strong><em>ἔνθ’</em></strong></span> <span class='ocrx_word' id='word_1_46' title='bbox 1032 881 1191 961; x_wconf 81' lang='grc' dir='ltr'><strong><em>ωναξ</em></strong></span> <span class='ocrx_word' id='word_1_47' title='bbox 1232 885 1334 947; x_wconf 86' lang='grc' dir='ltr'>καὶ</span> <span class='ocrx_word' id='word_1_48' title='bbox 1379 880 1556 948; x_wconf 69' lang='grc' dir='ltr'><strong><em>τάνδε</em></strong></span> <span class='ocrx_word' id='word_1_49' title='bbox 1602 880 1736 967; x_wconf 78' lang='grc' dir='ltr'>φέρ</span> <span class='ocrx_word' id='word_1_50' title='bbox 1786 885 2103 949; x_wconf 80' lang='grc' dir='ltr'><strong><em>εὖποὶκτοιο</em></strong></span> <span class='ocrx_word' id='word_1_51' title='bbox 2144 889 2466 967; x_wconf 77' lang='grc' dir='ltr'><strong><em>μελίπνουι</em></strong></span> 
     </span>
     <span class='ocr_line' id='line_1_9' title="bbox 761 969 2227 1053; baseline 0.001 -21"><span class='ocrx_word' id='word_1_52' title='bbox 761 970 825 1032; x_wconf 78' lang='grc' dir='ltr'>ἐκ</span> <span class='ocrx_word' id='word_1_53' title='bbox 869 973 1031 1052; x_wconf 84' lang='grc' dir='ltr'>καρῶ</span> <span class='ocrx_word' id='word_1_54' title='bbox 1074 972 1326 1053; x_wconf 78' lang='grc' dir='ltr'><strong><em>σύριγγα</em></strong></span> <span class='ocrx_word' id='word_1_55' title='bbox 1374 980 1561 1041; x_wconf 86' lang='grc' dir='ltr'><strong><em>καλῶς</em></strong></span> <span class='ocrx_word' id='word_1_56' title='bbox 1600 978 1928 1043; x_wconf 84' lang='grc' dir='ltr'><strong><em>καλάμοισιν</em></strong></span> <span class='ocrx_word' id='word_1_57' title='bbox 1965 969 2227 1034; x_wconf 79' lang='grc' dir='ltr'><strong><em>ἕλικταν·</em></strong></span> 
     </span>
     <span class='ocr_line' id='line_1_10' title="bbox 760 1056 2326 1139; baseline 0.002 -25"><span class='ocrx_word' id='word_1_58' title='bbox 760 1063 885 1114; x_wconf 82' lang='grc' dir='ltr'><strong><em>ἔνθ’</em></strong></span> <span class='ocrx_word' id='word_1_59' title='bbox 920 1062 1071 1139; x_wconf 71' lang='grc' dir='ltr'><strong><em>ὦναξ</em></strong></span> <span class='ocrx_word' id='word_1_60' title='bbox 1109 1065 1199 1116; x_wconf 75' lang='grc' dir='ltr'>καὶ</span> <span class='ocrx_word' id='word_1_61' title='bbox 1235 1064 1403 1138; x_wconf 67' lang='grc' dir='ltr'><strong><em>’τάνδε</em></strong></span> <span class='ocrx_word' id='word_1_62' title='bbox 1441 1056 1634 1118; x_wconf 73' lang='grc' dir='ltr'><strong><em>καλᾶν</em></strong></span> <span class='ocrx_word' id='word_1_63' title='bbox 1675 1056 1806 1137; x_wconf 89' lang='grc' dir='ltr'><strong><em>περι</em></strong></span> <span class='ocrx_word' id='word_1_64' title='bbox 1851 1063 2043 1136; x_wconf 81' lang='grc' dir='ltr'><strong><em>χεῖλος</em></strong></span> <span class='ocrx_word' id='word_1_65' title='bbox 2088 1065 2326 1131; x_wconf 82' lang='grc' dir='ltr'>ἐρείδων</span> 
     </span>
    </p>
   </div>
   <div class='ocr_carea' id='block_1_4' title="bbox 764 1173 2412 1243">
    <p class='ocr_par' dir='ltr' id='par_1_4' title="bbox 764 1173 2412 1243">
     <span class='ocr_line' id='line_1_11' title="bbox 764 1173 2412 1243; baseline 0.001 -18"><span class='ocrx_word' id='word_1_66' title='bbox 764 1173 1097 1235; x_wconf 83' lang='grc' dir='ltr'><strong><em>βουκολικὰν</em></strong></span> <span class='ocrx_word' id='word_1_67' title='bbox 1133 1173 1397 1240; x_wconf 81' lang='grc' dir='ltr'><strong>πυμάταν</strong></span> <span class='ocrx_word' id='word_1_68' title='bbox 1432 1174 1500 1226; x_wconf 86' lang='grc' dir='ltr'>τὺ</span> <span class='ocrx_word' id='word_1_69' title='bbox 1539 1173 1798 1239; x_wconf 77' lang='grc' dir='ltr'><strong><em>μελίσδεό</em></strong></span> <span class='ocrx_word' id='word_1_70' title='bbox 1836 1190 1926 1237; x_wconf 88' lang='grc' dir='ltr'><strong><em>μοι</em></strong></span> <span class='ocrx_word' id='word_1_71' title='bbox 1963 1174 2121 1241; x_wconf 86' lang='grc' dir='ltr'><strong><em>χάριν</em></strong></span> <span class='ocrx_word' id='word_1_72' title='bbox 2158 1176 2312 1243; x_wconf 80' lang='grc' dir='ltr'><strong><em>ᾠδάν</em></strong></span> <span class='ocrx_word' id='word_1_73' title='bbox 2350 1206 2412 1212; x_wconf 88' lang='grc'><strong>-</strong></span> 
     </span>
    </p>
   </div>
   <div class='ocr_carea' id='block_1_5' title="bbox 657 1262 2844 2379">
    <p class='ocr_par' dir='ltr' id='par_1_5' title="bbox 657 1262 2844 2379">
     <span class='ocr_line' id='line_1_12' title="bbox 759 1262 2843 1377; baseline 0 -40"><span class='ocrx_word' id='word_1_74' title='bbox 759 1262 798 1353; x_wconf 76' lang='grc' dir='ltr'><strong><em>ἦ</em></strong></span> <span class='ocrx_word' id='word_1_75' title='bbox 841 1301 955 1377; x_wconf 77' lang='grc' dir='ltr'>γαρ</span> <span class='ocrx_word' id='word_1_76' title='bbox 1001 1268 1153 1355; x_wconf 79' lang='grc' dir='ltr'><strong><em>ἕρων</em></strong></span> <span class='ocrx_word' id='word_1_77' title='bbox 1196 1268 1303 1337; x_wconf 74' lang='grc' dir='ltr'>ὑπ’</span> <span class='ocrx_word' id='word_1_78' title='bbox 1339 1278 1602 1359; x_wconf 77' lang='grc' dir='ltr'><strong><em>’Ἑρωτος</em></strong></span> <span class='ocrx_word' id='word_1_79' title='bbox 1646 1275 1704 1351; x_wconf 71' lang='grc' dir='ltr'>ἐς</span> <span class='ocrx_word' id='word_1_80' title='bbox 1737 1278 1940 1351; x_wconf 81' lang='grc' dir='ltr'><strong><em>’Ἇιόος</em></strong></span> <span class='ocrx_word' id='word_1_81' title='bbox 1985 1276 2225 1357; x_wconf 75' lang='grc' dir='ltr'><strong><em>ἕλκομαι</em></strong></span> <span class='ocrx_word' id='word_1_82' title='bbox 2269 1272 2386 1357; x_wconf 77' lang='grc' dir='ltr'>ἤδη</span> <span class='ocrx_word' id='word_1_83' title='bbox 2435 1315 2508 1323; x_wconf 90' lang='grc'><strong>-</strong></span> <span class='ocrx_word' id='word_1_84' title='bbox 2748 1291 2843 1338; x_wconf 80' lang='lat'>130</span> 
     </span>
     <span class='ocr_line' id='line_1_13' title="bbox 845 1357 2378 1442; baseline 0.002 -23"><span class='ocrx_word' id='word_1_85' title='bbox 845 1357 1044 1441; x_wconf 75' lang='grc' dir='ltr'><strong><em>λήγετε</em></strong></span> <span class='ocrx_word' id='word_1_86' title='bbox 1086 1365 1444 1442; x_wconf 85' lang='grc' dir='ltr'><strong><em>βουκολικας</em></strong></span> <span class='ocrx_word' id='word_1_87' title='bbox 1490 1367 1723 1423; x_wconf 81' lang='grc' dir='ltr'><strong><em>Μοῖσαι</em></strong></span> <span class='ocrx_word' id='word_1_88' title='bbox 1769 1363 1853 1423; x_wconf 86' lang='grc' dir='ltr'>ἴτε</span> <span class='ocrx_word' id='word_1_89' title='bbox 1902 1359 2096 1442; x_wconf 80' lang='grc' dir='ltr'><strong><em>λήγετ’</em></strong></span> <span class='ocrx_word' id='word_1_90' title='bbox 2141 1360 2378 1442; x_wconf 76' lang='grc' dir='ltr'><strong><em>ἀοιδᾶς,</em></strong></span> 
     </span>
     <span class='ocr_line' id='line_1_14' title="bbox 669 1443 2587 1543; baseline 0.001 -36"><span class='ocrx_word' id='word_1_91' title='bbox 669 1445 722 1527; x_wconf 85' lang='grc' dir='ltr'>γ’</span> <span class='ocrx_word' id='word_1_92' title='bbox 853 1451 991 1507; x_wconf 74' lang='grc' dir='ltr'>ινῦν</span> <span class='ocrx_word' id='word_1_93' title='bbox 1040 1448 1105 1508; x_wconf 76' lang='grc' dir='ltr'>ἴα</span> <span class='ocrx_word' id='word_1_94' title='bbox 1147 1447 1260 1527; x_wconf 78' lang='grc' dir='ltr'>μὲν</span> <span class='ocrx_word' id='word_1_95' title='bbox 1301 1447 1570 1525; x_wconf 81' lang='grc' dir='ltr'><strong><em>φορέοιτε</em></strong></span> <span class='ocrx_word' id='word_1_96' title='bbox 1613 1447 1814 1543; x_wconf 76' lang='grc' dir='ltr'><strong><em>βάτοι,</em></strong></span> <span class='ocrx_word' id='word_1_97' title='bbox 1860 1448 2126 1529; x_wconf 81' lang='grc' dir='ltr'><strong><em>φορέοιτε</em></strong></span> <span class='ocrx_word' id='word_1_98' title='bbox 2171 1447 2233 1508; x_wconf 80' lang='grc' dir='ltr'>δ’</span> <span class='ocrx_word' id='word_1_99' title='bbox 2279 1443 2587 1526; x_wconf 81' lang='grc' dir='ltr'><strong><em>ακαιθαι,</em></strong></span> 
     </span>
     <span class='ocr_line' id='line_1_15' title="bbox 758 1525 2346 1613; baseline 0.002 -23"><span class='ocrx_word' id='word_1_100' title='bbox 758 1525 797 1590; x_wconf 81' lang='grc' dir='ltr'><em>ἆ</em></span> <span class='ocrx_word' id='word_1_101' title='bbox 843 1530 908 1593; x_wconf 80' lang='grc' dir='ltr'>δὲ</span> <span class='ocrx_word' id='word_1_102' title='bbox 952 1531 1102 1593; x_wconf 85' lang='grc' dir='ltr'><strong><em>καλα</em></strong></span> <span class='ocrx_word' id='word_1_103' title='bbox 1146 1528 1467 1608; x_wconf 78' lang='grc' dir='ltr'><strong><em>νάρκισσος</em></strong></span> <span class='ocrx_word' id='word_1_104' title='bbox 1514 1530 1613 1593; x_wconf 75' lang='grc' dir='ltr'>ἐπ’</span> <span class='ocrx_word' id='word_1_105' title='bbox 1661 1528 2021 1613; x_wconf 77' lang='grc' dir='ltr'><strong><em>ἀρκεύθοισι</em></strong></span> <span class='ocrx_word' id='word_1_106' title='bbox 2066 1526 2346 1611; x_wconf 73' lang='grc' dir='ltr'><strong><em>κομάσαι·</em></strong></span> 
     </span>
     <span class='ocr_line' id='line_1_16' title="bbox 754 1612 2584 1698; baseline 0.001 -23"><span class='ocrx_word' id='word_1_107' title='bbox 754 1638 950 1677; x_wconf 85' lang='grc' dir='ltr'><strong><em>παντα</em></strong></span> <span class='ocrx_word' id='word_1_108' title='bbox 996 1613 1053 1674; x_wconf 81' lang='grc' dir='ltr'>δ’</span> <span class='ocrx_word' id='word_1_109' title='bbox 1103 1616 1315 1678; x_wconf 81' lang='grc' dir='ltr'><strong><em>ἔναλλα</em></strong></span> <span class='ocrx_word' id='word_1_110' title='bbox 1357 1616 1617 1698; x_wconf 75' lang='grc' dir='ltr'><strong><em>γένοιτο,</em></strong></span> <span class='ocrx_word' id='word_1_111' title='bbox 1663 1618 1764 1679; x_wconf 85' lang='grc' dir='ltr'>καὶ</span> <span class='ocrx_word' id='word_1_112' title='bbox 1806 1614 1844 1678; x_wconf 80' lang='grc' dir='ltr'><strong><em>ἆ</em></strong></span> <span class='ocrx_word' id='word_1_113' title='bbox 1890 1619 2063 1691; x_wconf 87' lang='grc' dir='ltr'><strong><em>πίτυς</em></strong></span> <span class='ocrx_word' id='word_1_114' title='bbox 2106 1612 2284 1697; x_wconf 81' lang='grc' dir='ltr'><strong><em>ὅχνας</em></strong></span> <span class='ocrx_word' id='word_1_115' title='bbox 2330 1617 2584 1695; x_wconf 75' lang='grc' dir='ltr'><strong><em>ἐνείκαι,</em></strong></span> 
     </span>
     <span class='ocr_line' id='line_1_17' title="bbox 759 1698 2844 1781; baseline 0.001 -23"><span class='ocrx_word' id='word_1_116' title='bbox 759 1698 999 1777; x_wconf 77' lang='grc' dir='ltr'><strong><em>Δάφνις</em></strong></span> <span class='ocrx_word' id='word_1_117' title='bbox 1045 1702 1167 1763; x_wconf 74' lang='grc' dir='ltr'><strong><em>ἐπεὶ</em></strong></span> <span class='ocrx_word' id='word_1_118' title='bbox 1208 1700 1495 1764; x_wconf 74' lang='grc' dir='ltr'><strong><em>θνάσκει·</em></strong></span> <span class='ocrx_word' id='word_1_119' title='bbox 1542 1725 1646 1762; x_wconf 83' lang='grc' dir='ltr'><strong><em>και</em></strong></span> <span class='ocrx_word' id='word_1_120' title='bbox 1692 1702 1804 1776; x_wconf 76' lang='grc' dir='ltr'><strong><em>τοὺς</em></strong></span> <span class='ocrx_word' id='word_1_121' title='bbox 1848 1702 2036 1777; x_wconf 81' lang='grc' dir='ltr'><strong><em>κύνας</em></strong></span> <span class='ocrx_word' id='word_1_122' title='bbox 2084 1700 2322 1779; x_wconf 85' lang='grc' dir='ltr'><strong><em>ωλαφος</em></strong></span> <span class='ocrx_word' id='word_1_123' title='bbox 2368 1701 2557 1781; x_wconf 76' lang='grc' dir='ltr'><strong><em>ἕλκοι,</em></strong></span> <span class='ocrx_word' id='word_1_124' title='bbox 2746 1714 2844 1761; x_wconf 80' lang='grc'>135</span> 
     </span>
     <span class='ocr_line' id='line_1_18' title="bbox 759 1778 2262 1890; baseline 0.003 -46"><span class='ocrx_word' id='word_1_125' title='bbox 759 1778 867 1864; x_wconf 78' lang='grc' dir='ltr'>κήξ</span> <span class='ocrx_word' id='word_1_126' title='bbox 913 1782 1100 1867; x_wconf 79' lang='grc' dir='ltr'><strong><em>ὀρέων</em></strong></span> <span class='ocrx_word' id='word_1_127' title='bbox 1143 1786 1231 1846; x_wconf 83' lang='grc' dir='ltr'>τοὶ</span> <span class='ocrx_word' id='word_1_128' title='bbox 1277 1789 1505 1859; x_wconf 77' lang='grc' dir='ltr'><strong><em>σκῶπες</em></strong></span> <span class='ocrx_word' id='word_1_129' title='bbox 1550 1780 1766 1864; x_wconf 79' lang='grc' dir='ltr'><strong><em>ἆηδόσι</em></strong></span> <span class='ocrx_word' id='word_1_130' title='bbox 1807 1782 2186 1890; x_wconf 79' lang='grc' dir='ltr'><strong><em>γαρύσαιντο.</em></strong></span> <span class='ocrx_word' id='word_1_131' title='bbox 2197 1791 2262 1824; x_wconf 82' lang='grc'>’“</span> 
     </span>
     <span class='ocr_line' id='line_1_19' title="bbox 841 1867 2384 1953; baseline 0 -23"><span class='ocrx_word' id='word_1_132' title='bbox 841 1870 1043 1951; x_wconf 82' lang='grc' dir='ltr'><strong><em>λήγετε</em></strong></span> <span class='ocrx_word' id='word_1_133' title='bbox 1086 1873 1444 1951; x_wconf 84' lang='grc' dir='ltr'><strong><em>βουκολικᾶς</em></strong></span> <span class='ocrx_word' id='word_1_134' title='bbox 1492 1875 1726 1932; x_wconf 86' lang='grc' dir='ltr'><strong><em>Μοῖσαι</em></strong></span> <span class='ocrx_word' id='word_1_135' title='bbox 1773 1873 1860 1934; x_wconf 86' lang='grc' dir='ltr'>ἴτε</span> <span class='ocrx_word' id='word_1_136' title='bbox 1907 1867 2100 1953; x_wconf 81' lang='grc' dir='ltr'><strong><em>λήγετ’</em></strong></span> <span class='ocrx_word' id='word_1_137' title='bbox 2151 1870 2384 1945; x_wconf 82' lang='grc' dir='ltr'><strong><em>ἆοιδᾶς.</em></strong></span> 
     </span>
     <span class='ocr_line' id='line_1_20' title="bbox 657 1949 2599 2036; baseline 0 -19"><span class='ocrx_word' id='word_1_138' title='bbox 657 1949 714 2034; x_wconf 73' lang='grc' dir='ltr'>β’</span> <span class='ocrx_word' id='word_1_139' title='bbox 757 1982 763 1987; x_wconf 87' lang='grc'><em>·</em></span> <span class='ocrx_word' id='word_1_140' title='bbox 843 1953 927 2036; x_wconf 72' lang='grc' dir='ltr'><strong>χῶ</strong></span> <span class='ocrx_word' id='word_1_141' title='bbox 973 1955 1084 2033; x_wconf 83' lang='grc' dir='ltr'>μὲν</span> <span class='ocrx_word' id='word_1_142' title='bbox 1126 1952 1294 2018; x_wconf 88' lang='grc' dir='ltr'><strong><em>τόσσ’</em></strong></span> <span class='ocrx_word' id='word_1_143' title='bbox 1342 1949 1523 2017; x_wconf 77' lang='grc' dir='ltr'><strong><em>εἰπών</em></strong></span> <span class='ocrx_word' id='word_1_144' title='bbox 1566 1952 1974 2019; x_wconf 81' lang='grc' dir='ltr'><strong><em>ανεπαύσατο·</em></strong></span> <span class='ocrx_word' id='word_1_145' title='bbox 2024 1954 2128 2018; x_wconf 82' lang='grc' dir='ltr'>τὸν</span> <span class='ocrx_word' id='word_1_146' title='bbox 2174 1955 2235 2018; x_wconf 84' lang='grc' dir='ltr'>δ’</span> <span class='ocrx_word' id='word_1_147' title='bbox 2280 1955 2599 2036; x_wconf 78' lang='grc' dir='ltr'><strong><em>Ἀφροδίτα</em></strong></span> 
     </span>
     <span class='ocr_line' id='line_1_21' title="bbox 755 2038 2695 2123; baseline 0 -22"><span class='ocrx_word' id='word_1_148' title='bbox 755 2039 942 2122; x_wconf 83' lang='grc' dir='ltr'><strong><em>ἤθελ’</em></strong></span> <span class='ocrx_word' id='word_1_149' title='bbox 988 2038 1364 2123; x_wconf 81' lang='grc' dir='ltr'><strong><em>ανορθῶσαι·</em></strong></span> <span class='ocrx_word' id='word_1_150' title='bbox 1409 2040 1483 2101; x_wconf 75' lang='grc' dir='ltr'>τά</span> <span class='ocrx_word' id='word_1_151' title='bbox 1526 2066 1592 2121; x_wconf 85' lang='grc' dir='ltr'>γε</span> <span class='ocrx_word' id='word_1_152' title='bbox 1635 2041 1756 2120; x_wconf 78' lang='grc' dir='ltr'>μᾶν</span> <span class='ocrx_word' id='word_1_153' title='bbox 1803 2044 1933 2102; x_wconf 87' lang='grc' dir='ltr'><strong><em>λίνα</em></strong></span> <span class='ocrx_word' id='word_1_154' title='bbox 1978 2039 2175 2103; x_wconf 72' lang='grc' dir='ltr'><strong><em>πάντα</em></strong></span> <span class='ocrx_word' id='word_1_155' title='bbox 2222 2045 2471 2103; x_wconf 80' lang='grc' dir='ltr'><strong><em>λελοίπει</em></strong></span> <span class='ocrx_word' id='word_1_156' title='bbox 2691 2081 2695 2086; x_wconf 93' lang='grc'>-</span> 
     </span>
     <span class='ocr_line' id='line_1_22' title="bbox 756 2122 2842 2209; baseline -0.001 -22"><span class='ocrx_word' id='word_1_157' title='bbox 756 2125 821 2187; x_wconf 79' lang='grc' dir='ltr'>ἔκ</span> <span class='ocrx_word' id='word_1_158' title='bbox 869 2130 1140 2206; x_wconf 76' lang='grc' dir='ltr'><strong><em>Μοιρᾶν,</em></strong></span> <span class='ocrx_word' id='word_1_159' title='bbox 1186 2125 1267 2207; x_wconf 79' lang='grc' dir='ltr'><strong><em>χώ</em></strong></span> <span class='ocrx_word' id='word_1_160' title='bbox 1318 2122 1556 2202; x_wconf 77' lang='grc' dir='ltr'><strong><em>Δάφνις</em></strong></span> <span class='ocrx_word' id='word_1_161' title='bbox 1602 2127 1706 2209; x_wconf 75' lang='grc' dir='ltr'>ἔβα</span> <span class='ocrx_word' id='word_1_162' title='bbox 1753 2123 1910 2206; x_wconf 75' lang='grc' dir='ltr'><strong><em>ῥόον.</em></strong></span> <span class='ocrx_word' id='word_1_163' title='bbox 1957 2128 2163 2190; x_wconf 77' lang='grc' dir='ltr'><strong><em>ἔκλυσε</em></strong></span> <span class='ocrx_word' id='word_1_164' title='bbox 2207 2128 2346 2187; x_wconf 80' lang='grc' dir='ltr'><strong><em>ὃίνα</em></strong></span> <span class='ocrx_word' id='word_1_165' title='bbox 2743 2139 2842 2189; x_wconf 75' lang='lat'>140</span> 
     </span>
     <span class='ocr_line' id='line_1_23' title="bbox 755 2205 2610 2301; baseline -0.001 -29"><span class='ocrx_word' id='word_1_166' title='bbox 755 2205 858 2273; x_wconf 82' lang='grc' dir='ltr'>τὸν</span> <span class='ocrx_word' id='word_1_167' title='bbox 905 2217 1167 2286; x_wconf 84' lang='grc' dir='ltr'><strong><em>Μοῖσαις</em></strong></span> <span class='ocrx_word' id='word_1_168' title='bbox 1211 2213 1388 2301; x_wconf 84' lang='grc' dir='ltr'><strong><em>φίλον</em></strong></span> <span class='ocrx_word' id='word_1_169' title='bbox 1428 2210 1645 2292; x_wconf 82' lang='grc' dir='ltr'><strong><em>ανδρα,</em></strong></span> <span class='ocrx_word' id='word_1_170' title='bbox 1691 2209 1794 2274; x_wconf 86' lang='grc' dir='ltr'>τὸν</span> <span class='ocrx_word' id='word_1_171' title='bbox 1837 2209 1907 2274; x_wconf 79' lang='grc' dir='ltr'>οὐ</span> <span class='ocrx_word' id='word_1_172' title='bbox 1955 2209 2311 2291; x_wconf 84' lang='grc' dir='ltr'><strong><em>Νύμφαισιν</em></strong></span> <span class='ocrx_word' id='word_1_173' title='bbox 2352 2210 2610 2291; x_wconf 73' lang='grc' dir='ltr'><strong><em>ἀπεχθῆ.</em></strong></span> 
     </span>
     <span class='ocr_line' id='line_1_24' title="bbox 842 2286 2373 2379; baseline 0.001 -21"><span class='ocrx_word' id='word_1_174' title='bbox 842 2293 1046 2377; x_wconf 78' lang='grc' dir='ltr'><strong><em>λήγετε</em></strong></span> <span class='ocrx_word' id='word_1_175' title='bbox 1087 2286 1449 2379; x_wconf 84' lang='grc' dir='ltr'><strong><em>βουκολικᾶς</em></strong></span> <span class='ocrx_word' id='word_1_176' title='bbox 1499 2304 1732 2360; x_wconf 83' lang='grc' dir='ltr'><strong><em>Μοῖσαι</em></strong></span> <span class='ocrx_word' id='word_1_177' title='bbox 1777 2298 1864 2358; x_wconf 82' lang='grc' dir='ltr'>ἴτε</span> <span class='ocrx_word' id='word_1_178' title='bbox 1909 2293 2101 2378; x_wconf 78' lang='grc' dir='ltr'><strong><em>ληγετ’</em></strong></span> <span class='ocrx_word' id='word_1_179' title='bbox 2147 2295 2373 2370; x_wconf 75' lang='grc' dir='ltr'><strong><em>ἀοιδᾶς.</em></strong></span> 
     </span>
    </p>
   </div>
   <div class='ocr_carea' id='block_1_6' title="bbox 496 2505 2841 4451">
    <p class='ocr_par' dir='ltr' id='par_1_6' title="bbox 496 2505 2841 4451">
     <span class='ocr_line' id='line_1_25' title="bbox 673 2505 2840 2583; baseline 0 -19"><span class='ocrx_word' id='word_1_180' title='bbox 673 2505 909 2566; x_wconf 83' lang='lat' dir='ltr'>Eximia</span> <span class='ocrx_word' id='word_1_181' title='bbox 953 2506 1398 2583; x_wconf 79' lang='lat' dir='ltr'>compositionis</span> <span class='ocrx_word' id='word_1_182' title='bbox 1442 2525 1537 2567; x_wconf 88' lang='lat' dir='ltr'>ars</span> <span class='ocrx_word' id='word_1_183' title='bbox 1568 2507 1663 2567; x_wconf 82' lang='lat' dir='ltr'>vel</span> <span class='ocrx_word' id='word_1_184' title='bbox 1708 2507 1901 2567; x_wconf 79' lang='lat' dir='ltr'>obiter</span> <span class='ocrx_word' id='word_1_185' title='bbox 1942 2506 2200 2566; x_wconf 86' lang='lat' dir='ltr'>intuenti</span> <span class='ocrx_word' id='word_1_186' title='bbox 2246 2507 2309 2567; x_wconf 94' lang='lat' dir='ltr'>in</span> <span class='ocrx_word' id='word_1_187' title='bbox 2340 2505 2540 2566; x_wconf 90' lang='lat' dir='ltr'>oculos</span> <span class='ocrx_word' id='word_1_188' title='bbox 2571 2506 2840 2580; x_wconf 72' lang='lat' dir='ltr'>incurrit,</span> 
     </span>
     <span class='ocr_line' id='line_1_26' title="bbox 503 2592 2839 2669; baseline 0.001 -21"><span class='ocrx_word' id='word_1_189' title='bbox 503 2612 683 2668; x_wconf 83' lang='lat' dir='ltr'>quae,</span> <span class='ocrx_word' id='word_1_190' title='bbox 729 2611 846 2666; x_wconf 90' lang='lat' dir='ltr'>quo</span> <span class='ocrx_word' id='word_1_191' title='bbox 893 2593 1226 2651; x_wconf 80' lang='lat' dir='ltr'>accuratius</span> <span class='ocrx_word' id='word_1_192' title='bbox 1270 2594 1508 2669; x_wconf 84' lang='lat' dir='ltr'>singula</span> <span class='ocrx_word' id='word_1_193' title='bbox 1551 2594 1960 2668; x_wconf 80' lang='lat' dir='ltr'>excutiuntur,</span> <span class='ocrx_word' id='word_1_194' title='bbox 2018 2612 2090 2651; x_wconf 91' lang='lat' dir='ltr'>eo</span> <span class='ocrx_word' id='word_1_195' title='bbox 2134 2593 2347 2651; x_wconf 86' lang='lat' dir='ltr'>clarius</span> <span class='ocrx_word' id='word_1_196' title='bbox 2394 2593 2601 2652; x_wconf 88' lang='lat' dir='ltr'>elucet.</span> <span class='ocrx_word' id='word_1_197' title='bbox 2692 2592 2839 2650; x_wconf 85' lang='lat' dir='ltr'>Tres</span> 
     </span>
     <span class='ocr_line' id='line_1_27' title="bbox 504 2677 2838 2752; baseline 0 -19"><span class='ocrx_word' id='word_1_198' title='bbox 504 2677 789 2734; x_wconf 89' lang='lat' dir='ltr'>habemus</span> <span class='ocrx_word' id='word_1_199' title='bbox 833 2680 1059 2751; x_wconf 85' lang='lat' dir='ltr'>partes,</span> <span class='ocrx_word' id='word_1_200' title='bbox 1117 2696 1366 2751; x_wconf 85' lang='lat' dir='ltr'>quarum</span> <span class='ocrx_word' id='word_1_201' title='bbox 1412 2679 1662 2752; x_wconf 82' lang='lat' dir='ltr'>primam</span> <span class='ocrx_word' id='word_1_202' title='bbox 1707 2678 1958 2737; x_wconf 86' lang='lat' dir='ltr'>luctus</span> <span class='ocrx_word' id='word_1_203' title='bbox 2001 2679 2248 2735; x_wconf 87' lang='lat' dir='ltr'>alteram</span> <span class='ocrx_word' id='word_1_204' title='bbox 2297 2677 2838 2736; x_wconf 87' lang='lat' dir='ltr'>altercationis</span> 
     </span>
     <span class='ocr_line' id='line_1_28' title="bbox 504 2759 2840 2838; baseline 0.001 -21"><span class='ocrx_word' id='word_1_205' title='bbox 504 2761 743 2818; x_wconf 80' lang='lat' dir='ltr'>tertiam</span> <span class='ocrx_word' id='word_1_206' title='bbox 801 2760 1161 2820; x_wconf 79' lang='lat' dir='ltr'>decessus</span> <span class='ocrx_word' id='word_1_207' title='bbox 1216 2763 1456 2820; x_wconf 89' lang='lat' dir='ltr'>nomine</span> <span class='ocrx_word' id='word_1_208' title='bbox 1512 2759 1775 2822; x_wconf 77' lang='lat' dir='ltr'>breviter</span> <span class='ocrx_word' id='word_1_209' title='bbox 1837 2762 2133 2838; x_wconf 85' lang='lat' dir='ltr'>appellare</span> <span class='ocrx_word' id='word_1_210' title='bbox 2197 2762 2367 2835; x_wconf 85' lang='lat' dir='ltr'>licet,</span> <span class='ocrx_word' id='word_1_211' title='bbox 2436 2781 2582 2836; x_wconf 85' lang='lat' dir='ltr'>quas</span> <span class='ocrx_word' id='word_1_212' title='bbox 2638 2765 2840 2838; x_wconf 83' lang='lat' dir='ltr'>partes</span> 
     </span>
     <span class='ocr_line' id='line_1_29' title="bbox 505 2845 2836 2924; baseline 0.001 -23"><span class='ocrx_word' id='word_1_213' title='bbox 505 2845 829 2903; x_wconf 85' lang='lat' dir='ltr'>dramatica</span> <span class='ocrx_word' id='word_1_214' title='bbox 894 2846 1148 2921; x_wconf 82' lang='lat' dir='ltr'>quadam</span> <span class='ocrx_word' id='word_1_215' title='bbox 1215 2847 1464 2906; x_wconf 85' lang='lat' dir='ltr'>actionis</span> <span class='ocrx_word' id='word_1_216' title='bbox 1520 2847 1871 2924; x_wconf 77' lang='lat' dir='ltr'>gradatione</span> <span class='ocrx_word' id='word_1_217' title='bbox 1928 2866 2180 2907; x_wconf 83' lang='lat' dir='ltr'>conexas</span> <span class='ocrx_word' id='word_1_218' title='bbox 2237 2865 2365 2905; x_wconf 85' lang='lat' dir='ltr'>esse</span> <span class='ocrx_word' id='word_1_219' title='bbox 2421 2846 2591 2905; x_wconf 82' lang='lat' dir='ltr'>facile</span> <span class='ocrx_word' id='word_1_220' title='bbox 2647 2850 2836 2921; x_wconf 85' lang='lat' dir='ltr'>patet.</span> 
     </span>
     <span class='ocr_line' id='line_1_30' title="bbox 507 2929 2835 3008; baseline 0 -21"><span class='ocrx_word' id='word_1_221' title='bbox 507 2929 729 2987; x_wconf 86' lang='lat' dir='ltr'>Statim</span> <span class='ocrx_word' id='word_1_222' title='bbox 773 2930 947 2988; x_wconf 89' lang='lat' dir='ltr'>initio</span> <span class='ocrx_word' id='word_1_223' title='bbox 993 2948 1202 2989; x_wconf 89' lang='lat' dir='ltr'>scaena</span> <span class='ocrx_word' id='word_1_224' title='bbox 1243 2931 1441 2990; x_wconf 83' lang='lat' dir='ltr'>vivide</span> <span class='ocrx_word' id='word_1_225' title='bbox 1485 2932 1908 2991; x_wconf 78' lang='lat' dir='ltr'>adumbratur:</span> <span class='ocrx_word' id='word_1_226' title='bbox 1969 2932 2238 3008; x_wconf 88' lang='lat' dir='ltr'>Daphnis</span> <span class='ocrx_word' id='word_1_227' title='bbox 2296 2949 2496 2990; x_wconf 87' lang='lat' dir='ltr'>amore</span> <span class='ocrx_word' id='word_1_228' title='bbox 2558 2930 2835 2989; x_wconf 79' lang='lat' dir='ltr'>contabe-</span> 
     </span>
     <span class='ocr_line' id='line_1_31' title="bbox 501 3015 2838 3093; baseline 0 -20"><span class='ocrx_word' id='word_1_229' title='bbox 501 3032 670 3073; x_wconf 83' lang='lat' dir='ltr'>scens</span> <span class='ocrx_word' id='word_1_230' title='bbox 705 3015 876 3090; x_wconf 81' lang='lat' dir='ltr'>iacet,</span> <span class='ocrx_word' id='word_1_231' title='bbox 925 3015 1192 3074; x_wconf 87' lang='lat' dir='ltr'>desertus</span> <span class='ocrx_word' id='word_1_232' title='bbox 1237 3015 1472 3091; x_wconf 89' lang='lat' dir='ltr'>quidem</span> <span class='ocrx_word' id='word_1_233' title='bbox 1519 3037 1553 3074; x_wconf 91' lang='lat' dir='ltr'>a</span> <span class='ocrx_word' id='word_1_234' title='bbox 1598 3017 1990 3093; x_wconf 87' lang='lat' dir='ltr'>Nymphis,</span> <span class='ocrx_word' id='word_1_235' title='bbox 2038 3035 2188 3091; x_wconf 89' lang='lat' dir='ltr'>quae</span> <span class='ocrx_word' id='word_1_236' title='bbox 2216 3016 2374 3074; x_wconf 89' lang='lat' dir='ltr'>haud</span> <span class='ocrx_word' id='word_1_237' title='bbox 2408 3015 2587 3073; x_wconf 89' lang='lat' dir='ltr'>dubie</span> <span class='ocrx_word' id='word_1_238' title='bbox 2619 3015 2838 3074; x_wconf 83' lang='lat' dir='ltr'>Siculis</span> 
     </span>
     <span class='ocr_line' id='line_1_32' title="bbox 502 3100 2840 3177; baseline 0 -21"><span class='ocrx_word' id='word_1_239' title='bbox 502 3100 791 3159; x_wconf 77' lang='lat' dir='ltr'>tractibus</span> <span class='ocrx_word' id='word_1_240' title='bbox 835 3100 1137 3175; x_wconf 86' lang='lat' dir='ltr'>paulisper</span> <span class='ocrx_word' id='word_1_241' title='bbox 1180 3100 1404 3160; x_wconf 86' lang='lat' dir='ltr'>relictis</span> <span class='ocrx_word' id='word_1_242' title='bbox 1448 3102 1725 3176; x_wconf 87' lang='lat' dir='ltr'>antiquas</span> <span class='ocrx_word' id='word_1_243' title='bbox 1756 3102 2004 3160; x_wconf 83' lang='lat' dir='ltr'>Doricae</span> <span class='ocrx_word' id='word_1_244' title='bbox 2049 3101 2246 3177; x_wconf 87' lang='lat' dir='ltr'>gentis</span> <span class='ocrx_word' id='word_1_245' title='bbox 2291 3101 2459 3160; x_wconf 88' lang='lat' dir='ltr'>sedes</span> <span class='ocrx_word' id='word_1_246' title='bbox 2489 3102 2679 3159; x_wconf 83' lang='lat' dir='ltr'>visum</span> <span class='ocrx_word' id='word_1_247' title='bbox 2713 3101 2840 3158; x_wconf 81' lang='lat' dir='ltr'>ive-</span> 
     </span>
     <span class='ocr_line' id='line_1_33' title="bbox 502 3179 2837 3265; baseline 0.001 -25"><span class='ocrx_word' id='word_1_248' title='bbox 502 3185 637 3242; x_wconf 87' lang='lat' dir='ltr'>rant</span> <span class='ocrx_word' id='word_1_249' title='bbox 693 3182 827 3259; x_wconf 87' lang='lat' dir='ltr'>(str.</span> <span class='ocrx_word' id='word_1_250' title='bbox 874 3179 991 3265; x_wconf 79' lang='grc' dir='ltr'>α’),</span> <span class='ocrx_word' id='word_1_251' title='bbox 1059 3185 1160 3244; x_wconf 89' lang='lat' dir='ltr'>sed</span> <span class='ocrx_word' id='word_1_252' title='bbox 1230 3204 1363 3244; x_wconf 89' lang='lat' dir='ltr'>cum</span> <span class='ocrx_word' id='word_1_253' title='bbox 1407 3206 1441 3243; x_wconf 89' lang='lat' dir='ltr'>a</span> <span class='ocrx_word' id='word_1_254' title='bbox 1485 3187 1626 3246; x_wconf 83' lang='lat' dir='ltr'>seris</span> <span class='ocrx_word' id='word_1_255' title='bbox 1691 3191 1818 3245; x_wconf 89' lang='lat' dir='ltr'>tum</span> <span class='ocrx_word' id='word_1_256' title='bbox 1877 3206 1912 3244; x_wconf 85' lang='lat' dir='ltr'>a</span> <span class='ocrx_word' id='word_1_257' title='bbox 1965 3186 2249 3262; x_wconf 80' lang='lat' dir='ltr'>gregibus</span> <span class='ocrx_word' id='word_1_258' title='bbox 2305 3186 2430 3245; x_wconf 91' lang='lat' dir='ltr'>suis</span> <span class='ocrx_word' id='word_1_259' title='bbox 2487 3185 2837 3261; x_wconf 87' lang='lat' dir='ltr'>deploratus</span> 
     </span>
     <span class='ocr_line' id='line_1_34' title="bbox 503 3262 2836 3348; baseline 0.002 -24"><span class='ocrx_word' id='word_1_260' title='bbox 503 3262 792 3346; x_wconf 77' lang='grc' dir='ltr'><strong><em>(ἆντιστρ.</em></strong></span> <span class='ocrx_word' id='word_1_261' title='bbox 825 3266 933 3348; x_wconf 87' lang='grc' dir='ltr'>α’.)</span> <span class='ocrx_word' id='word_1_262' title='bbox 1000 3270 1124 3328; x_wconf 86' lang='lat' dir='ltr'>Iam</span> <span class='ocrx_word' id='word_1_263' title='bbox 1161 3273 1222 3329; x_wconf 85' lang='lat' dir='ltr'>et</span> <span class='ocrx_word' id='word_1_264' title='bbox 1251 3269 1349 3328; x_wconf 92' lang='lat' dir='ltr'>Dii</span> <span class='ocrx_word' id='word_1_265' title='bbox 1379 3270 1766 3346; x_wconf 76' lang='lat' dir='ltr'>hbminesque</span> <span class='ocrx_word' id='word_1_266' title='bbox 1813 3272 2133 3346; x_wconf 83' lang='lat' dir='ltr'>accedunt3</span> <span class='ocrx_word' id='word_1_267' title='bbox 2181 3273 2243 3330; x_wconf 86' lang='lat' dir='ltr'>et</span> <span class='ocrx_word' id='word_1_268' title='bbox 2285 3271 2547 3330; x_wconf 88' lang='lat' dir='ltr'>omnium</span> <span class='ocrx_word' id='word_1_269' title='bbox 2595 3270 2836 3345; x_wconf 89' lang='lat' dir='ltr'>quidem</span> 
     </span>
     <span class='ocr_line' id='line_1_35' title="bbox 503 3354 2841 3433; baseline 0.001 -22"><span class='ocrx_word' id='word_1_270' title='bbox 503 3354 734 3429; x_wconf 88' lang='lat' dir='ltr'>primus</span> <span class='ocrx_word' id='word_1_271' title='bbox 780 3355 1194 3414; x_wconf 84' lang='lat' dir='ltr'>Mercurius</span> <span class='ocrx_word' id='word_1_272' title='bbox 1251 3373 1370 3413; x_wconf 93' lang='lat' dir='ltr'>non</span> <span class='ocrx_word' id='word_1_273' title='bbox 1413 3359 1482 3413; x_wconf 92' lang='lat' dir='ltr'>ut</span> <span class='ocrx_word' id='word_1_274' title='bbox 1524 3359 1726 3433; x_wconf 87' lang='lat' dir='ltr'>pater,</span> <span class='ocrx_word' id='word_1_275' title='bbox 1785 3356 1945 3430; x_wconf 87' lang='lat' dir='ltr'>quod</span> <span class='ocrx_word' id='word_1_276' title='bbox 1989 3356 2139 3415; x_wconf 88' lang='lat' dir='ltr'>falso</span> <span class='ocrx_word' id='word_1_277' title='bbox 2185 3356 2550 3430; x_wconf 86' lang='lat' dir='ltr'>intulerunt,</span> <span class='ocrx_word' id='word_1_278' title='bbox 2609 3356 2710 3415; x_wconf 89' lang='lat' dir='ltr'>sed</span> <span class='ocrx_word' id='word_1_279' title='bbox 2768 3359 2841 3413; x_wconf 85' lang='lat' dir='ltr'>ut</span> 
     </span>
     <span class='ocr_line' id='line_1_36' title="bbox 499 3433 2836 3517; baseline 0 -21"><span class='ocrx_word' id='word_1_280' title='bbox 499 3439 818 3514; x_wconf 87' lang='lat' dir='ltr'>primarius</span> <span class='ocrx_word' id='word_1_281' title='bbox 862 3443 1165 3515; x_wconf 89' lang='lat' dir='ltr'>pastorum</span> <span class='ocrx_word' id='word_1_282' title='bbox 1212 3439 1353 3497; x_wconf 88' lang='lat' dir='ltr'>deus</span> <span class='ocrx_word' id='word_1_283' title='bbox 1398 3439 1689 3500; x_wconf 86' lang='lat' dir='ltr'>decedens</span> <span class='ocrx_word' id='word_1_284' title='bbox 1732 3433 1843 3498; x_wconf 87' lang='grc' dir='ltr'>απ’</span> <span class='ocrx_word' id='word_1_285' title='bbox 1894 3436 2076 3517; x_wconf 82' lang='grc' dir='ltr'><strong><em>ω’ρεος</em></strong></span> <span class='ocrx_word' id='word_1_286' title='bbox 2125 3441 2253 3516; x_wconf 90' lang='lat' dir='ltr'>(ubi</span> <span class='ocrx_word' id='word_1_287' title='bbox 2297 3442 2597 3499; x_wconf 88' lang='lat' dir='ltr'>montanis</span> <span class='ocrx_word' id='word_1_288' title='bbox 2641 3439 2836 3516; x_wconf 87' lang='lat' dir='ltr'>gregi·</span> 
     </span>
     <span class='ocr_line' id='line_1_37' title="bbox 499 3524 2833 3602; baseline 0 -22"><span class='ocrx_word' id='word_1_289' title='bbox 499 3524 611 3581; x_wconf 89' lang='lat' dir='ltr'>bus</span> <span class='ocrx_word' id='word_1_290' title='bbox 654 3526 968 3600; x_wconf 88' lang='lat' dir='ltr'>prospicit.</span> <span class='ocrx_word' id='word_1_291' title='bbox 1016 3542 1173 3600; x_wconf 84' lang='lat' dir='ltr'>„von</span> <span class='ocrx_word' id='word_1_292' title='bbox 1221 3524 1325 3583; x_wconf 89' lang='lat' dir='ltr'>der</span> <span class='ocrx_word' id='word_1_293' title='bbox 1352 3524 1515 3601; x_wconf 86' lang='lat' dir='ltr'>Alp“</span> <span class='ocrx_word' id='word_1_294' title='bbox 1534 3547 1550 3600; x_wconf 71' lang='grc' dir='ltr'><strong>ς</strong></span> <span class='ocrx_word' id='word_1_295' title='bbox 1603 3526 1759 3601; x_wconf 90' lang='lat' dir='ltr'>quod</span> <span class='ocrx_word' id='word_1_296' title='bbox 1805 3544 2017 3585; x_wconf 89' lang='lat' dir='ltr'>moneo</span> <span class='ocrx_word' id='word_1_297' title='bbox 2063 3529 2307 3602; x_wconf 86' lang='lat' dir='ltr'>propter</span> <span class='ocrx_word' id='word_1_298' title='bbox 2350 3526 2610 3600; x_wconf 90' lang='lat' dir='ltr'>ineptam</span> <span class='ocrx_word' id='word_1_299' title='bbox 2629 3525 2833 3583; x_wconf 90' lang='lat' dir='ltr'>cuius·</span> 
     </span>
     <span class='ocr_line' id='line_1_38' title="bbox 499 3601 2831 3686; baseline 0 -20"><span class='ocrx_word' id='word_1_300' title='bbox 499 3610 636 3666; x_wconf 87' lang='lat' dir='ltr'>dam</span> <span class='ocrx_word' id='word_1_301' title='bbox 679 3609 1071 3669; x_wconf 89' lang='lat' dir='ltr'>coniecturam</span> <span class='ocrx_word' id='word_1_302' title='bbox 1117 3601 1228 3667; x_wconf 72' lang='grc' dir='ltr'>ἀπ’</span> <span class='ocrx_word' id='word_1_303' title='bbox 1278 3601 1538 3686; x_wconf 80' lang='grc' dir='ltr'><strong><em>ωρανῶ),</em></strong></span> <span class='ocrx_word' id='word_1_304' title='bbox 1597 3611 1697 3686; x_wconf 91' lang='lat' dir='ltr'>qui</span> <span class='ocrx_word' id='word_1_305' title='bbox 1743 3630 1874 3670; x_wconf 88' lang='lat' dir='ltr'>cum</span> <span class='ocrx_word' id='word_1_306' title='bbox 1921 3630 2162 3671; x_wconf 87' lang='lat' dir='ltr'>amore</span> <span class='ocrx_word' id='word_1_307' title='bbox 2206 3610 2398 3686; x_wconf 88' lang='lat' dir='ltr'>perire</span> <span class='ocrx_word' id='word_1_308' title='bbox 2443 3610 2593 3669; x_wconf 88' lang='lat' dir='ltr'>sciat</span> <span class='ocrx_word' id='word_1_309' title='bbox 2635 3609 2831 3684; x_wconf 86' lang='lat' dir='ltr'>Daph-</span> 
     </span>
     <span class='ocr_line' id='line_1_39' title="bbox 497 3692 2830 3799; baseline 0 -48"><span class='ocrx_word' id='word_1_310' title='bbox 497 3694 727 3769; x_wconf 88' lang='lat' dir='ltr'>nidem,</span> <span class='ocrx_word' id='word_1_311' title='bbox 772 3715 949 3770; x_wconf 87' lang='lat' dir='ltr'>quam</span> <span class='ocrx_word' id='word_1_312' title='bbox 994 3695 1234 3753; x_wconf 88' lang='lat' dir='ltr'>tandem</span> <span class='ocrx_word' id='word_1_313' title='bbox 1279 3694 1485 3754; x_wconf 84' lang='lat' dir='ltr'>ardeat</span> <span class='ocrx_word' id='word_1_314' title='bbox 1527 3695 1863 3799; x_wconf 85' lang='lat' dir='ltr'>interrogat</span> <span class='ocrx_word' id='word_1_315' title='bbox 1909 3696 2040 3770; x_wconf 88' lang='lat' dir='ltr'>(str.</span> <span class='ocrx_word' id='word_1_316' title='bbox 2072 3692 2160 3792; x_wconf 86' lang='grc' dir='ltr'>β’)</span> <span class='ocrx_word' id='word_1_317' title='bbox 2205 3715 2325 3755; x_wconf 91' lang='lat' dir='ltr'>non</span> <span class='ocrx_word' id='word_1_318' title='bbox 2370 3695 2568 3754; x_wconf 89' lang='lat' dir='ltr'>minus</span> <span class='ocrx_word' id='word_1_319' title='bbox 2612 3695 2830 3753; x_wconf 87' lang='lat' dir='ltr'>blande</span> 
     </span>
     <span class='ocr_line' id='line_1_40' title="bbox 496 3770 2832 3877; baseline 0 -41"><span class='ocrx_word' id='word_1_320' title='bbox 496 3798 675 3853; x_wconf 89' lang='lat' dir='ltr'>quam</span> <span class='ocrx_word' id='word_1_321' title='bbox 718 3779 922 3839; x_wconf 89' lang='lat' dir='ltr'>Venus</span> <span class='ocrx_word' id='word_1_322' title='bbox 978 3779 1386 3855; x_wconf 86' lang='lat' dir='ltr'>Sapphonem:</span> <span class='ocrx_word' id='word_1_323' title='bbox 1447 3778 1546 3877; x_wconf 42' lang='grc' dir='ltr'><strong><em>τίς·</em></strong></span> <span class='ocrx_word' id='word_1_324' title='bbox 1582 3771 1641 3836; x_wconf 86' lang='grc' dir='ltr'>σ’</span> <span class='ocrx_word' id='word_1_325' title='bbox 1689 3802 1735 3839; x_wconf 89' lang='grc' dir='ltr'>ω</span> <span class='ocrx_word' id='word_1_326' title='bbox 1788 3773 2009 3853; x_wconf 77' lang='grc' dir='ltr'><strong><em>Ψάπφ’</em></strong></span> <span class='ocrx_word' id='word_1_327' title='bbox 2065 3770 2321 3854; x_wconf 81' lang='grc' dir='ltr'><strong><em>αδικήει.</em></strong></span> <span class='ocrx_word' id='word_1_328' title='bbox 2409 3782 2556 3840; x_wconf 88' lang='lat' dir='ltr'>Eius</span> <span class='ocrx_word' id='word_1_329' title='bbox 2611 3780 2832 3838; x_wconf 88' lang='lat' dir='ltr'>amoris</span> 
     </span>
     <span class='ocr_line' id='line_1_41' title="bbox 498 3864 2831 3942; baseline 0.001 -21"><span class='ocrx_word' id='word_1_330' title='bbox 498 3882 736 3938; x_wconf 86' lang='lat' dir='ltr'>prorsus</span> <span class='ocrx_word' id='word_1_331' title='bbox 798 3864 990 3940; x_wconf 87' lang='lat' dir='ltr'>ignari</span> <span class='ocrx_word' id='word_1_332' title='bbox 1057 3867 1325 3941; x_wconf 84' lang='lat' dir='ltr'>pastores</span> <span class='ocrx_word' id='word_1_333' title='bbox 1388 3865 1630 3924; x_wconf 90' lang='lat' dir='ltr'>omnino</span> <span class='ocrx_word' id='word_1_334' title='bbox 1696 3884 1814 3942; x_wconf 90' lang='lat' dir='ltr'>quo</span> <span class='ocrx_word' id='word_1_335' title='bbox 1882 3867 2039 3925; x_wconf 88' lang='lat' dir='ltr'>malo</span> <span class='ocrx_word' id='word_1_336' title='bbox 2105 3867 2481 3942; x_wconf 85' lang='lat' dir='ltr'>opprimatur</span> <span class='ocrx_word' id='word_1_337' title='bbox 2534 3867 2831 3942; x_wconf 88' lang='lat' dir='ltr'>quaerunt</span> 
     </span>
     <span class='ocr_line' id='line_1_42' title="bbox 499 3945 2827 4025; baseline 0 -19"><span class='ocrx_word' id='word_1_338' title='bbox 499 3945 684 4025; x_wconf 88' lang='lat' dir='ltr'>(quod</span> <span class='ocrx_word' id='word_1_339' title='bbox 732 3948 921 4024; x_wconf 91' lang='lat' dir='ltr'>ipsum</span> <span class='ocrx_word' id='word_1_340' title='bbox 968 3952 1061 4008; x_wconf 87' lang='lat' dir='ltr'>est</span> <span class='ocrx_word' id='word_1_341' title='bbox 1106 3948 1496 4008; x_wconf 88' lang='lat' dir='ltr'>certissimum</span> <span class='ocrx_word' id='word_1_342' title='bbox 1544 3954 1959 4025; x_wconf 85' lang='lat' dir='ltr'>argumentum</span> <span class='ocrx_word' id='word_1_343' title='bbox 2005 3971 2241 4010; x_wconf 89' lang='lat' dir='ltr'>omnem</span> <span class='ocrx_word' id='word_1_344' title='bbox 2286 3950 2358 4009; x_wconf 88' lang='lat' dir='ltr'>de</span> <span class='ocrx_word' id='word_1_345' title='bbox 2402 3950 2593 4010; x_wconf 81' lang='lat' dir='ltr'>Naida</span> <span class='ocrx_word' id='word_1_346' title='bbox 2638 3969 2827 4008; x_wconf 84' lang='lat' dir='ltr'>sacra·</span> 
     </span>
     <span class='ocr_line' id='line_1_43' title="bbox 498 4031 2826 4114; baseline 0.001 -24"><span class='ocrx_word' id='word_1_347' title='bbox 498 4036 816 4108; x_wconf 86' lang='lat' dir='ltr'>mentoque</span> <span class='ocrx_word' id='word_1_348' title='bbox 873 4033 1133 4091; x_wconf 85' lang='lat' dir='ltr'>fabulam</span> <span class='ocrx_word' id='word_1_349' title='bbox 1196 4033 1269 4091; x_wconf 88' lang='lat' dir='ltr'>ab</span> <span class='ocrx_word' id='word_1_350' title='bbox 1326 4033 1436 4093; x_wconf 87' lang='lat' dir='ltr'>hoc</span> <span class='ocrx_word' id='word_1_351' title='bbox 1492 4036 1753 4093; x_wconf 86' lang='lat' dir='ltr'>carmine</span> <span class='ocrx_word' id='word_1_352' title='bbox 1810 4035 2234 4095; x_wconf 86' lang='lat' dir='ltr'>alienissimam</span> <span class='ocrx_word' id='word_1_353' title='bbox 2289 4031 2465 4114; x_wconf 84' lang='lat' dir='ltr'>esse),</span> <span class='ocrx_word' id='word_1_354' title='bbox 2527 4039 2826 4109; x_wconf 88' lang='lat' dir='ltr'>postremo</span> 
     </span>
     <span class='ocr_line' id='line_1_44' title="bbox 499 4117 2829 4195; baseline 0 -21"><span class='ocrx_word' id='word_1_355' title='bbox 499 4117 818 4194; x_wconf 88' lang='lat' dir='ltr'>Priapus</span> <span class='ocrx_word' id='word_1_356' title='bbox 874 4119 1136 4177; x_wconf 89' lang='lat' dir='ltr'>omnium</span> <span class='ocrx_word' id='word_1_357' title='bbox 1192 4117 1646 4192; x_wconf 88' lang='lat' dir='ltr'>loquacissimus</span> <span class='ocrx_word' id='word_1_358' title='bbox 1703 4123 1764 4178; x_wconf 89' lang='lat' dir='ltr'>et</span> <span class='ocrx_word' id='word_1_359' title='bbox 1818 4119 2239 4180; x_wconf 61' lang='lat' dir='ltr'>dicacissimus</span> <span class='ocrx_word' id='word_1_360' title='bbox 2337 4118 2571 4195; x_wconf 85' lang='lat' dir='ltr'>Quippe</span> <span class='ocrx_word' id='word_1_361' title='bbox 2630 4120 2829 4195; x_wconf 86' lang='lat' dir='ltr'>agitur</span> 
     </span>
     <span class='ocr_line' id='line_1_45' title="bbox 497 4203 2828 4280; baseline 0.002 -22"><span class='ocrx_word' id='word_1_362' title='bbox 497 4220 621 4277; x_wconf 86' lang='lat' dir='ltr'>res,</span> <span class='ocrx_word' id='word_1_363' title='bbox 671 4222 845 4278; x_wconf 85' lang='lat' dir='ltr'>quam</span> <span class='ocrx_word' id='word_1_364' title='bbox 892 4221 1046 4262; x_wconf 88' lang='lat' dir='ltr'>unus</span> <span class='ocrx_word' id='word_1_365' title='bbox 1092 4203 1314 4278; x_wconf 86' lang='lat' dir='ltr'>optime</span> <span class='ocrx_word' id='word_1_366' title='bbox 1358 4205 1560 4263; x_wconf 86' lang='lat' dir='ltr'>callet:</span> <span class='ocrx_word' id='word_1_367' title='bbox 1621 4205 1732 4264; x_wconf 88' lang='lat' dir='ltr'>scit</span> <span class='ocrx_word' id='word_1_368' title='bbox 1774 4206 1931 4264; x_wconf 89' lang='lat' dir='ltr'>enim</span> <span class='ocrx_word' id='word_1_369' title='bbox 1979 4209 2048 4265; x_wconf 89' lang='lat' dir='ltr'>ut</span> <span class='ocrx_word' id='word_1_370' title='bbox 2089 4209 2151 4265; x_wconf 89' lang='lat' dir='ltr'>et</span> <span class='ocrx_word' id='word_1_371' title='bbox 2191 4205 2518 4264; x_wconf 87' lang='lat' dir='ltr'>Mercurius</span> <span class='ocrx_word' id='word_1_372' title='bbox 2565 4203 2828 4280; x_wconf 88' lang='lat' dir='ltr'>Daphni-</span> 
     </span>
     <span class='ocr_line' id='line_1_46' title="bbox 498 4285 2826 4363; baseline 0.002 -22"><span class='ocrx_word' id='word_1_373' title='bbox 498 4285 631 4342; x_wconf 83' lang='lat' dir='ltr'>dem</span> <span class='ocrx_word' id='word_1_374' title='bbox 688 4306 932 4346; x_wconf 87' lang='lat' dir='ltr'>amore</span> <span class='ocrx_word' id='word_1_375' title='bbox 998 4287 1295 4363; x_wconf 84' lang='lat' dir='ltr'>laborare,</span> <span class='ocrx_word' id='word_1_376' title='bbox 1362 4291 1527 4347; x_wconf 90' lang='lat' dir='ltr'>cuius</span> <span class='ocrx_word' id='word_1_377' title='bbox 1595 4308 1727 4348; x_wconf 90' lang='lat' dir='ltr'>cum</span> <span class='ocrx_word' id='word_1_378' title='bbox 1796 4290 2193 4350; x_wconf 83' lang='lat' dir='ltr'>salacissimus</span> <span class='ocrx_word' id='word_1_379' title='bbox 2258 4290 2564 4348; x_wconf 84' lang='lat' dir='ltr'>hortorum</span> <span class='ocrx_word' id='word_1_380' title='bbox 2629 4293 2826 4348; x_wconf 88' lang='lat' dir='ltr'>custos</span> 
     </span>
     <span class='ocr_line' id='line_1_47' title="bbox 500 4373 2830 4451; baseline 0.002 -24"><span class='ocrx_word' id='word_1_381' title='bbox 500 4389 681 4428; x_wconf 88' lang='lat' dir='ltr'>unum</span> <span class='ocrx_word' id='word_1_382' title='bbox 739 4373 1146 4431; x_wconf 87' lang='lat' dir='ltr'>tantummodo</span> <span class='ocrx_word' id='word_1_383' title='bbox 1201 4391 1437 4432; x_wconf 85' lang='lat' dir='ltr'>sensum</span> <span class='ocrx_word' id='word_1_384' title='bbox 1494 4373 1743 4451; x_wconf 87' lang='lat' dir='ltr'>habeat,</span> <span class='ocrx_word' id='word_1_385' title='bbox 1797 4394 1918 4434; x_wconf 93' lang='lat' dir='ltr'>non</span> <span class='ocrx_word' id='word_1_386' title='bbox 1971 4379 2173 4451; x_wconf 87' lang='lat' dir='ltr'>potest</span> <span class='ocrx_word' id='word_1_387' title='bbox 2226 4393 2348 4434; x_wconf 91' lang='lat' dir='ltr'>non</span> <span class='ocrx_word' id='word_1_388' title='bbox 2404 4377 2466 4433; x_wconf 89' lang='lat' dir='ltr'>et</span> <span class='ocrx_word' id='word_1_389' title='bbox 2519 4376 2830 4433; x_wconf 87' lang='lat' dir='ltr'>mirari·et</span> 
     </span>
    </p>
   </div>
  </div>
 </body>
</html>
