3132 5129
1358 304 1823 366 -549-

415 457 766 533 intellegere
813 458 1034 533 solent,
1094 478 1250 518 nova
1292 460 1559 535 profecto
1605 461 1873 535 miraque
1917 461 2166 519 ratione.
2243 460 2367 519 Nec
2422 462 2496 519 ad
2554 462 2751 520 defen-

418 542 677 600 dendum
732 546 836 601 aut
893 544 1305 619 explicandum
1362 545 1512 602 illud
1556 545 1914 603 adiectivum
1969 546 2287 620 quicquam
2344 546 2540 604 valere
2606 565 2753 621 quas

416 628 607 686 citant
651 627 980 687 locutiones
1038 624 1261 698 πλάτας
1319 624 1773 704 ναυσιπόρους
1831 628 2028 706 Iphig.
2084 630 2225 689 Aul.
2278 631 2395 688 172
2452 634 2513 690 et
2572 651 2749 687 ναυ-

414 707 607 792 πόρῳ
652 708 828 789 ἄγειν
871 707 1064 793 πλάτῃ
1107 714 1319 777 Troad.
1368 716 1490 772 877
1539 714 1726 774 cuivis
1782 716 1968 788 patet.
2045 714 2258 790 Itaque
2305 734 2438 775 cum
2482 715 2752 775 emenda-

415 798 499 856 tio
545 798 1070 873 circumspicienda
1127 800 1232 874 sit,
1290 800 1548 874 primum
1605 800 1667 857 in
1712 799 2203 873 disceptationem
2261 801 2430 860 venit
2482 802 2752 877 Musgra-

413 884 655 941 vianum
700 876 1110 958 λινοφόροις,
1171 884 1329 958 quod
1374 888 1576 943 tamen
1635 887 1696 942 et
1740 884 2011 959 exemplo
2057 889 2219 945 caret
2260 905 2368 945 nec
2425 887 2570 946 satis
2613 889 2753 961 apte

415 969 735 1026 formatum
780 970 892 1026 est.
968 967 1133 1026 Nihil
1179 971 1389 1027 contra
1433 968 1775 1028 offensionis
1819 968 1998 1027 habet
2025 970 2186 1045 quod
2216 970 2751 1031 Rauchensteinius

413 1052 644 1112 invenit
690 1054 816 1109 λινο
835 1047 911 1109 τό
928 1071 1112 1129 νοις,
1143 1073 1503 1128 quamquam
1535 1054 1640 1112 et
1624 1072 1821 1128 ipsum
1852 1042 2010 1126 ἅπαξ
2041 1046 2358 1131 λεγόμενον
2380 1059 2490 1114 est.
2550 1055 2751 1115 Unum

414 1141 615 1197 tamen
676 1139 891 1212 restat,
954 1137 1025 1195 de
1084 1157 1199 1212 quo
1256 1137 1510 1212 amplius
1570 1138 1883 1197 dicendum
1943 1139 2039 1202 sit.
2116 1140 2306 1199 Metro
2364 1143 2599 1199 tantum
2659 1160 2750 1199 re-

413 1228 613 1298 specto
659 1242 791 1281 cum
823 1222 946 1281 fere
979 1219 1411 1299 λινοπόροισιν
1457 1218 1671 1299 αὔραις
1705 1223 2057 1299 edidissent,
2106 1224 2491 1284 Marklandus
2521 1226 2750 1300 primus

303 1346 308 1351 -
413 1308 682 1383 copulam
728 1307 929 1366 deesse
989 1308 1461 1389 coniungendam
1520 1327 1655 1366 cum
1714 1301 1941 1377 κώπαις
1998 1309 2333 1383 suspicatus
2392 1313 2510 1385 est,
2572 1329 2750 1385 quem

413 1396 573 1488 post
578 1392 865 1451 editorem
898 1391 1446 1468 Cantabrigiensem
1479 1396 1719 1453 secutus
1754 1392 2280 1454 Rauchensteinius
2310 1391 2755 1451 λινοτόνοισί

413 1468 465 1534 τ’
513 1466 722 1552 αὔραις
768 1478 1018 1552 scripsit.
1096 1477 1241 1535 Mihi
1300 1497 1439 1537 vero
1499 1480 1813 1538 ventorum
1872 1480 2098 1537 mentio
2154 1498 2275 1538 non
2332 1482 2453 1537 tam
2509 1480 2750 1539 coniun-

409 1562 605 1638 genda
650 1581 782 1621 cum
826 1562 1031 1636 remiS,
1091 1581 1267 1637 quam
1325 1564 1399 1621 ab
1445 1564 1518 1622 iis
1566 1563 1992 1639 distinguenda
2035 1582 2159 1623 esse
2205 1564 2471 1639 videtur,
2531 1569 2599 1622 ut
2653 1565 2747 1624 hic

410 1667 646 1723 quoque
691 1647 937 1705 eandem
981 1648 1517 1724 praepositionem,
1566 1669 1741 1724 quam
1789 1648 1943 1707 infra
1985 1669 2042 1708 v.
2090 1649 2215 1708 433
2262 1652 2421 1708 recte
2467 1669 2537 1708 ex
2571 1648 2622 1708 C
2659 1669 2747 1708 re-

409 1736 695 1807 ceperunt
738 1727 955 1803 αὕραις
1003 1728 1031 1789 ε’
1043 1752 1076 1786 ν
1121 1731 1408 1809 Νοτίαις,
1453 1735 1529 1793 ab
1576 1734 1864 1809 Euripide
1908 1734 2240 1809 profectam
2284 1734 2559 1793 arbitrer.
2631 1733 2748 1793 Ita-

411 1837 523 1893 que
568 1814 787 1875 λινοτό
808 1835 967 1885 νοις
1013 1812 1089 1874 ἐν
1132 1813 1347 1897 αὔραις
1394 1819 1618 1895 scripsi.

577 1903 649 1960 In
695 1901 1084 1979 sequentibus

814 2018 960 2095 φίλα
1003 2017 1119 2098 γὰρ
1166 2017 1327 2092 ἐλπὶς
1374 2016 1589 2099 ἐγένετ’
1640 2017 1737 2080 ἐπὶ
1781 2019 2009 2098 πήμασι
2051 2022 2298 2098 βροτώ
2311 2042 2342 2077 ν
2424 2056 2427 2061 -
2486 1996 2496 2006 ’

813 2101 1111 2181 ἄπληστος
1154 2101 1510 2184 ἀνθρώποις

410 2224 782 2283 intolerabile
837 2244 960 2283 esse
1015 2226 1055 2302 β
1071 2231 1260 2302 ροτῶ
1276 2246 1350 2282 ν-
1367 2226 1743 2302 Musgravius
1799 2231 1860 2284 et
1916 2226 2267 2302 Hartungus
2324 2227 2746 2287 intellexerunt

411 2311 621 2369 ceteris
666 2310 999 2369 silentibus„
1074 2309 1188 2369 Sed
1229 2309 1470 2368 illorum
1515 2311 1777 2369 remedia
1821 2311 1976 2369 malo
2020 2311 2117 2368 vix
2150 2312 2423 2370 meliora:
2474 2312 2744 2387 Musgra-

411 2396 544 2454 vius
589 2388 868 2470 βιότων
911 2395 1228 2488 legendum
1276 2394 1451 2471 dicit,
1500 2395 1850 2472 Hartungus
1895 2414 2035 2454 vero
2082 2395 2278 2454 deleto
2322 2394 2553 2473 βροτῶν
2596 2396 2743 2455 adeo

408 2476 572 2550 ἐλπὶς
605 2466 932 2556 ἕξάγυυσ’
970 2474 1065 2537 ἐπὶ
1097 2474 1366 2555 πήμασιν
1396 2480 1658 2555 scripsit,
1694 2481 1797 2539 ubi
1826 2512 1897 2524 -
1926 2485 1994 2539 ut
2022 2485 2217 2539 cetera
2246 2483 2472 2539 taceam
2506 2512 2582 2520 —
2617 2501 2745 2539 ver-

409 2567 548 2625 bum
594 2569 828 2624 finitum
885 2585 1059 2641 aegre
1119 2564 1507 2624 desideratur.
1587 2566 1801 2625 Latere
1862 2569 1926 2627 in
1982 2586 2052 2625 eo
2108 2566 2381 2642 genetivo
2438 2566 2740 2624 notionem

406 2658 542 2727 apte
587 2672 720 2711 cum
764 2644 1062 2726 α’πληστος
1107 2650 1581 2727 coniungendam
1635 2653 1735 2712 vix
1780 2652 2027 2711 dubium
2084 2651 2347 2724 videtur,
2409 2668 2517 2708 nec
2574 2650 2738 2708 aliud

406 2738 530 2794 eius
573 2736 836 2795 notionis
884 2735 1238 2795 vocabulum
1271 2737 1525 2794 inveniri
1558 2756 1732 2811 posse
1763 2757 1939 2813 quam
1969 2729 2102 2811 πόρ
2123 2755 2213 2792 ων
2245 2735 2523 2811 arbitror,
2560 2736 2737 2812 quod,

408 2840 763 2897 quamquam
811 2820 932 2879 fere
977 2820 1268 2896 pedestris
1315 2823 1599 2880 orationis
1630 2841 1757 2880 esse
1789 2823 1968 2897 solet,
2016 2825 2213 2880 tamen
2243 2824 2309 2879 ut
2340 2821 2742 2880 huiuscemodi

406 2907 523 2964 alia
567 2907 640 2964 ab
686 2905 988 2980 Euripidis
1031 2925 1143 2963 usu
1199 2925 1317 2964 non
1364 2907 1624 2965 alienum
1682 2907 1862 2966 fuisse
1918 2908 2090 2966 docet
2146 2906 2298 2964 illud
2363 2905 2570 2981 Suppl.
2620 2908 2740 2965 777

407 2989 721 3068 χρημάτων
767 2983 823 3045 δ’
883 2987 1032 3049 εἰσὶν
1077 2985 1284 3066 πόροι,
1342 2992 1436 3050 hic
1482 3010 1624 3051 vero
1654 2993 1935 3051 ‘absolute
1963 2991 2119 3069 ⁸poni
2166 2995 2302 3066 post
2345 2988 2744 3064 φιλόπλουτον

406 3070 667 3150 ἅμιλλαν
709 3094 913 3149 ιιοιιιο,
963 3076 1202 3150 opinor,
1250 3077 1585 3136 mirabitur.

578 3161 672 3219 Ad
719 3162 1034 3219 alteram
1081 3161 1468 3235 stropham
1500 3165 1757 3221 transeo.
1834 3161 1954 3220 Ubi
1984 3180 2143 3236 cum,
2190 3179 2341 3236 quae
2374 3181 2428 3220 v.
2462 3162 2582 3219 427
2613 3180 2740 3236 sqq.

410 3248 469 3304 in
521 3248 580 3305 B
623 3245 847 3322 legitur
891 3246 1212 3320 scriptura,
1260 3265 1380 3304 non
1425 3250 1718 3324 congruat
1763 3266 1896 3305 cum
1942 3247 2385 3320 antistrophicis

659 3376 697 3437 δ’
700 3400 817 3438 που
862 3370 1233 3456 πεντήκοντα
1275 3379 1458 3457 κορᾶν
1721 3378 2021 3455 ἑλιχθεῖσα
2065 3376 2307 3455 λαιμοτό
2309 3399 2400 3460 μω

661 3463 1075 3543 Νηρηίδων
1117 3462 1279 3542 χοροὶ
1721 3463 2129 3535 δεσποίνας
2174 3486 2333 3542 χερι
2380 3457 2546 3552 θάνῃ

663 3548 993 3628 μέλπουσιν
1037 3546 1375 3628 ἐγκυκλίως
1717 3547 1932 3620 ποινὰς
1981 3544 2150 3608 δοῦσ’
2185 3534 2571 3625 ἆντιπαλυυς,

404 3689 521 3745 iam
567 3687 792 3746 dudum
841 3688 1218 3745 Hermannus
1272 3707 1479 3746 verum
1526 3688 1841 3746 invenerat
1894 3691 2031 3762 post
2076 3681 2387 3765 Νηρῄδων
2432 3685 2602 3761 (sicl)
2649 3687 2737 3744 in-

403 3773 650 3831 serendo
706 3770 909 3846 ποσί,
976 3773 1133 3846 quod
1191 3791 1368 3847 quam
1434 3775 1671 3849 egregie
1740 3772 1920 3830 etiam
1978 3792 2013 3830 a
2072 3790 2245 3829 sensu
2300 3770 2729 3845 antistrophico
2776 3781 2807 3826 6

403 3855 564 3933 χερί
618 3857 1001 3932 respondeat,
1058 3858 1357 3916 nemiuem
1402 3857 1566 3919 latet.
1642 3857 2018 3916 Recentiores
2063 3859 2265 3914 tamen
2306 3858 2544 3931 recepto
2588 3874 2659 3913 ex
2693 3854 2744 3914 C

401 3949 529 4001 τῶν
573 3945 710 4001 ante
757 3940 1088 4017 Νηρηίδων
1144 3943 1319 4000 metri
1377 3943 1593 4000 vitium
1654 3942 1848 4000 obiter
1902 3942 2210 4017 obtegere,
2272 3940 2485 3999 deinde
2537 3942 2737 3998 autem

403 4023 736 4105 ἐγκυκλίως
781 4030 884 4086 aut
927 4046 1060 4086 cum
1103 4027 1359 4085 Heathio
1405 4028 1467 4084 in
1514 4021 1875 4103 ἐγκύκλιοι
1919 4031 2149 4085 mutare
2195 4029 2298 4084 aut
2340 4025 2508 4101 peius
2552 4025 2736 4083 etiam

407 4116 640 4188 recepto
689 4132 758 4169 ex
803 4112 1025 4170 Aldina
1055 4143 1134 4152 —
1167 4131 1305 4170 nam
1349 4111 1418 4168 de
1456 4109 1506 4170 G
1545 4111 1849 4170 dubitatur
1883 4144 1956 4153 —
1992 4131 2117 4168 και
2163 4114 2301 4169 ante
2345 4107 2734 4204 πλησιστίοισι
2812 4189 2813 4192 ¹

405 4202 617 4266 πνοαῖς
663 4216 796 4255 οιιιιι
840 4197 931 4254 his
978 4197 1121 4272 ipsis
1166 4196 1472 4256 vocabulis
1516 4196 1873 4272 coniungere
1919 4197 2272 4254 maluerunt.

574 4282 978 4356 sequentibus
1045 4302 1177 4342 cum
1237 4282 1523 4340 secundus
1582 4287 1794 4340 ventus
1863 4285 2251 4356 memoretur,
2319 4300 2433 4357 quo
2490 4281 2731 4340 iuvante

405 4365 623 4426 Graeca
665 4367 836 4426 navis
879 4368 1275 4443 periculosum
1333 4386 1367 4424 a
1409 4366 1676 4441 Bosporo
1734 4366 1805 4424 ad
1854 4367 2168 4426 Tauricam
2211 4386 2395 4444 usque
2439 4366 2555 4426 iter
2598 4385 2735 4425 con-
