3132 5129
1351 393 1808 454 -107—

402 549 687 608 auxilium
737 549 889 607 ferat
932 549 1044 624 ipsi
1103 550 1235 620 aut,
1279 550 1353 607 id
1401 551 1448 607 si
1496 550 1692 608 minus
1736 550 2045 625 placuerit,
2094 550 2363 608 hostibus
2411 556 2639 636 (erte
2614 551 2737 609 uis

407 654 479 692 ne
524 635 696 692 ferat.
2648 659 2653 664 -

570 719 831 794 Egregia
862 736 998 775 vcro
1032 721 1124 778 est
1156 718 1353 777 Aiacis
1383 719 1662 777 ferociter
1672 719 2080 797 ingredientis
2123 721 2303 794 atque
2350 738 2480 776 cum
2528 719 2736 777 ceteris

405 808 529 861 tum
566 803 809 862 Hectori
840 802 995 861 haud
1031 803 1383 862 mediocrem
1413 804 1703 861 terrorem
1750 804 2096 862 incutientis
2141 805 2341 879 imago
2373 805 2572 862 208-
2585 805 2732 860 218;

401 906 603 963 pauca,
651 907 801 962 quae
849 888 1028 945 etiam
1073 888 1218 946 alibi
1266 885 1566 964 leguntur,
1616 889 1711 947 hic
1741 907 1977 963 quoque
2007 888 2316 963 aptissime
2348 890 2544 984 posita
2574 895 2733 954 sunl
2776 881 2781 886 ’

403 977 470 1029 ut
515 973 638 1031 210
681 999 762 1020 =
811 973 862 1028 T
903 974 980 1034 58
1028 972 1105 1048 -l-
1153 974 1212 1028 A
1242 974 1308 1047 8,
1346 973 1462 1029 211
1511 970 1764 1043 Αἴας-
1784 969 2100 1048 πελώριος,
2159 991 2325 1047 ερκος
2374 960 2624 1048 Ἀχαιών
2657 998 2736 1020 =

406 1057 461 1112 Γ
483 1058 625 1128 229,
678 1058 913 1114 213-
831 1083 913 1104 ---
947 1055 998 1112 Ο
1031 1059 1152 1116 686
1201 1054 1332 1132 (ubi
1379 1061 1576 1115 tamen
1623 1054 1799 1128 φοίτα
1843 1055 2045 1132 initio)
2080 1056 2157 1132 †
2198 1077 2227 1113 τ
2256 1059 2377 1115 438
2411 1057 2541 1132 (qui
2572 1036 2737 1116 locus

411 1142 660 1201 fortasse
717 1160 789 1199 ex
847 1145 1052 1200 nostro
1109 1141 1313 1215 potius
1367 1140 1593 1216 fluxit),
1654 1144 1774 1201 215
1809 1168 1889 1190 =
1928 1143 2115 1216 1²44,
2163 1143 2282 1200 216
2330 1142 2463 1203 coll.
2510 1141 2573 1196 N
2616 1143 2735 1198 282

404 1223 616 1301 κραδίη
660 1223 884 1302 μεγάλα
931 1221 1313 1302 στέρνοισι
1360 1223 1731 1283 πατάσσει
1762 1230 1823 1286 et
1860 1229 1927 1282 Ψ
1953 1228 2078 1285 370
2108 1223 2435 1285 πάτασσε
2482 1221 2547 1282 δὲ
2594 1229 2729 1283 θυ-

402 1302 537 1385 μὸς
583 1306 852 1368 ἑκάστου.
925 1311 1126 1368 Unum
1168 1316 1275 1384 est,
1322 1312 1479 1385 quod
1523 1311 1619 1369 bic
1664 1313 1792 1368 iure
1838 1311 2116 1381 offendat,
2164 1311 2262 1369 sed
2297 1312 2588 1368 removeri
2619 1329 2738 1369 non
2770 1305 2815 1349 ⁶2.

405 1398 619 1469 potest,
666 1395 824 1471 quod
871 1396 1082 1469 primis
1127 1395 1357 1453 duobus
1405 1397 1673 1454 versibus
1717 1391 1995 1475 (quorum
2044 1396 2164 1453 206
2198 1422 2278 1442 -·--
2316 1394 2374 1450 Π
2410 1396 2556 1468 130)
2592 1398 2737 1463 Aiax

403 1499 568 1538 arma
624 1480 891 1538 induisse
946 1480 1318 1553 perhibetur,
1381 1500 1513 1538 cum
1573 1485 1774 1538 tamen
1822 1500 1889 1539 ea
1934 1481 2162 1539 exuisse
2207 1498 2493 1555 nusquam
2544 1479 2740 1538 dictus

404 1565 499 1637 sit,
546 1567 727 1623 immo
774 1565 1137 1623 contrarium
1185 1585 1255 1622 ex
1303 1567 1377 1623 61
1414 1584 1499 1641 sq.

658 1699 734 1709 -
827 1698 902 1707 —
993 1698 1076 1707 -—
1163 1664 1352 1741 στίχες
1397 1662 1558 1723 εἴατο
1601 1664 1856 1740 πυκναί,

655 1744 867 1807 ἀσπίσι
910 1747 1010 1809 καὶ
1053 1748 1382 1829 κορύθεσσι
1426 1748 1524 1808 καὶ
1570 1747 1759 1828 ἔγχεσι
1802 1753 2155 1826 πεφρικυῖαι

404 1851 878 1912 concludendum
929 1853 1216 1911 videatur.

569 1938 700 2007 Quo
756 1939 949 2013 magis
1003 1956 1113 1995 nos
1166 1937 1431 1995 advertit
1487 1935 1928 1995 nobilissimum
1975 1938 2048 1995 de
2092 1938 2293 1996 Aiacis
2337 1937 2528 2013 clipeo
2577 1939 2737 2012 frag-

401 2024 664 2080 mentum
737 2023 1124 2094 220—224‚
1193 2021 1352 2095 quod
1419 2041 1663 2096 prorsus
1717 2022 1998 2079 abhorret
2050 2042 2085 2079 a
2140 2024 2326 2080 totius
2392 2023 2738 2098 rhapsodiae

401 2106 664 2182 amythia
721 2101 888 2184 (nam
947 2106 1018 2164 de
1078 2106 1503 2164 Ereuthalione
1548 2109 1609 2165 et
1655 2106 1938 2164 Areithoo
1986 2127 2164 2182 supra
2207 2103 2490 2185 vidimus)
2538 2102 2627 2177 et,
2686 2109 2735 2165 si

399 2191 638 2267 quidem
683 2191 761 2248 ab
806 2193 935 2265 ipso
981 2193 1106 2249 eius
1148 2194 1389 2249 auctore
1436 2191 1769 2266 profectum
1815 2195 2000 2260 esset,
2050 2192 2251 2266 potius
2296 2193 2450 2251 eirca
2496 2192 2616 2250 206
2650 2211 2736 2266 sq.

401 2277 659 2350 positum
720 2275 900 2333 fuisse
957 2275 1211 2335 videtur.
1300 2274 1512 2350 Itaque
1570 2295 1703 2333 cum
1765 2276 1921 2333 infra
1979 2278 2039 2333 in
2086 2277 2316 2333 misella
2361 2295 2594 2351 pugnae
2640 2277 2736 2333 de·

402 2361 724 2434 scriptione
759 2360 1091 2418 245—-248
1123 2360 1439 2437 peculiaris
1473 2364 1672 2418 lamen
1704 2359 1866 2418 illius
1912 2360 2084 2435 clipei
2131 2360 2321 2419 forma
2366 2361 2735 2434 respiciatur,

401 2444 674 2520 equidem
722 2445 819 2501 vix
865 2444 1095 2514 dubito,
1143 2446 1288 2520 quin
1338 2449 1529 2503 toturn
1579 2445 1732 2502 hunc
1775 2444 1969 2503 locum
2017 2464 2087 2503 ex
2118 2445 2433 2503 Homerico
2479 2446 2736 2503 carmine

403 2530 757 2605 surripuerit
800 2533 1020 2603 noster,
1068 2550 1142 2589 ne
1188 2547 1548 2606 magnopere
1594 2528 1831 2605 quidem
1865 2549 1993 2588 eam
2025 2530 2100 2588 ob
2132 2549 2256 2588 rem
2288 2528 2732 2605 vituperandus.

404 2614 842 2684 Quaerentibus
897 2618 1095 2674 autem
1151 2616 1357 2687 nobie,
1414 2616 1584 2673 euius
1641 2616 1921 2673 carminis
1979 2616 2261 2689 primitus
2307 2635 2374 2674 ea
2418 2614 2736 2689 descriptio

407 2700 608 2771 fuerit,
655 2703 864 2773 sponte
909 2700 1153 2758 offertur
1202 2693 1641 2778 Ἀγαμέμνονος
1696 2694 1999 2771 α’ριστεία,
2056 2700 2158 2758 ubi
2208 2702 2535 2758 vulneratis
2580 2700 2734 2775 Aga-

405 2801 716 2842 memnone
761 2783 1050 2842 Diomede
1083 2785 1255 2843 Ulixe
1300 2783 1673 2860 fugientibus
1719 2786 1930 2843 ceteris
1976 2803 2128 2842 unus
2173 2784 2452 2859 „clipei
2500 2785 2736 2842 domi-

404 2888 534 2927 nus
597 2868 1133 2943 septemplicis
1189 2869 1424 2928 Aiax“
1486 2869 1908 2943 tranquille
1974 2869 2385 2929 recedendo
2446 2902 2518 2910 —
2580 2869 2736 2944 quod

408 2953 960 3012 validissimum
1002 2973 1296 3029 quemque
1339 2954 1530 3013 facere
1578 2953 1764 3011 solere
1809 2953 2204 3012 Borussorum
2250 2954 2350 3011 ille
2398 2956 2489 3012 vir
2534 2952 2737 3012 diabo-

409 3039 554 3096 licus
611 3038 856 3097 iactavit
913 3070 986 3078 -
1046 3038 1345 3097 labantem
1404 3038 1763 3097 Achivorum
1834 3040 2143 3112 „restituit
2205 3038 2388 3096 rem“.
2483 3039 2612 3108 Quo
2675 3039 2737 3095 in

403 3124 644 3197 negotio
689 3141 824 3181 cum
868 3124 1091 3197 primae
1137 3124 1359 3182 fuerint
1405 3126 1605 3197 partes
1648 3124 1913 3199 ingentis
1957 3124 2134 3197 clipei
2170 3154 2246 3163 —
2280 3123 2353 3181 cf.
2388 3125 2449 3178 A
2480 3123 2600 3180 572
2635 3154 2734 3195 —‚

405 3206 502 3266 ubi
550 3208 814 3281 primum
855 3208 984 3267 eius
1029 3209 1254 3267 mentio
1300 3206 1369 3267 fit
1411 3207 1555 3265 ibid.
1603 3210 1740 3282 post
1783 3209 1905 3267 485

573 3322 735 3394 Αἴας
780 3314 841 3383 δ’
889 3318 1148 3403 ἐγγύθεν
1191 3316 1365 3403 ἦλθε,
1412 3320 1614 3403 φέρων
1656 3323 1834 3394 σάκος
1883 3315 2022 3400 ἠύτε
2067 3321 2318 3401 πύργον,

405 3446 641 3502 nostros
695 3447 879 3504 etiam
936 3446 1198 3520 quinque
1252 3463 1458 3503 versus
1516 3447 1775 3520 positOS,
1836 3448 1963 3501 tum
2012 3462 2146 3501 vero
2192 3444 2315 3502 486
2365 3446 2432 3501 ut
2475 3443 2567 3500 hic
2614 3443 2735 3499 225

407 3535 512 3605 στῆ
558 3525 648 3603 ῥα
694 3525 876 3607 παρέξ
920 3531 1204 3626 scriptum
1253 3529 1432 3602 fuisse
1476 3530 1756 3588 arbitror.

572 3613 812 3674 Mutnae
859 3634 1009 3689 quae
1054 3615 1169 3671 iam
1205 3617 1533 3688 sequuntur
1561 3614 1806 3671 heroum
1843 3613 2140 3672 orationes
2174 3614 2375 3669 226-
2386 3612 2507 3669 243
2542 3612 2737 3668 minus

405 3697 638 3773 probari
704 3703 982 3774 possunt,
1051 3718 1408 3773 quamquam
1474 3699 1741 3756 nondum
1810 3716 2052 3773 prorsus
2106 3698 2181 3755 ad
2243 3696 2552 3755 imitatorii
2610 3694 2735 3753 stili

403 3784 658 3857 ineptias
702 3782 990 3854 recidunt,
1040 3784 1243 3858 quales
1288 3783 1458 3842 initio
1490 3783 1709 3841 multas
1740 3777 2391 3841 notavimu3.0136&ev
2434 3770 2557 3849 οἷος
2590 3781 2732 3850 226,

408 3886 524 3943 quo
581 3869 819 3944 egregie
878 3868 990 3927 sibi
1046 3868 1338 3943 placuisse
1396 3868 1660 3940 videtur,
1722 3888 1791 3925 ex
1839 3869 1917 3926 39
1965 3867 2218 3941 repetiit.
2309 3865 2501 3924 Huius
2548 3867 2609 3921 et
2653 3882 2736 3922 se-

409 3952 645 4027 quentis
690 3972 895 4012 versus
938 3952 1194 4012 colorem
1242 3973 1312 4011 ex
1359 3972 1379 4007 ι
1411 3953 1534 4010 348
1583 3953 1765 4010 traxit

651 4060 795 4148 οφρ’
847 4070 1041 4151 εἰδῇς,
1087 4061 1223 4128 οἷόν
1268 4091 1321 4127 τι
1363 4065 1548 4129 ποτὸν
1593 4066 1727 4129 τόδε
1774 4075 1925 4146 νηῦς
1972 4063 2310 4142 ἐκεκεύθει,

401 4207 519 4246 non
584 4190 730 4247 satis
799 4193 1149 4265 opportune.
1266 4189 1472 4263 Neque
1544 4189 1703 4247 enim
1772 4206 1975 4247 omnes
2034 4187 2278 4246 omnino
2346 4186 2734 4246 Troianorum

402 4260 680 4349 ἀριστῆες
735 4265 1120 4349 ἀριστήεσσιν
1176 4273 1531 4332 Graeeorum
1590 4278 2047 4348 componuntur
2137 4270 2212 4330 V.
2247 4273 2368 4330 228
2400 4298 2482 4320 ==
2514 4272 2579 4328 11
2622 4273 2738 4328 146

407 4356 481 4430 -Ι-
517 4358 573 4413 Ε
606 4360 730 4417 639
764 4356 825 4435 (λ,
859 4356 1033 4438 266).
1123 4358 1456 4434 Sequentes
1511 4358 1630 4417 duo
1679 4377 1881 4417 versus
1925 4359 2018 4416 vel
2064 4358 2124 4414 in
2170 4357 2575 4416 recentissimo
2622 4375 2740 4413 em-

410 4440 680 4514 blemate,
728 4443 885 4519 quod
924 4444 970 4500 B
1006 4445 1335 4501 761-779
1368 4443 1672 4519 habemuS,
1722 4445 1833 4501 771
1875 4461 1963 4518 sq.
1995 4442 2194 4519 aptius
2237 4443 2521 4519 leguntur
2563 4460 2738 4517 quam
