3132 5129
1381 364 1632 427 ..92
1724 403 1794 411 -.

588 523 807 582 Statim
852 524 1024 581 initio
1071 542 1220 599 quae
1263 542 1438 581 causa
1480 523 1743 593 affertur,
1791 541 1909 597 qua
1942 522 2224 594 Minerva,
2273 525 2340 580 ut
2382 522 2456 580 ab
2488 521 2752 598 Olympo

416 608 801 667 descenderet
831 606 1069 667 Graecis
1115 607 1498 683 opitulatura,
1545 607 1831 683 perducta
1872 606 2238 683 perhibetur,
2284 626 2354 665 ea
2398 609 2582 666 causa'
2611 624 2756 682 pro-

420 692 574 751 fecto
618 711 738 751 non
783 692 965 768 digna
1008 695 1100 751 est
1145 694 1315 751 tanto
1359 695 1563 751 tantae
1610 692 1753 750 deae
1798 692 2116 750 molimine.
2191 691 2429 750 Etenim
2462 691 2603 768 quid
2636 694 2748 764 est,

420 777 575 852 quod
622 781 762 852 post
805 781 927 836 tam
974 778 1279 854 ingentem
1323 777 1716 836 Troianorum
1762 777 1990 835 cladem
2036 776 2260 835 Hector
2289 776 2457 835 Paris
2488 777 2751 837 Glaucus

416 862 684 938 singulos
730 863 930 922 hostes
976 861 1346 921 interficiunt
1374 862 1613 921 nomine
1642 862 1936 936 factisque
1968 860 2302 920 obscuros?
2376 861 2501 920 Nec
2533 861 2752 920 fefellit

412 947 523 1006 hoc
570 947 1006 1005 incommodum
1038 947 1379 1006 Faesium
1421 950 1712 1017 nostrum,
1762 947 1865 1021 qui
1897 946 2115 1006 diserte
2148 949 2348 1004 monet
2382 941 2476 1025 [ad
2509 947 2576 1002 H
2606 941 2705 1024 13]
2733 965 2749 1004 :

413 1031 762 1099 „Natarlich
827 1033 965 1090 sind
1019 1033 1170 1091 disse
1220 1032 1597 1106 Erleyunyen
1651 1049 1771 1089 nur
1822 1033 1911 1089 als
1978 1032 2230 1090 cinzdnc
2290 1032 2570 1104 Bcispiclc
2633 1050 2753 1090 von

415 1118 651 1175 vielcn
693 1117 1039 1190 anyefiihrt‚·
1081 1122 1241 1175 son-st
1285 1123 1441 1175 wcire
1483 1117 1594 1174 das
1628 1116 2176 1190 Wiedcreinyrcifcn
2205 1118 2306 1174 der
2335 1115 2557 1174 Athene
2592 1118 2666 1173 17
2684 1117 2748 1174 ff.

410 1202 565 1260 nicht
608 1203 965 1276 ltinlcinylich
1020 1203 1390 1276 beyrimdetf‘
1480 1201 1707 1271 Quibus
1752 1200 1949 1262 verbis
1996 1219 2063 1258 ex
2111 1201 2282 1260 istius
2328 1200 2603 1260 editionis
2650 1201 2742 1258 in-

412 1287 623 1345 stituto
668 1290 900 1344 tantum
944 1286 1238 1346 nasutulis
1284 1285 1617 1344 sollertium
1663 1303 1982 1359 puerorum
2026 1286 2593 1361 interrogationibus
2640 1285 2745 1342 ob·

412 1371 568 1429 viam
612 1371 711 1443 iri,
770 1372 1013 1429 minime
1069 1390 1208 1430 vero
1263 1371 1435 1430 iustis
1491 1388 1833 1428 severorum
1891 1370 2230 1427 criticorum
2277 1370 2751 1429 dubitationibus

411 1456 683 1515 satisfieri
714 1475 833 1513 non
881 1475 1028 1530 opus
1074 1460 1166 1514 est
1210 1456 1416 1513 multis
1465 1453 1923 1526 demonstretur,
1971 1473 2104 1512 cum
2149 1473 2221 1512 ne
2271 1455 2463 1529 ipsum
2511 1454 2748 1529 quidem

411 1541 719 1617 egregium
776 1541 968 1597 virum
1023 1540 1116 1598 vel
1173 1539 1480 1615 paululum
1543 1538 1818 1597 dubitare
1876 1539 2161 1611 arbitrer,
2225 1541 2398 1614 quin,
2458 1539 2749 1598 eiusmodi

410 1625 552 1700 quid
597 1624 646 1683 si
693 1625 1078 1684 voluisset
1123 1624 1391 1698 intellegi
1438 1628 1630 1699 poeta,
1678 1623 2087 1682 debuisset
2132 1623 2192 1682 id
2238 1623 2546 1682 nonnullis
2591 1629 2751 1682 certe

411 1710 680 1768 versibus
726 1709 946 1767 diserte
990 1708 1267 1770 indicare.
1346 1708 1556 1784 Itaque
1588 1709 1639 1766 si
1668 1709 1800 1784 quis
1832 1708 1980 1766 hanc
2013 1709 2411 1767 narrationem
2446 1708 2741 1767 Homiliac

413 1813 540 1851 esse
586 1793 698 1852 sibi
743 1792 992 1868 aliisque
1038 1793 1394 1869 persuadere
1440 1793 1603 1863 velit,
1650 1794 1703 1852 ei
1748 1792 2160 1852 huiuscemodi
2207 1793 2491 1868 quosdam
2539 1812 2746 1851 versus

414 1878 569 1935 inter
604 1880 679 1936 16
713 1882 774 1936 et
807 1880 880 1933 17
915 1877 1199 1937 excidisse
1243 1878 1626 1936 statuendum
1672 1882 1781 1937 est.
1859 1876 1970 1935 Cui
2017 1880 2387 1937 coniecturae
2431 1878 2750 1953 quominus

411 1963 591 2020 ullam
639 1962 814 2020 fidem
859 1962 1215 2032 habeamus,
1264 1963 1508 2021 obstant
1551 1963 1669 2021 alia
1710 1981 1831 2020 non
1875 1962 2071 2021 minus
2114 1963 2339 2039 gravia.
2415 1963 2567 2021 Nam
2610 1966 2751 2037 post

411 2067 510 2120 ea,
573 2065 721 2122 quae
779 2047 851 2105 de
910 2047 1241 2122 pernicioso
1297 2047 1605 2106 Diomedis
1660 2047 1861 2105 furore
1917 2051 2150 2105 narrata
2195 2051 2368 2119 sunt,
2419 2048 2511 2104 cui
2560 2047 2749 2105 furori

413 2131 685 2191 humanis
758 2130 969 2206 opibus
1025 2132 1474 2208 inexpugnabili
1531 2135 1603 2190 ut
1655 2132 1785 2206 ipsa
1842 2131 1952 2190 dea
2007 2131 2183 2190 finem
2242 2131 2422 2190 faciat
2476 2131 2749 2205 publicas
2858 2207 2873 2213 ·

412 2234 614 2291 preces
670 2216 1066 2292 imperaturus
1111 2216 1338 2276 Hector
1392 2219 1454 2275 in
1510 2217 1717 2274 urbem
1775 2216 1953 2289 abiit,
2013 2220 2153 2291 post
2203 2236 2272 2274 ea
2315 2217 2503 2292 igitur
2547 2216 2750 2275 omnia

413 2301 675 2375 profecto
720 2301 869 2360 nihil
917 2301 1167 2359 alienius
1211 2301 1359 2377 fingi
1388 2304 1604 2376 potest,
1652 2319 1827 2375 quam
1859 2301 2018 2376 quod
2050 2302 2122 2359 de
2154 2301 2257 2360 illo
2287 2300 2532 2376 quidem
2564 2300 2745 2359 Grae·

412 2402 618 2445 corum
673 2389 1115 2462 propugnatore
1174 2386 1358 2444 altum
1418 2385 1616 2444 subito
1674 2385 1902 2460 ingruit
1957 2386 2296 2454 silentium,
2356 2385 2556 2444 eadem
2607 2404 2748 2444 vero

411 2471 536 2528 eius
594 2474 845 2545 patrona
901 2471 972 2529 de
1029 2471 1189 2529 caelo
1251 2469 1489 2546 delapsa
1534 2469 1766 2528 consilii
1813 2471 2013 2544 inops,
2075 2471 2220 2546 quid
2266 2469 2597 2528 faciendum
2645 2471 2746 2542 sit,

413 2576 483 2614 ex
540 2554 647 2613 deo
694 2553 935 2615 Graecis
995 2555 1383 2614 infestissimo
1443 2555 1695 2630 quaerit.
1786 2553 1900 2613 Sed
1947 2555 2088 2629 quid
2135 2574 2247 2632 ego
2294 2555 2566 2631 singulae
2609 2555 2750 2614 huic

411 2640 494 2698 rei
541 2640 780 2715 insisto,
842 2659 974 2698 cum
1020 2641 1282 2698 omnium
1329 2640 1570 2698 omnino
1617 2658 1814 2697 rerum
1862 2640 1919 2697 in
1968 2641 2016 2696 Z
2061 2643 2183 2698 tam
2228 2645 2503 2699 accurate
2546 2659 2748 2699 narra-

412 2730 605 2784 tarum
651 2743 725 2783 ne
770 2725 1118 2782 tenuissima
1173 2725 1414 2800 quidem
1460 2724 1522 2781 in
1561 2723 1633 2778 H
1663 2726 1735 2781 17
1770 2743 1902 2800 sqq.
1949 2726 2202 2800 repereri
2261 2725 2453 2800 possit
2496 2744 2750 2784 comme-

414 2809 710 2867 moratio‘?

579 2893 662 2951 Et
706 2893 968 2968 profecto
1015 2893 1270 2952 debebat
1302 2892 1538 2968 ApoIIO,
1588 2896 1656 2951 ut
1686 2894 2017 2951 Minervam
2066 2897 2365 2953 averteret
2405 2893 2482 2953 ab
2525 2894 2749 2953 auxilio

417 2977 655 3037 Graecis
709 2977 948 3036 ferendo
1004 2979 1065 3036 in
1122 2978 1387 3036 notanda
1433 2977 1557 3036 eius
1600 2977 1883 3036 adversus
1930 2978 2217 3037 Troianos
2261 2979 2753 3038 immisericordia

409 3058 561 3137 (ἐπεὶ
602 3058 680 3120 οὔ
721 3082 775 3118 τι
825 3064 1027 3140 Τρῶας
1082 3056 1520 3139 ἀπολλυμένους
1579 3056 1943 3139 ἐλεαίρεις
1991 3061 2100 3141 27)
2143 3064 2219 3121 ad
2263 3063 2584 3122 eorundem
2627 3064 2748 3137 pie-

410 3150 594 3205 tatem
648 3148 1165 3223 precationemque
1208 3166 1554 3223 provocare,
1621 3146 1873 3206 debebat
1914 3148 2214 3216 Minerva,
2260 3149 2309 3206 si
2352 3147 2591 3223 quidem
2636 3148 2749 3206 hoc

409 3233 540 3307 ipso
595 3233 842 3291 consilio
887 3234 1004 3291 iam
1047 3235 1223 3290 antea
1266 3236 1439 3308 capto
1486 3232 1811 3308 Olympum
1856 3232 2125 3308 reliquit,
2188 3233 2339 3290 hanc
2380 3234 2569 3307 ipsam
2618 3251 2745 3290 mu-

412 3317 520 3373 tati
567 3316 750 3374 animi
796 3317 979 3383 fuisse
1026 3335 1262 3375 causam
1306 3315 1595 3393 profiteri,
1648 3315 1906 3375 debebat
1935 3316 2201 3376 Helenus
2247 3335 2468 3375 novum
2500 3316 2748 3376 Hectori

412 3401 654 3459 daturus
713 3402 1038 3461 consilium.
1079 3403 1298 3476 prioris
1358 3401 1519 3460 illius
1563 3403 1612 3460 si
1659 3418 1780 3459 non
1826 3404 1946 3460 vim
1991 3401 2382 3476 effectumque
2427 3403 2747 3471 sciscitare,

409 3486 667 3560 aliquam
715 3490 872 3544 certe
918 3487 1278 3544 mentionem
1328 3486 1536 3558 facere,
1585 3485 1841 3544 debebat
1881 3487 1943 3544 in
1974 3486 2351 3545 recensendis
2382 3485 2745 3545 Graecorum

411 3570 680 3644 ducibus,
730 3572 831 3646 qui
874 3569 951 3628 ad
982 3569 1283 3646 singulare
1327 3589 1388 3629 se
1419 3570 1665 3630 Hectori
1695 3570 2040 3629 obtulerunt
2069 3572 2384 3641 certamen,
2429 3570 2750 3629 Diomedes

410 3658 479 3714 ut
522 3657 786 3715 omnium
830 3655 941 3714 hoc
984 3654 1223 3730 quidem
1258 3657 1526 3731 tempore
1556 3656 1826 3731 princeps
1857 3650 1937 3735 (Z
1968 3657 2045 3713 97
2073 3674 2161 3730 sq.
2190 3652 2404 3757 ἄγριον
2431 3649 2745 3731 αἰχμητήν,

345 3748 372 3794 7
407 3736 693 3817 κρατερὸν
744 3733 1022 3815 μήστωρα
1078 3735 1323 3815 φόβοιο,
1385 3739 1393 3811 Ι
1454 3735 1525 3798 ὃν
1591 3736 1666 3815 δὴ
1736 3735 1845 3815 ἐγὼ
1905 3735 2217 3815 κάρτιστον
2285 3740 2532 3815 Αχαιῶν
2595 3736 2751 3815 φημὶ

411 3819 716 3902 γενέσθαι,
763 3828 828 3882 ut
873 3825 942 3883 de
973 3824 1362 3899 sequentibus
1392 3824 1660 3885 versibus
1694 3825 1977 3883 99—101
2016 3828 2240 3883 taceam
2275 3825 2465 3883 serius
2496 3824 2749 3883 fortasse

416 3904 630 3989 illatis)
677 3909 1072 3984 qualicunque
1118 3911 1320 3967 tamen
1350 3908 1526 3967 modo
1572 3909 1785 3983 efferri,
1833 3928 1966 3968 cum
2010 3928 2170 3968 nunc
2212 3911 2370 3969 inter
2414 3912 2642 3968 ceteros
2688 3913 2751 3967 et

414 3995 538 4069 ipse
570 3994 881 4053 delitescat
909 3994 1184 4052 Hectoris
1214 3994 1697 4069 provocationem
1730 3993 1938 4052 timide
1969 3993 2368 4053 detrectantes
2401 3989 2509 4070 (93
2541 3992 2753 4052 δεῖσαν

415 4071 477 4135 δ’
538 4072 900 4156 ὑποδέχθαι)
956 4083 1018 4137 et
1074 4078 1167 4137 vel
1220 4078 1297 4137 ad
1342 4079 1597 4138 Menelai
1653 4078 2139 4138 contumeliosam
2197 4079 2593 4138 temeritatem
2639 4080 2747 4136 im-

415 4166 606 4222 motos
661 4164 762 4223 sed
818 4164 998 4240 longo
1057 4164 1156 4222 vix
1212 4164 1451 4223 demum
1495 4163 1770 4223 Nestoris
1825 4164 2091 4223 convicio
2148 4165 2358 4222 virtuti
2403 4164 2745 4222 restitutos!

580 4247 832 4320 Eorum,
879 4267 1030 4323 quae
1073 4268 1251 4326 aegre
1295 4248 1727 4321 desideramus,
1785 4249 1915 4307 loco
1960 4250 2323 4321 invenimus,
2369 4266 2521 4323 quae
2566 4248 2746 4323 longe

410 4332 586 4390 aliter
651 4333 931 4391 instituta
987 4333 1293 4395 vellemus,
1385 4334 1540 4393 Nolo
1593 4352 1885 4409 premere,
1943 4332 2102 4410 quod
2155 4335 2429 4392 iterum
2489 4328 2599 4409 (24
2654 4322 2749 4389 αὖ

411 4410 699 4496 μεμαυῖα)
732 4416 1000 4477 Minerva
1031 4417 1289 4495 Olympo
1321 4418 1674 4479 descendere
1720 4417 1964 4477 dicitur:
2008 4418 2085 4476 ad
2133 4420 2259 4477 eius
2304 4417 2748 4492 expeditionem
