3132 5129
1440 1219 1586 1304 IX.

732 1410 826 1479 De
865 1409 1202 1498 Odysseae
1243 1408 1655 1479 carminibus
1694 1409 2088 1480 dissertatio
2126 1405 2278 1506 11¹).

504 1579 861 1639 Accedimus
919 1581 1036 1638 iam
1082 1580 1156 1639 ad
1196 1582 1536 1655 quartam
1583 1582 1861 1640 carminis
1920 1583 2112 1641 nostri
2168 1581 2674 1659 rhapsodiam,
2707 1591 2738 1637 3

331 1685 453 1741 qua
493 1659 845 1722 Ἀλκίνου
897 1659 1262 1742 ἆπόλογοι
1321 1665 1724 1727 continentur.
1800 1666 2000 1724 Inesse
2046 1668 2105 1724 in
2153 1686 2248 1742 ea,
2295 1669 2528 1743 qualem
2572 1669 2676 1727 ho-

330 1751 427 1808 die
485 1769 599 1825 per
655 1752 937 1826 quattuor
996 1750 1181 1809 libros
1237 1770 1410 1824 ι-μ
1455 1753 1755 1808 extensam
1814 1751 2100 1826 legimus,
2157 1752 2229 1809 do
2289 1753 2480 1813 Ulixis
2536 1754 2676 1813 fatis

330 1835 679 1894 narratione
725 1839 880 1894 tres
927 1834 1145 1894 diversi
1190 1836 1425 1911 generis
1482 1838 1749 1909 partes
1805 1836 1867 1893 in
1913 1836 2017 1894 illo
2075 1855 2348 1896 sermone
2407 1840 2672 1913 exposui,

330 1939 587 1996 quarum
645 1920 903 1995 partium
962 1920 1214 1995 primam
1275 1919 1563 1978 Ciconum
1620 1919 2109 1995 Lotophagorum
2168 1923 2339 1980 Aeoli
2399 1923 2674 1998 Laestry-

329 2024 562 2081 gonum
623 2004 854 2063 fabulas
909 2005 1175 2064 breviter
1229 2004 1613 2063 adumbratas
1659 2000 1709 2082 (ι
1741 2007 2054 2067 39-.-105.
2110 2025 2145 2062 κ
2181 2002 2457 2087 1-134)
2516 2025 2672 2065 com-

333 2091 694 2166 plectentem
762 2109 832 2147 ex
892 2090 1225 2165 antiquiore
1292 2089 1547 2187 apologo
1603 2090 1667 2147 in
1734 2108 1908 2148 suum
1975 2108 2125 2166 opus
2179 2091 2383 2149 ordine
2440 2095 2674 2150 tantum

332 2174 645 2250 paululum
704 2176 935 2233 mutato
993 2176 1118 2250 ipse
1161 2174 1440 2234 carminis
1498 2178 1675 2250 poeta
1719 2175 2037 2250 receperit,
2101 2175 2203 2251 qui
2251 2177 2492 2250 quidem
2550 2177 2675 2252 ipse

331 2265 393 2318 et
438 2258 873 2336 Cyclopis,
881 2259 1337 2334 ,“adventuram
1404 2294 1474 2302 —-
1530 2262 1599 2317 ut
1640 2259 1748 2318 hoc
1803 2260 2093 2319 vocabulo
2150 2262 2285 2317 utar
2347 2280 2415 2318 ex
2472 2266 2677 2320 nostra

332 2345 515 2403 medii
563 2345 693 2403 aevi
751 2346 917 2419 poesi
973 2343 1326 2420 deprompto
1372 2376 1453 2385 —-
1498 2344 1561 2402 in
1618 2345 2099 2420 Laestrygonum
2158 2344 2556 2404 virivororum
2615 2353 2677 2403 et

331 2428 595 2488 Circes
640 2430 702 2487 in
735 2429 1224 2504 Lotophagorum
1267 2429 1650 2505 hospitalium
1681 2429 1985 2487 victricem
2017 2429 2471 2489 aemulationem
2501 2431 2677 2489 solita

331 2515 626 2589 suavique
671 2516 800 2573 arte
844 2517 1115 2574 accurate
1159 2514 1589 2591 descripserit3
1619 2514 1755 2573 huic
1787 2533 1925 2573 vero
1956 2516 2150 2574 nostri
2181 2516 2392 2590 poetae
2423 2515 2675 2592 apologo

331 2602 618 2659 insertam
664 2618 793 2659 esse
838 2620 875 2657 a
916 2600 1248 2659 recentiore
1304 2604 1481 2674 poeta
1535 2599 1592 2658 N
1608 2619 1683 2658 ec
1693 2601 1889 2675 yiam
1930 2600 2125 2677 ‘variis
2182 2600 2425 2675 insuper
2467 2604 2675 2675 postea

331 2684 900 2761 interpolationibus
956 2683 1377 2759 amplificatam
1440 2687 1504 2742 et
1558 2685 1631 2744 de
1702 2684 2110 2744 Thrinacia
2160 2685 2356 2743 insula
2413 2685 2672 2743 fabulam

332 2768 396 2847 (κ
426 2771 791 2828 490-574.
836 2771 885 2826 λ.
930 2791 973 2844 μ
1019 2770 1242 2826 1—22.
1297 2769 1650 2826 127—141.
1700 2766 2085 2847 261—404).

507 2854 604 2912 Ab
649 2854 757 2912 hac
801 2854 1039 2912 tertia
1082 2856 1278 2911 autem
1335 2857 1549 2929 parte
1607 2856 1677 2911 ut
1734 2854 2042 2928 incipiam,
2101 2873 2230 2912 eam
2273 2855 2552 2931 primitus
2598 2855 2672 2912 ab

330 2958 434 3013 eo,
484 2958 662 3014 quem
708 2941 1064 3013 tractamuS,
1111 2938 1349 2997 Nosto
1394 2938 1657 2997 abfuisse
1686 2938 1858 2996 facile
1889 2937 2280 2998 demonstrari
2327 2943 2543 3014 potest,
2592 2940 2676 2997 ita

333 3028 403 3081 ut
455 3041 647 3099 pauca
704 3041 890 3099 eaque
941 3023 1294 3099 gravissima
1361 3022 1486 3081 eius
1542 3024 1629 3081 rei
1688 3022 1907 3081 indicia
1962 3025 2341 3099 proposuisse
2397 3024 2671 3082 sufficiat.

331 3108 421 3167 Ac
465 3109 727 3184 primum
771 3107 1011 3185 quidem
1057 3109 1106 3166 si
1152 3112 1363 3167 noster
1408 3110 1588 3181 poeta
1631 3108 1706 3165 de
1737 3106 1936 3166 Circes
1982 3109 2333 3189 parentibus
2378 3110 2524 3167 haec
2568 3128 2672 3167 no-

334 3192 424 3252 bis
469 3193 709 3252 rettulit
752 3213 790 3250 κ
823 3194 943 3252 135
972 3212 1105 3268 sqq.

589 3309 817 3387 Αἰαίην
859 3306 920 3368 d’
969 3307 1029 3382 ἐς
1074 3317 1265 3388 νῆσον
1306 3304 1641 3387 ἀφικόμεθ’
1666 3327 1680 3341 ·
1741 3306 1895 3369 ἔνθα
1940 3305 2002 3368 δ’
2053 3307 2208 3369 ἔναιε

589 3393 784 3473 Κίρκη
829 3392 1234 3471 ἐυπλόκαμος,
1279 3392 1448 3471 δεινὴ
1492 3390 1637 3466 θεὸς
1681 3389 2021 3472 αὐδήεσσα,

589 3474 1066 3585 αὐτοκασιγνήτη
1109 3476 1465 3557 ὀλοόφρονος
1512 3477 1775 3556 Αἰήταο·

589 3564 776 3640 αμφω
820 3560 879 3624 δ’
932 3561 1250 3645 ἐκγεγάτην
1293 3562 1862 3642 φαεσιμβρότου
1902 3560 2214 3623 Ἠελίοιο

590 3648 809 3727 μητρός
854 3646 910 3708 τ’
960 3647 1025 3709 ἐκ
1069 3646 1341 3729 Πέρσης,
1399 3646 1507 3726 τὴν
1546 3643 1834 3720 Ὠκεανὸς
1880 3645 2006 3708 τέκε
2050 3647 2267 3719 παῖδα,

331 3769 602 3844 profecto
658 3769 815 3828 idem
871 3787 992 3828 non
1047 3773 1284 3845 poterat
1340 3770 1665 3845 nympham
1719 3791 1762 3844 μ
1823 3770 2022 3827 127-
2035 3770 2149 3827 141
2211 3771 2297 3827 ita
2351 3771 2542 3829 facere
2602 3769 2673 3828 de

334 3854 547 3914 Solis
605 3855 803 3913 insula
847 3853 1041 3913 bubus
1094 3854 1331 3912 filiabus
1389 3857 1812 3929 exponentem,
1871 3859 1941 3920 ut
1995 3854 2164 3912 illum
2213 3854 2450 3928 quidem
2498 3854 2673 3912 deum

333 3959 510 3997 avum
559 3958 734 3998 suum
779 3958 906 3998 esse
938 3957 1290 4013 omnemque
1337 3958 1471 3997 cum
1518 3938 1625 3998 illo
1672 3938 2090 4014 cognationem
2131 3957 2378 4014 prorsus
2425 3942 2668 3999 taceret.

332 4023 458 4084 Nec
512 4023 913 4098 athetesibus,
977 4023 1196 4100 quibus
1253 4025 1316 4082 in
1372 4024 1478 4083 illo
1534 4024 1977 4099 philologorum
2044 4028 2339 4082 conventu
2398 4019 2504 4102 [cf.
2551 4024 2671 4081 Au-

332 4110 576 4184 gustani
644 4112 920 4168 convent.
966 4114 1098 4167 acta
1159 4104 1353 4187 (Lips.
1401 4109 1590 4185 1863)
1660 4128 1718 4184 p.
1769 4105 1877 4186 51]
1942 4108 2408 4167 Duentzerus
2475 4108 2668 4167 unita-

337 4198 455 4252 tem
503 4192 958 4252 Homericorum
1005 4194 1335 4251 carminum
1401 4193 1827 4252 restituendam
1872 4211 1999 4251 esse
2047 4191 2442 4252 confidentius
2494 4213 2671 4268 quam

473 4364 526 4419 1)
589 4356 760 4410 Index
805 4356 956 4410 lectt.
995 4356 1050 4409 in
1088 4357 1198 4411 litt.
1245 4357 1394 4412 univ.
1434 4357 1618 4411 Turic.
1660 4357 1791 4410 iude
1837 4372 1871 4408 a
1906 4355 1997 4409 die
2034 4354 2179 4408 XIII
2219 4374 2290 4409 m.
2332 4357 2462 4424 Apr.
2499 4371 2677 4425 usqua

338 4423 409 4478 ad
444 4424 649 4483 d..
689 4423 1394 4493 m.Aug.MDcchX111
1430 4424 1860 4493 habendarum]
