3132 5129
335 798 397 845 10

1384 372 1837 435 -406-

431 524 593 610 ὕδωρ
639 532 912 592 Graefius
958 520 1318 591 contrarium
1365 531 1564 606 potius
1611 529 1926 588 desiderat.
1985 530 2194 606 Itaque
2226 525 2434 606 μικρὸν
2467 529 2561 589 vel
2591 524 2775 604 βαιὸν

434 619 528 677 vel
575 610 806 674 στεινὸν
848 618 944 676 vel
990 604 1277 673 στιλπνὸν
1320 615 1702 676 scribendum
1747 617 1940 689 putat.
2035 614 2152 673 Sed
2185 612 2487 673 στεινὸν
2516 609 2771 673 dilucide

434 705 724 779 scriptum
771 706 964 760 exstat
1008 702 1072 759 in
1118 703 1203 759 M.

599 787 675 863 V,
724 788 846 845 223
880 805 969 862 sq.

689 884 810 946 Καὶ
850 880 1035 964 γάμος
1079 876 1159 962 ἦν
1201 878 1568 963 πολύολβος,
1614 879 1738 943 ἐπεὶ
1783 878 2020 962 γάμος
2063 881 2241 961 αζυγι
2286 879 2471 967 κούρῃ

687 970 841 1031 δῶκε
885 966 1060 1047 βόας,
1106 967 1291 1047 πόρεν
1332 961 1541 1049 αἶγας,
1589 964 1907 1047 ὀρίτροφον
1950 966 2152 1028 ωπασε
2195 967 2478 1047 ποίμνην.

435 1092 532 1150 Sic
575 1092 667 1150 ed.
715 1110 837 1166 pr.,
895 1110 1003 1149 nec
1049 1091 1365 1166 quicquam
1422 1091 1590 1148 iuvat
1633 1091 1723 1148 Μ·
1786 1084 2120 1166 ἕπειγάμος.
2211 1089 2484 1148 Proxime
2527 1091 2769 1164 accedit,

434 1177 538 1236 sed
595 1176 858 1235 alienum
904 1179 1025 1250 est,
1084 1175 1240 1250 quod
1287 1174 1556 1233 Graefius
1601 1193 1672 1232 ex
1717 1174 2045 1233 Hermanni
2091 1172 2508 1234 emendatione
2552 1176 2771 1251 posuit,

434 1257 678 1338 γάνος.
770 1261 1020 1319 Nonnus
1063 1255 1286 1337 γέρας
1333 1259 1527 1334 dedit,
1577 1262 1646 1317 ut
1687 1278 1744 1319 v.
1784 1260 1921 1318 188.
1967 1261 2106 1317 575.

604 1345 760 1404 Ibid.
809 1346 930 1405 296
963 1364 1056 1420 sq.

692 1462 767 1471 —
864 1461 931 1471 —-
1024 1423 1117 1488 ἀεὶ
1161 1424 1224 1486 δέ
1266 1448 1371 1504 μιν
1414 1420 1623 1501 ὖψόθι
1668 1423 1948 1503 λόχμου

689 1511 908 1591 ὄμμασι
950 1510 1385 1590 θαμβαλέοισιν
1430 1509 1695 1588 ἐδέρκετο
1737 1504 2075 1588 μηλονόμος
2126 1509 2284 1573 Πάν.

435 1635 572 1693 Non
630 1635 791 1692 recte
848 1633 981 1693 loco
1027 1635 1444 1693 succurrerunt
1488 1631 1799 1690 scribendo
1843 1624 2048 1701 ὑψόθι
2091 1624 2402 1707 λόχμης,
2460 1633 2618 1708 quod
2674 1632 2774 1691 ubi

437 1720 630 1777 locum
676 1718 890 1777 habere
934 1718 1125 1793 possit
1167 1718 1359 1777 discas
1405 1736 1475 1775 ex
1522 1716 1625 1790 VI,
1654 1716 1795 1773 258.
1859 1715 1932 1774 In
1965 1716 2198 1776 tumulo
2231 1718 2586 1776 constiterat
2615 1736 2773 1792 spec-

437 1802 763 1946 tabunld)u‹si
784 1802 954 1945 {aff
988 1802 1124 1861 hinc
1166 1796 1419 1875 ὑψόθεν
1461 1790 1703 1877 οχθου
1747 1802 1989 1861 scribas.

681 1907 701 1944 1

696 1968 928 2041 Ζώοις
972 1976 1097 2029 σοῖν
1138 1966 1459 2049 βλεφάρων
1500 1965 1770 2041 ὅλεσας
1815 1965 1991 2045 φάος.

440 2089 836 2149 Correxerunt
865 2078 1041 2160 ζωὸς
1072 2092 1304 2148 retento
1336 2089 1690 2165 indicativo3
1737 2108 2083 2165 perperam:
2118 2090 2360 2149 vivendi
2390 2092 2557 2150 notio
2589 2092 2777 2168 magis

439 2176 759 2250 premenda
802 2178 949 2236 erat.
1037 2166 1288 2233 Nonnus
1333 2166 1540 2245 ζωεις
1589 2207 1663 2216 —-
1713 2167 1978 2243 ὀλέσας
2024 2178 2326 2250 posuerat.

609 2258 1066 2445 νΙΚέὶὸἷιίἓὴν
1111 2335 1305 2418 χθόνα
1350 2348 1551 2401 πᾶσαν
1598 2338 1745 2402 ἰδών
1786 2332 1907 2401 ὑπὸ
1951 2341 2173 2415 μείζονι
2216 2342 2429 2424 παλμῳ

692 2430 944 2504 μῦθον
988 2420 1333 2504 άπειλητῆρι
1377 2423 1811 2503 τινασσομένην
1858 2424 2005 2499 Διὸς
2050 2422 2268 2509 ὄμβρῳ.

441 2547 783 2608 Absurdum
838 2546 1042 2623 μῦθον
1094 2567 1399 2607 removere
1455 2567 1631 2607 nemo
1690 2546 1831 2606 dnm
1887 2550 2132 2608 conatus
2191 2552 2299 2607 est.
2390 2548 2574 2624 Atqui
2621 2548 2778 2608 haud

442 2632 701 2729 difficile·
729 2635 878 2692 erat.
967 2632 1300 2708 Scripserat
1343 2633 1500 2692 enim
1544 2635 1846 2706 μᾶλλονε
1894 2633 1968 2692 cf.
2016 2633 2152 2709 VII,
2202 2636 2303 2693 62.
2353 2634 2492 2692 263.

613 2717 1050 2876 Ιὴὶὲἕστῗέΐμοι
1096 2797 1511 2860 Φαέθοντι·
1561 2799 1935 2877 Συρηκοσίης
1980 2796 2037 2857 δ’
2081 2796 2449 2879 Ἀρεθούσης

699 2883 861 2961 ἴχνια
902 2879 1241 2961 μαστεύσω,
1288 2882 1365 2944 σὺ
1411 2880 1509 2963 δέ,
1560 2881 1841 2964 Πύραμε,
1886 2884 2045 2955 δίζεο
2094 2885 2339 2964 Θίσβην.

443 3004 859 3079 Importunum
901 3023 1116 3063 nomen
1160 3006 1497 3081 proprium,
1543 3023 1652 3080 pro
1697 3025 1815 3080 quo
1849 3006 1909 3063 Μ
1954 3000 2282 3081 φαέθοντι,
2328 3007 2391 3064 in
2436 3001 2782 3078 φιλέοντι

443 3088 700 3147 mutavit
757 3088 1045 3148 Graefius.
1136 3088 1253 3148 Sed
1310 3090 1526 3164 Alphei
1583 3090 1782 3149 animo
1835 3093 1898 3148 et
1957 3090 2288 3149 condicioni
2335 3091 2520 3150 multo
2566 3092 2779 3150 melius

443 3169 1150 3318 mmiffinssgnvenit‘
1238 3174 1318 3233 Et
1361 3175 1437 3234 cf.
1482 3174 1545 3233 in
1591 3194 1655 3233 re
1700 3174 1877 3234 simili
1924 3175 2061 3251 VII,
2112 3176 2255 3236 290.
2303 3176 2446 3235 300.
2495 3176 2636 3235 306.

744 3304 757 3333 ,
933 3300 950 3316 .

702 3341 860 3416 Ναί,
907 3333 1049 3419 τάχα
1100 3341 1398 3421 Τειρεσίαο
1439 3338 1833 3421 παλαιοτέρην
1873 3340 2015 3419 μετὰ
2064 3342 2286 3420 νίκην

700 3425 951 3485 λούσατο
994 3426 1164 3504 δεῖμα
1208 3427 1476 3504 βαλοῦσα
1519 3422 1698 3486 πάλιν
1741 3430 2082 3506 γλαυκῶπις
2122 3422 2374 3505 Ἀθήνη,

446 3545 587 3606 Tria
631 3545 778 3605 vitia
818 3545 1098 3605 editionis
1142 3547 1460 3622 principis:
1505 3544 1738 3605 καὶ-
1779 3545 2096 3624 Τειρεσίας
2131 3579 2205 3589 -
2240 3542 2482 3624 δέρμα,
2526 3568 2781 3624 quorum

449 3631 645 3690 medio
689 3633 923 3688 tantum
970 3631 1030 3689 M
1076 3634 1266 3706 caret,
1326 3632 1697 3690 sustulerunt
1740 3632 2026 3707 editores3
2086 3633 2455 3707 reliquerunt
2499 3637 2776 3709 quartum

450 3712 701 3791 νίκην,
745 3734 852 3790 pro
882 3732 999 3790 quo
1032 3716 1092 3773 Μ
1124 3711 1338 3790 νήκην.
1404 3716 1521 3775 Sed
1552 3716 1854 3792 quomodo
1885 3717 2218 3777 tollendum
2247 3718 2345 3792 sit,
2377 3720 2505 3794 ipse
2536 3720 2775 3777 haereo:

448 3800 626 3859 scribi
671 3803 829 3858 certe
873 3802 1075 3875 potest
1116 3805 1221 3859 aut
1263 3797 1509 3879 πηγήν
1551 3806 1659 3860 aut
1700 3796 1991 3876 ποινήν.

615 3883 961 4049 Ιδιῗῖοῇῖῗὲν
1003 3961 1307 4028 ὀπιπεύων
1350 3965 1561 4048 ροδέου
1607 3961 1917 4047 σπινθῆρα
1960 3967 2316 4049 καρήνου.

450 4086 545 4144 Ita
588 4105 619 4144 e
664 4087 1078 4147 Rhodomanni
1124 4088 1464 4149 coniectura
1508 4088 1745 4166 scripsit
1788 4088 2083 4150 Graefius.
2127 4097 2508 4167 κεραυνοῦ
2551 4092 2643 4150 ed.
2689 4110 2778 4167 pr.

450 4175 511 4227 et
554 4171 633 4228 Μ.
723 4170 840 4230 Sed
900 4172 1051 4231 illud
1106 4191 1224 4232 non
1282 4173 1534 4233 sufficit.
1598 4176 1729 4250 quis
1774 4175 1930 4233 enim
1976 4179 2203 4251 caput
2245 4194 2476 4236 roseum
2522 4175 2782 4235 dixerit?

452 4255 521 4311 11
528 4269 869 4330 ροσωπου
913 4258 1257 4334 scripserat,
1305 4259 1398 4318 hic
1443 4259 1679 4334 quidem
1727 4278 1960 4330 roseum
2006 4261 2263 4319 colorem
2293 4262 2664 4336 praeferens,
2710 4264 2782 4320 ut

448 4339 651 4397 album
693 4340 753 4413 1,
803 4342 921 4399 527
980 4338 1222 4419 αργυφα
1281 4336 1468 4401 κύκλα
1512 4341 1870 4418 προσώπου,
1926 4364 2284 4420 quamquam
2329 4346 2515 4422 probe
2557 4363 2782 4423 gnarus

450 4424 745 4500 perfectae
788 4427 1213 4501 pulchritudini
1258 4433 1580 4504 utrumque
1626 4430 1875 4487 mixtum
1920 4430 2255 4490 convenire.

618 4775 769 4876 Ἀ.
