3132 5129
1329 380 1788 442 -104-

384 540 542 615 quod
588 540 764 599 solito
808 539 1075 598 acumine
1119 538 1499 614 explicabant
1540 543 1804 600 veteres:
1861 536 2113 615 ἔμφασις
2169 544 2272 596 τοῦ
2325 535 2565 610 κλέους,
2623 537 2718 597 ὅτι

384 621 482 682 καὶ
513 620 788 701 γυναιξὶν
816 616 1113 700 ἐγνωσθη.
1188 623 1340 681 Tum
1371 619 1670 701 ῥήγνυσκε
1702 622 2009 702 φάλαγγας
2047 625 2159 680 141
2196 642 2262 682 cx
2295 625 2345 680 Z
2377 626 2414 684 6
2445 627 2718 700 sumpsit.

387 711 654 785 Sequens
699 727 906 768 versus
951 727 1260 783 expressus
1302 712 1397 768 est
1425 709 1501 767 ad
1533 710 1980 770 celeberrimum
2009 708 2158 766 illud
2192 698 2375 780 Οὖτίς
2403 730 2475 784 με
2504 707 2715 768 κτείνει

386 789 541 874 δόλῳ
596 787 737 850 οὐδέ
792 791 1022 870 βίηφιν.
1114 792 1230 851 Sed
1286 792 1459 852 dolus
1514 794 1617 852 ille
1672 814 1777 854 cur
1831 791 2134 873 στεινωπῷ
2180 788 2246 850 ἐν
2288 786 2442 875 ὁδῶ,
2498 795 2719 870 quippe

387 879 704 954 ubi‚clava
749 879 1060 936 interitum
1109 878 1162 936 ei
1206 896 1402 938 arcere
1447 898 1566 938 non
1610 880 1892 954 potuerit,
1939 879 2318 954 potissimum
2364 879 2546 937 suerit
2587 899 2718 955 per-

389 966 690 1038 petratuS,
749 962 1017 1037 profecto
1073 981 1197 1022 non
1248 962 1728 1042 intellegeretur,
1789 964 1907 1023 nisi
1966 963 2251 1023 sciremus
2304 963 2373 1019 Ψ
2409 965 2531 1022 416
2587 961 2719 1043 (ubi

389 1049 518 1124 ipsa
560 1047 704 1106 haec
752 1066 952 1106 versus
998 1048 1170 1106 initio
1215 1047 1393 1106 verba
1437 1044 1772 1126 leguntur),
1817 1050 1963 1106 427.
2009 1069 2051 1124 μ
2084 1049 2206 1105 234
2239 1048 2366 1106 viae
2409 1050 2718 1124 angustias

387 1133 750 1192 necessarias
782 1151 927 1191 esse.
1003 1132 1128 1191 Nec
1155 1133 1433 1207 antiquos
1478 1153 1512 1190 a
1558 1134 1933 1193 dubitatione
1977 1151 2215 1192 vacasse
2247 1133 2514 1193 scholion
2547 1134 2721 1192 docet

383 1220 446 1277 in
492 1219 551 1273 A
595 1218 914 1292 scriptum:
965 1210 1339 1295 Ἀρίσταρχος
1384 1212 1452 1274 δέ
1494 1233 1643 1293 φησι
1687 1215 1788 1276 καὶ
1839 1210 1881 1275 α’
1896 1207 2205 1292 ναστᾶς,
2262 1208 2389 1275 οἷον
2434 1213 2497 1274 ἐκ
2541 1210 2721 1294 λόχου

381 1298 661 1369 ἀναστάς.
750 1301 935 1361 Porro
980 1303 1116 1362 vide
1162 1322 1214 1363 v,
1255 1303 1368 1359 145
1402 1328 1481 1350 =
1518 1303 1581 1359 N
1612 1304 1732 1361 397
1768 1302 1845 1378 -Ι-
1881 1303 1957 1358 Μ
1992 1303 2109 1360 192
2142 1305 2203 1360 et
2237 1303 2354 1360 146
2387 1329 2469 1350 =
2501 1302 2566 1358 N
2596 1305 2720 1362 619

385 1388 462 1462 -f-
490 1406 517 1445 ε
544 1388 664 1445 372
693 1386 770 1462 -Ι-
795 1386 852 1442 Ε
873 1388 1015 1456 859,
1061 1387 1216 1461 quod
1248 1387 1608 1461 compilandi
1640 1407 1829 1463 genus
1860 1388 1976 1445 iam
2007 1388 2245 1445 notavit
2279 1387 2488 1446 Ludo
2510 1388 2720 1446 vicus

383 1472 757 1547 Kayserus
803 1472 864 1529 in
895 1471 1309 1530 dissertatione
1339 1472 1801 1548 diligentissima
1832 1472 1916 1530 de
1961 1471 2527 1546 interpolatore
2570 1473 2720 1530 Ho-

384 1557 665 1615 merico
712 1554 1172 1650 Heidelbergae
1191 1557 1351 1614 1842
1398 1558 1557 1614 edita
1603 1577 1658 1632 p.
1696 1558 1771 1615 19
1808 1576 1934 1632 sqq.

549 1640 623 1697 V.
663 1641 777 1697 147
825 1632 997 1715 φόρει
1039 1630 1182 1715 μετὰ
1224 1642 1423 1714 μῶλον
1469 1637 1690 1715 ’Ἀρηος
1746 1660 1863 1700 non
1922 1640 2067 1700 satis
2112 1645 2269 1699 recte
2314 1641 2386 1698 ad
2433 1640 2722 1699 eiusmodi

385 1724 766 1796 locutionem,
811 1724 1004 1799 qualis
1049 1730 1142 1783 est
1183 1721 1444 1799 πόλεμον
1487 1721 1630 1799 μέτα
1676 1722 2069 1801 θωρήσσοντο
2122 1726 2178 1780 ’1
2200 1726 2343 1795 329,
2401 1724 2722 1800 amplifica-

383 1813 513 1868 tum
570 1812 681 1867 est.
785 1809 1105 1884 Sequentia
1161 1828 1267 1869 suo
1324 1829 1484 1868 more
1539 1811 1829 1871 confinxit
1885 1831 1955 1868 ex
2016 1810 2066 1865 P
2112 1812 2227 1868 195
2261 1830 2423 1885 sqq.,
2493 1811 2593 1868 ubi
2650 1811 2723 1869 dc

385 1893 640 1953 Achillis
685 1894 865 1952 armis
909 1893 1053 1952 haec
1096 1895 1507 1969 proferuntur:

686 2043 770 2055 -
860 2043 932 2054 —
1025 2043 1104 2053 —
1197 2045 1272 2056 -
1360 2008 1400 2069 ἅ
1444 2013 1505 2071 οἱ
1541 2011 1675 2072 θεοὶ
1720 2007 2100 2090 Οὐρανίωνες

686 2091 864 2170 πατρὶ
908 2094 1078 2197 φίλῳ
1105 2092 1346 2174 ἔπορον·
1397 2093 1432 2155 ὃ
1474 2093 1536 2155 δ’
1585 2095 1704 2173 α’ρα
1749 2089 1799 2180 «ᾖ
1842 2094 2011 2154 παιδὶ
2054 2093 2335 2154 ὄπασσε

686 2177 901 2258 γηράς·
947 2155 1078 2238 ἄλλ’
1126 2175 1232 2257 οὐχ
1279 2177 1412 2252 υίὸς
1458 2178 1522 2240 ἐν
1566 2158 1773 2241 ἔντεσι
1800 2177 2024 2259 πατρὸς
2070 2177 2315 2259 ἐγήρα.

357 2395 361 2399 Α
556 2318 761 2392 Neque
809 2335 948 2376 vero
993 2316 1184 2375 filium
1229 2318 1330 2376 sed
1379 2318 1666 2376 famulum
1714 2317 1978 2394 Lycurgi
2025 2317 2511 2376 Ereuthalionem
2559 2319 2720 2390 fecit,

385 2405 452 2460 ut
496 2403 674 2460 etiam
722 2401 796 2459 ab
843 2402 949 2459 hac
994 2420 1057 2460 re
1100 2420 1244 2460 suus
1290 2402 1617 2461 Areithous
1661 2403 1736 2461 ab
1782 2402 1886 2460 illo
1919 2401 2145 2460 Boeoto
2178 2402 2507 2461 Menesthei
2553 2407 2720 2478 patre

277 2485 280 2488 “
384 2486 598 2545 differt.
668 2485 755 2544 De
792 2485 1167 2560 προκαλίζετο
1212 2482 1442 2557 πάντας
1483 2481 1761 2564 ἀρίστους
1803 2487 1866 2546 in
1895 2487 2197 2546 dissertat.
2230 2486 2315 2543 IV
2346 2506 2405 2561 p.
2441 2490 2476 2546 6
2508 2483 2721 2567 [supra

282 2583 311 2627 τι
389 2592 447 2647 p.
466 2570 574 2647 71]
617 2572 859 2631 dictum.
907 2572 980 2629 V.
1006 2574 1196 2630 151ex
1230 2573 1450 2648 hymno
1467 2574 1665 2648 Apoll.
1683 2573 1814 2631 Del.
1829 2574 1907 2631 47
1941 2572 2240 2647 integrum
2273 2572 2537 2644 sustulit,
2569 2574 2723 2632 male

390 2661 585 2715 tamen
640 2657 886 2728 omiSSO,
942 2657 1045 2731 qui
1103 2656 1182 2714 ibi
1241 2660 1308 2715 ut
1353 2657 1473 2716 fere
1519 2659 1739 2734 ubique
1785 2657 2052 2729 additur,
2108 2656 2410 2716 infinitivo
2464 2677 2535 2717 ex
2579 2647 2722 2715 ουδέ

385 2761 471 2810 τις
517 2736 647 2815 ἔτλη
691 2744 850 2815 apto.
941 2741 1014 2798 V.
1055 2742 1169 2797 152
1216 2735 1608 2839 πολυτλήμων
1652 2742 1859 2811 altero,
1904 2759 2022 2817 quo
2069 2741 2307 2817 legitur,
2352 2742 2485 2800 loco
2531 2756 2566 2798 σ
2598 2743 2720 2801 319

385 2829 543 2883 recte
589 2817 876 2893 πολύτλας
916 2818 1236 2894 Ὀδυσσεύς
1282 2826 1441 2884 sibi
1427 2828 1542 2901 ipsi
1573 2827 1769 2901 audit,
1817 2826 1911 2885 hic
1941 2844 2083 2884 vero
2116 2825 2315 2900 potius
2360 2827 2722 2886 audaciae

385 2929 564 2984 quam
608 2910 931 2984 patientiae
977 2910 1280 2969 notionem
1326 2912 1548 2986 requiri
1595 2930 1726 2970 sero
1760 2911 1947 2970 sensit
1974 2910 2342 2969 adnectendo
2387 2908 2605 2987 θάρσεϊ
2646 2902 2718 2993 ᾦ,

384 2994 543 3069 quod
601 2993 753 3052 haud
811 2995 1024 3053 iniuria
1069 2994 1367 3054 Zenodoto
1431 2996 1611 3054 bilem
1671 2996 1859 3054 movit
1904 3014 2257 3070 quamquam
2304 2995 2461 3053 haud
2509 2998 2722 3056 melius

385 3079 665 3137 scribenti
711 3076 925 3157 θάρσει
973 3074 1679 3184 &²5193.Adolescentiam
1719 3081 1920 3155 aptius
1967 3099 2145 3155 quam
2190 3079 2408 3138 Nestor
2454 3080 2566 3152 hic,
2615 3082 2716 3140 ubi

385 3164 456 3221 de
501 3164 821 3239 pugnando
867 3183 1059 3223 sermo
1105 3167 1211 3236 est,
1257 3166 1576 3225 Diomedes
1621 3160 1823 3228 :112
1872 3198 1951 3205 ———
1997 3164 2129 3223 loco
2174 3166 2514 3240 ceteroquin
2560 3167 2717 3225 baud

386 3247 645 3305 melioris
692 3248 921 3306 farinae
971 3283 1046 3289 ——
1095 3250 1168 3307 de
1212 3250 1457 3309 consilio
1505 3250 1701 3308 dando
1746 3248 2049 3343 praefatus
2093 3248 2271 3323 paulo
2317 3252 2515 3324 aptius
2561 3270 2720 3310 com-

386 3332 739 3391 memoravit
779 3333 990 3392 iisdem
1036 3334 1155 3392 fere
1200 3334 1396 3392 verbis
1441 3329 1664 3392 οὕνεκα
1710 3323 1786 3405 δη
1830 3339 2148 3411 γενεῆφι
2193 3326 2558 3404 νεωτατός
2606 3334 2721 3411 εἰμι

382 3400 524 3492 μεθ’
573 3409 736 3491 ὑμῖν.
804 3417 879 3477 V.
916 3419 1036 3476 154
1082 3418 1317 3478 initium
1364 3438 1432 3476 ex
1479 3420 1584 3477 illa
1614 3419 1885 3477 Nestoris
1930 3418 2216 3488 oratione,
2262 3437 2441 3493 quam
2489 3422 2721 3495 saepius

387 3502 652 3561 imitatus
699 3504 808 3573 est,
857 3505 915 3559 A
949 3504 1063 3561 271
1115 3499 1213 3560 καὶ
1269 3500 1543 3579 μαχόμην
1590 3496 1719 3559 κατ’
1781 3495 1872 3578 ἔμ’
1935 3494 2120 3560 αὐτὸν
2177 3498 2288 3578 ἐγώ
2338 3503 2718 3580 desumptum

385 3592 494 3656 est,
541 3587 735 3645 exitus
781 3605 851 3644 ex
895 3607 917 3643 ι
963 3589 1084 3646 317
1131 3586 1264 3660 δοίη
1308 3582 1375 3645 δέ
1416 3606 1515 3662 μοι
1574 3578 1744 3662 εὖχος
1797 3580 2049 3662 Ἀθήνη.
2139 3585 2493 3663 Giganteam
2537 3590 2720 3647 Ercu-

386 3670 632 3729 thalioni
662 3673 953 3729 staturam
983 3671 1057 3729 ad
1087 3672 1435 3731 Aloidarum
1479 3672 1950 3745 similitudinem,
1998 3666 2127 3740 οὓς
2172 3668 2259 3746 δη
2303 3671 2722 3747 μηκίστους

385 3750 584 3846 θρέψε
630 3752 901 3831 ζείδωρος
944 3775 1172 3832 αρουρα
1218 3759 1247 3812 λ
1281 3757 1420 3828 309,
1471 3756 1704 3814 affinxit
1749 3756 1901 3813 haud
1947 3755 2258 3814 immemor
2288 3757 2337 3812 Z
2371 3759 2449 3816 98
2494 3753 2584 3815 ὃν
2624 3753 2718 3835 δή

387 3827 499 3913 ἐγω
559 3837 959 3916 καρτιστον
1008 3833 1265 3915 Ἀχαιων
1318 3837 1472 3915 φημὶ
1525 3835 1844 3917 γενέσθαι,
1901 3844 2216 3914 utrumque
2263 3843 2720 3902 accommodate.

386 3922 500 3982 Sed
547 3920 731 3982 ἔκειτο
773 3922 1090 4002 παρήορος,
1138 3924 1294 4001 quod
1343 3926 1404 3981 Π
1435 3926 1551 3982 471
1606 3929 1765 3984 recte
1811 3924 1881 3982 de
1913 3924 2138 3982 Pedaso
2185 3925 2419 3984 mortali
2467 3926 2720 3987 Achillis

385 4027 538 4083 equo
597 4010 840 4085 legitur,
900 4029 1074 4085 quem
1121 4010 1495 4069 Automedon
1553 4004 1620 4066 ἕν
1674 4005 2074 4089 παρηορίῃσιν
2123 4041 2195 4050 -
2245 4029 2322 4067 ιει
2379 4010 2523 4069 ibid.
2575 4013 2714 4085 152,

384 4093 682 4166 quomodo
737 4099 874 4168 apte
932 4095 1003 4152 de
1059 4094 1481 4153 Ereuthalione
1540 4094 1954 4169 intellegatur,
2014 4112 2188 4152 nemo
2263 4093 2432 4154 facile
2489 4096 2718 4165 dixerit,

384 4196 490 4235 nec
521 4178 787 4251 profecto
831 4179 1048 4237 minuit
1092 4178 1197 4237 sed
1260 4179 1426 4237 auxit
1468 4177 1910 4237 incommodum
1957 4196 2044 4252 eo,
2091 4177 2249 4252 quod
2295 4179 2524 4238 celandi
2576 4182 2717 4239 furti

385 4280 561 4320 causa
615 4280 724 4336 pro
772 4258 838 4319 ἐν
880 4262 1171 4361 κονίῃσιν,
1220 4263 1379 4338 quod
1422 4264 1460 4322 l.
1508 4281 1556 4322 c.
1608 4281 1842 4320 versum
1888 4263 2141 4333 claudit,
2204 4258 2359 4320 ἔνθα
2420 4284 2521 4321 και
2565 4260 2717 4322 ἔνθα

383 4345 724 4417 substituit,
783 4348 939 4421 quod
1000 4349 1049 4407 si
1096 4352 1165 4406 ut
1207 4349 1391 4424 vulgo
1435 4348 1504 4406 fit
1546 4367 1618 4406 ex
1662 4365 1698 4402 κ
1744 4347 1863 4403 517
1909 4343 2144 4424 βόθρον
2199 4339 2407 4422 ὀρύξαι
2472 4344 2617 4407 ὅσον
2660 4370 2718 4407 τε

383 4427 715 4508 πυγούσιον
769 4427 922 4488 ἔνθα
987 4430 1086 4490 καὶ
1140 4429 1292 4489 ἔνθα
1358 4431 1717 4508 explicatur,
1784 4434 2193 4503 portentosam
2250 4432 2518 4508 profecto
2585 4453 2712 4493 cor-
