3132 5129
1326 306 1739 369 -54-

359 464 526 540 quasi
576 463 929 522 medicatum
961 463 1183 522 Lethes
1228 465 1504 538 poculum
1552 464 1861 535 hausisset,
1911 483 2157 538 prorsus
2200 464 2426 524 oblitus
2457 470 2548 524 est
2580 484 2699 523 non

359 548 552 608 solum
598 548 802 607 mitem
848 547 953 606 sed
996 548 1328 624 supplicem
1373 568 1438 607 se
1481 549 1825 623 praebuisse
1859 551 2400 624 Agamemnonem!
2469 549 2702 626 Operae

360 634 617 709 pretium
683 635 778 691 est
838 632 1070 704 videre,
1139 653 1318 708 quam
1380 635 1595 692 misere
1661 653 1723 692 se
1779 636 2057 709 torqueat
2111 634 2305 693 bonus
2360 635 2703 694 Nitzschius

360 739 420 794 p.
469 720 585 777 181
629 737 755 792 sq.,
817 720 886 775 ut
937 719 1029 776 vel
1088 722 1300 777 contra
1351 720 1643 778 sociorum
1707 738 1891 776 unum
1948 718 2485 795 Naegelsbachium
2551 720 2705 780 hanc

359 803 798 878 apertissimam
853 804 1313 879 repugnantiam
1369 803 1695 875 dissolvat,
1753 807 1821 861 ut
1874 804 2023 862 adeo
2079 807 2185 861 aut
2236 805 2312 862 ad
2370 805 2702 880 simplicem

361 888 759 947 coniecturam
813 882 1059 965 (ἄρτια
1116 887 1210 947 vel
1263 885 1550 963 ἄρθμια
1606 907 1715 965 pro
1771 884 1920 963 ἤπια
1965 909 2023 946 v.
2058 886 2167 965 73)
2213 889 2551 966 confugiat,
2596 892 2705 948 aut

360 973 437 1030 ad
480 973 882 1031 coniecturam
927 991 1059 1031 cum
1105 974 1356 1033 athetesi
1403 974 1795 1044 coniunctam,
1839 977 1909 1031 ut
1950 973 2162 1032 deletis
2196 995 2249 1032 v.
2286 976 2539 1033 69—79
2571 977 2702 1033 tum

365 1078 417 1116 v.
452 1059 537 1117 80
576 1050 707 1114 ἀλλ’
763 1053 891 1135 ἄγε
947 1054 1043 1130 δή
1099 1059 1397 1117 scribatur
1440 1078 1550 1133 pro
1605 1053 1750 1117 ἀλλὰ
1798 1055 1899 1115 καὶ
1941 1048 2044 1127 οἷς.
2134 1058 2521 1134 Impugnavit
2562 1060 2704 1118 haec

362 1162 472 1201 suo
517 1144 641 1201 iure
686 1142 1132 1202 Schoemaunus
1176 1144 1217 1200 l.
1254 1163 1302 1205 c.
1332 1162 1393 1218 p.
1431 1144 1701 1215 13—15,
1758 1146 1820 1201 et
1877 1145 1940 1201 in
1983 1144 2102 1201 fine
2148 1145 2453 1203 verissime
2498 1144 2699 1202 addit:

363 1228 558 1298 „Nam
604 1229 762 1302 quod
808 1228 1028 1287 obiciat
1070 1229 1322 1287 fortasse
1364 1228 1601 1302 aliquis,
1647 1230 1710 1286 in
1755 1229 1952 1288 verbis
1996 1229 2089 1286 his
2132 1247 2285 1302 quae
2329 1232 2473 1287 sunt
2500 1250 2560 1287 v.
2593 1230 2695 1300 61,

362 1308 490 1388 ἤτοι
533 1308 724 1386 ἔφην
766 1334 828 1411 γε
867 1310 878 1388 Ι
914 1304 987 1370 οὗ
1016 1309 1160 1384 πρὶν
1186 1310 1495 1387 μηνιθμὸν
1524 1309 1995 1387 καταπαυσέμεν,
2039 1302 2170 1369 ἀλλ’
2218 1306 2404 1369 ὁπότ’
2451 1307 2535 1369 ἄν
2577 1311 2655 1387 δὴ
2689 1309 2699 1391 Ι

370 1403 514 1472 νῆας
562 1392 705 1473 ἐμὰς
747 1395 1034 1473 αφίκηται
1077 1389 1230 1472 ἆυτή
1274 1417 1333 1455 τε
1388 1395 1673 1470 πτόλεμός
1729 1418 1817 1470 τε,
1874 1398 2086 1472 respici
2135 1402 2334 1456 tamen
2383 1398 2703 1457 manifesto

363 1482 438 1540 ad
499 1483 535 1538 Ι
563 1483 684 1540 646
729 1479 942 1560 [immo
989 1502 1043 1540 v.
1078 1483 1204 1541 650
1231 1478 1423 1560 sqq.],
1472 1481 1573 1540 ubi
1621 1482 1815 1541 simile
1858 1483 2001 1557 quid
2049 1482 2315 1541 Achilles
2359 1483 2702 1557 profitetur3

361 1567 473 1624 hoc
504 1566 677 1624 facile
708 1566 989 1642 redargui
1020 1570 1218 1643 potest
1244 1568 1559 1625 notissima
1589 1568 2020 1638 observatione,
2066 1566 2224 1641 quod
2267 1563 2459 1640 φάναι
2503 1587 2707 1643 saepe-

364 1669 614 1710 numero
659 1652 838 1709 etiam
882 1651 956 1709 de
1012 1653 1195 1710 tacita
1248 1653 1615 1727 cogitatione
1671 1653 1785 1710 dici
1838 1653 2135 1712 constat.“
2222 1651 2317 1709 Ita
2371 1652 2501 1710 ille:
2559 1653 2707 1727 quid

362 1754 503 1795 vero
536 1735 913 1795 Nitzschius?
978 1736 1301 1811 Postquam
1346 1758 1403 1813 p.
1444 1738 1554 1795 181
1607 1738 1841 1795 monuit
1882 1736 1987 1795 illo
2033 1732 2164 1811 ἤτοι
2208 1732 2365 1812 ἔφην
2406 1757 2471 1813 γε
2518 1738 2707 1808 „satis

362 1822 622 1879 diserte“
682 1818 1237 1897 (ausdruck-licta
1287 1820 1550 1897 yenuy)
1605 1822 1818 1897 respici
1875 1822 1950 1878 ad
2005 1821 2325 1893 „ultimum
2379 1820 2528 1879 illud
2579 1841 2706 1880 ver-

365 1907 548 1963 bum“
613 1906 649 1961 Ι
692 1907 1081 1978 650-653,
1140 1908 1380 1982 repetiit
1434 1906 1544 1965 hoe
1601 1907 1952 1981 simpliciter
2003 1927 2060 1981 p.
2096 1906 2217 1962 252
2262 1908 2327 1964 et
2369 1907 2522 1978 261,
2570 1925 2706 1965 cum

364 1990 630 2064 emphasi
675 2010 731 2065 p.
766 1990 887 2048 239
932 1986 1150 2070 (nomn
1182 1993 1336 2050 nicht
1366 2024 1449 2033 —
1480 1993 1590 2050 das
1631 1992 1999 2066 trayischc
2027 1989 2190 2049 Wort
2221 1988 2443 2064 wdre‘),
2487 2012 2547 2067 p.
2582 1992 2706 2050 273

363 2072 554 2153 (,das
593 2092 1045 2135 vermessene
1078 2072 1321 2155 Wort‘)
1365 2079 1427 2134 et
1470 2077 1597 2134 460
1641 2075 1780 2153 (als
1808 2095 1871 2134 er
1896 2078 2096 2135 semen
2124 2076 2440 2135 Patr-oldus
2467 2095 2710 2151 weyen

350 2162 566 2233 jones
621 2158 882 2228 Wort8‚
938 2162 1069 2220 das
1124 2181 1197 2219 er
1253 2163 1328 2220 in
1383 2160 1956 2220 Vermessenheit
2008 2162 2485 2235 yesprochen,
2530 2162 2710 2220 allein

369 2264 481 2305 zur
522 2245 707 2316 Hia'lse
748 2243 1036 2322 sendet‘),
1082 2248 1395 2320 postquam
1442 2266 1498 2320 p.
1530 2247 1652 2302 222
1698 2245 2192 2321 legationem,
2240 2245 2314 2303 de
2357 2265 2477 2320 qua
2518 2246 2707 2304 altum

309 2339 342 2385 9
372 2334 465 2389 est
507 2330 809 2389 silentium
856 2331 1015 2404 apud
1046 2330 1390 2401 Homerum,
1437 2331 1509 2387 de
1553 2348 1663 2388 suo
1694 2330 1952 2388 addidit:
1999 2347 2232 2399 ,menn
2276 2348 2352 2388 er
2393 2349 2537 2389 nur
2577 2350 2711 2390 zur

366 2412 984 2486 Gesandtschast'
1026 2417 1229 2475 nicht
1295 2418 1426 2474 das
1480 2416 1667 2475 Wort
1727 2416 2178 2489 yesprochen
2233 2416 2492 2473 brittel‘
2581 2415 2706 2472 Iam

371 2501 509 2559 libri
540 2499 906 2559 Nitzschiani
952 2500 1062 2557 tibi
1095 2499 1253 2577 finge
1284 2501 1586 2572 lectorem,
1634 2500 1736 2576 qui
1769 2499 2086 2558 Homerica
2115 2499 2335 2576 ubique
2365 2518 2709 2576 comparare

365 2586 664 2661 neglegit,
723 2588 1007 2659 quantam
1066 2584 1166 2642 ille
1224 2604 1344 2643 uno
1400 2587 1516 2644 isto
1574 2586 1820 2644 verbulo
1877 2586 2119 2643 excitari
2164 2585 2535 2661 tragoediam
2580 2605 2708 2661 per·

366 2668 603 2728 suaderi
648 2670 764 2728 sibi
808 2689 843 2726 a
887 2669 1270 2728 callidissimo
1302 2669 1610 2728 defensore
1642 2670 1924 2745 patiatur,
1969 2689 2146 2745 quem
2177 2671 2444 2746 profecto
2475 2671 2710 2730 mireris

366 2755 750 2813 Lachmanno
781 2755 1066 2812 obiecisse
1096 2754 1626 2813 causidicalem
1659 2756 2075 2813 orationem
2119 2752 2710 2832 (,advokatische

364 2840 583 2898 Rede‘
641 2860 698 2914 p.
742 2833 927 2915 229),
983 2858 1117 2897 cum
1174 2843 1304 2898 tota
1355 2839 1545 2913 ipsius
1601 2839 1948 2915 disputandi
2016 2841 2214 2898 ratio
2277 2839 2708 2899 causidicorum

371 2925 612 2982 technas
657 2923 1049 2999 strophasque
1094 2943 1299 2999 sapere
1346 2923 1637 2983 videatur.

536 3008 627 3066 Ne
673 3009 936 3082 iniquius
983 3008 1277 3067 iudicasse
1321 3028 1541 3085 arguar
1583 3008 1658 3068 de
1702 3009 1829 3067 viro
1874 3009 2408 3083 praestantissime,
2455 3008 2576 3068 duo
2621 3010 2708 3067 in-

369 3112 549 3169 super
593 3093 808 3151 addere
853 3093 1050 3168 placet
1092 3093 1302 3152 similis
1348 3094 1858 3169 interpretationis
1904 3095 2187 3169 exempla,
2232 3113 2268 3151 a
2297 3094 2516 3168 quibus
2548 3094 2710 3170 piam

369 3178 636 3237 fraudem
694 3178 899 3237 abesse
952 3198 1127 3253 aegre
1185 3179 1297 3237 tibi
1354 3179 1731 3254 persuadeas.
1822 3181 1883 3234 A
1929 3178 2050 3237 609
2082 3197 2169 3253 sq.
2222 3178 2481 3237 Achilles
2524 3178 2709 3237 Grae-

368 3282 572 3321 corum
616 3262 840 3321 cladem
883 3283 955 3321 ex
998 3265 1169 3322 navis
1214 3264 1405 3339 puppi
1452 3263 1821 3338 prospiciens
1864 3262 1937 3320 ad
1983 3262 2326 3321 Patroclum
2371 3263 2550 3322 dicit:

673 3404 793 3456 νῦν
835 3390 940 3455 ὀίω
983 3395 1116 3474 περὶ
1157 3391 1402 3476 γούνατ’
1451 3393 1559 3474 ἐμὰ
1607 3393 1930 3471 στήσεσθαι
1971 3392 2246 3473 Ἀχαιοὺς

670 3478 1086 3559 λισσομένους·
1133 3480 1305 3559 χρειὼ
1350 3481 1463 3558 γὰρ
1507 3476 1771 3540 ἱκάνεται
1815 3476 2009 3540 οὐκέτ’
2056 3476 2337 3556 ἀνεκτός,

368 3623 521 3679 quae
565 3604 905 3679 loquentem
951 3603 1053 3678 qui
1119 3603 1260 3661 fecit
1303 3601 1627 3673 Achillem,
1683 3600 1954 3676 profecto
2012 3601 2372 3678 legationem
2430 3600 2710 3660 hesterno

368 3690 464 3746 die
509 3689 880 3765 repudiatam
936 3688 1253 3764 ignoravit.
1344 3686 1500 3759 Quid
1560 3705 1697 3745 vero
1743 3685 2123 3745 Nitzschius‘?
2199 3686 2425 3744 Iterum
2473 3685 2711 3745 verbuli

368 3775 665 3850 emphasis
723 3777 1061 3848 opportune
1119 3773 1429 3831 succurrit.
1520 3771 1636 3830 Sed
1700 3771 1837 3829 audi
1895 3772 2093 3845 ipsum
2139 3791 2195 3846 p.
2232 3773 2355 3829 238
2387 3790 2476 3845 sq.
2527 3770 2711 3830 disse·

368 3863 625 3917 rentem:
688 3904 715 3933 „
738 3857 883 3918 Was
923 3859 1116 3917 Aetam
1171 3857 1339 3917 dabei
1394 3857 1674 3931 empt'aml
1715 3856 1844 3914 tend
1885 3858 2123 3924 meinte,
2178 3862 2308 3930 sayt
2366 3874 2430 3914 er
2483 3873 2602 3914 uns
2645 3857 2712 3913 in

367 3945 481 4002 den
537 3944 775 4003 Worten
840 3943 1064 4018 ,Jetzt
1123 3943 1261 4014 (ersi
1314 3944 1521 4015 recht),
1585 3944 1771 4000 meme
1830 3941 1950 4008 ich,
2030 3943 2261 4000 werden
2324 3942 2416 3999 die
2480 3937 2713 3999 Achder

367 4030 685 4100 fiehentliclz
730 4030 948 4088 bittend
989 4029 1141 4088 ηιὶεΙι
1184 4029 1478 4102 onychem
1523 4029 1681 4087 devm
1702 4043 1860 4101 qauz
1890 4026 2348 4102 unmraqzicher
2375 4025 2714 4084 Nothstand

370 4113 517 4184 triffit
570 4114 653 4171 sie
696 4113 876 4186 jem!
928 4146 1000 4156 —·
1059 4113 1263 4180 Nicht,
1330 4115 1421 4172 als
1472 4113 1670 4172 hatten
1720 4113 1803 4169 sie
1855 4111 1959 4168 Hm
2007 4129 2122 4185 yar
2176 4111 2324 4169 noch
2378 4111 2538 4169 nicht
2595 4128 2710 4168 an·

365 4215 695 4273 qeyanyen,
751 4199 967 4271 sprieht
1012 4217 1073 4257 er
1114 4200 1251 4267 das,
1305 4200 1561 4257 sondern
1603 4199 1706 4254 mit
1748 4195 2011 4267 schart‘er
2053 4196 2368 4270 Betommy
2426 4197 2526 4254 des
2571 4201 2711 4268 νῦν,

357 4285 548 4356 jetzt
601 4282 827 4350 recht,
884 4285 990 4342 wie
1031 4302 1175 4362 man
1218 4284 1399 4342 durch
1452 4301 1515 4342 so
1559 4284 1656 4341 ein
1700 4282 1946 4338 betonis-s
1987 4280 2192 4340 Jetzt
2229 4283 2311 4339 im
2353 4281 2541 4339 Sinne
2585 4282 2712 4338 eine

391 4367 798 4444 Veryleichunq
841 4369 941 4427 des
996 4366 1407 4443 Vorlieyenden
1448 4370 1553 4425 mit
1599 4368 1784 4425 eim»
1823 4364 2073 4435 sn‘lhern
2115 4366 2391 4425 vouziem.
2405 4367 2434 4394 “
2508 4365 2592 4422 Et
2635 4364 2713 4423 cf.
