3132 5129
1380 355 1677 420 -324
1767 391 1838 404 —-·

448 512 601 584 Quid
658 513 775 572 sibi
831 510 981 572 velit
1034 503 1306 570 αὐτοῖσιν
1350 507 1437 570 ἐνὶ
1492 514 1886 590 γναθμοῖσιν,
1941 530 2060 571 non
2110 530 2409 588 assequor.
2498 513 2778 571 Fortasse

442 596 777 656 αἰνοῖσιν
846 592 932 654 ἐνὶ
1005 599 1364 672 γναθμοῖσιν
1420 597 1820 658 scribendum.
1908 596 2032 656 Nec
2087 615 2268 673 supra
2320 617 2376 657 v.
2423 595 2504 655 88
2565 616 2776 656 sanum

444 701 572 741 csse
617 683 775 742 idem
820 699 1149 756 pronomen
1193 681 1549 756 putaverim.
1625 682 1778 740 Nam
1809 699 1942 740 cum
1975 684 2103 741 iota
2148 682 2592 757 comparatione
2637 681 2775 741 inde

442 787 477 825 a
505 787 563 827 v.
597 767 678 826 84
709 767 782 826 de
826 768 981 826 curis
1024 769 1253 843 agatur,
1302 786 1447 842 quas
1491 766 1651 826 filius
1694 767 1858 826 solus
1902 767 2026 825 seni
2071 767 2225 841 patri
2271 768 2556 842 praestet,
2602 765 2777 842 plane

449 851 664 911 inutile
708 855 799 911 est
840 851 1007 910 addi.
1067 849 1254 909 πᾶσιν
1297 848 1364 909 ἐν
1406 847 1689 931 ἔργμασιν
1733 839 1962 920 αὐτὸς
2005 842 2274 926 ἀμύνων.
2349 850 2568 910 Fuitne
2601 850 2776 909 olim:

444 930 608 995 αἰὲν
669 919 967 1010 ἆμύνοιν“.)“
1048 936 1118 995 Id
1164 939 1323 995 certe
1367 955 1437 996 ex
1481 956 1539 996 v.
1591 937 1670 995 74
1715 931 1929 993 πιστὸν
1992 931 2143 1011 ἔχων
2207 932 2357 995 αιέὶ
2423 930 2563 994 νόον
2621 934 2777 994 haud

444 1021 645 1097 inepte
703 1021 941 1080 tuearis.
1030 1020 1252 1080 Eadem
1308 1021 1598 1080 vocabula
1639 1020 1820 1081 etiam
1866 1023 1927 1080 in
1973 1021 2588 1096 Apollon.11,1179
2634 1039 2774 1079 con-

444 1105 576 1166 fusa
612 1106 928 1250 {pnigsptilbi
981 1105 1346 1167 Wellauerus
1387 1109 1546 1166 recte
1587 1103 1711 1165 αἰεί
1748 1106 2110 1167 emendavit.

704 1302 879 1367 Τιὶων
922 1302 981 1366 δ’
1034 1303 1237 1368 ἔπλετο
1277 1305 1508 1385 μόχθος
1554 1303 1710 1368 ἑλεῖν
1753 1305 1989 1386 ῥήιστος
2031 1297 2336 1368 ἁπάντων.

442 1427 825 1488 Schneiderus
869 1429 1020 1487 hanc
1060 1431 1267 1487 notam
1310 1427 1654 1504 adscripsit:
1708 1421 1911 1505 „roiam
1954 1427 2110 1488 unde
2153 1427 2413 1503 pendeat
2435 1426 2659 1486 neseioz
2705 1427 2779 1484 ad

440 1506 726 1570 ἁπάντων
778 1517 935 1572 certe
990 1513 1203 1572 referri
1256 1530 1380 1572 non
1435 1513 1695 1589 potest.“
1781 1513 1962 1573 Recte
2017 1513 2120 1571 ille
2176 1513 2468 1572 iudicasse
2522 1512 2778 1573 videtur.

441 1599 593 1657 Nam
639 1599 690 1657 si
737 1599 869 1674 quis
914 1593 1078 1655 τάων
1122 1617 1157 1656 a
1196 1590 1423 1674 μόχθος
1468 1598 1724 1674 pendere
1767 1599 2099 1675 putaverit,
2157 1601 2227 1656 ut
2268 1597 2440 1656 labor
2483 1596 2777 1655 indicetur

442 1683 504 1740 in
549 1683 952 1741 testudinibus
998 1683 1257 1757 positus,
1318 1685 1421 1758 qui
1465 1683 1660 1759 qualis
1704 1683 1888 1742 fuerit
1931 1682 2259 1758 explicetur
2303 1683 2534 1741 adiecto
2578 1681 2770 1740 infini-

440 1769 567 1827 tivo
612 1763 795 1825 ἕλεῖνε
848 1772 939 1827 est
982 1785 1053 1824 ea
1094 1767 1364 1826 inaudita
1405 1767 1688 1866 loquendi
1719 1767 1887 1844 rati0,
1933 1787 2113 1844 quam
2147 1765 2420 1842 Oppiano
2451 1767 2777 1825 attribuere

342 1860 408 1908 35
440 1870 561 1911 ιιοιι
603 1869 940 1926 possumus.
1028 1851 1143 1910 Hie
1184 1853 1387 1927 potius
1432 1853 1739 1930 scripsisse
1781 1853 2048 1913 videtur.
2101 1846 2243 1922 Τας
2287 1845 2346 1909 δ’
2397 1871 2529 1909 ουν
2575 1847 2779 1909 ἔπλετο

439 1930 665 2013 μόχθος
710 1931 865 1994 ἑλεῖν
906 1939 1013 1995 etc.

1410 2073 1814 2081 ————-

1306 2237 1412 2304 Π.
1460 2238 1915 2322 Cynegetica.

1446 2381 1669 2454 Liber
1722 2380 1777 2453 I.

619 2537 695 2597 V.
734 2539 808 2597 16
856 2537 1233 2598 scribendum
1264 2538 1386 2597 est·
1438 2527 1713 2615 Τοιγάρ
1759 2523 1947 2614 ἐγὼν
1989 2531 2219 2615 ἔραμαι.
2285 2537 2376 2598 cf.
2409 2537 2587 2599 Hom.
2619 2541 2779 2599 A76

449 2611 687 2766 τοιγᾶξιῖ
699 2614 849 2767 ἕξὲν
878 2618 1038 2699 ἐρέω.
1075 2657 1153 2665 -
1178 2617 1370 2700 Ἐγὼν
1400 2624 1577 2681 etiam
1605 2622 1962 2683 Lehrsiusl.
1995 2641 2045 2681 c.
2075 2642 2135 2699 p.
2172 2625 2292 2682 317
2326 2625 2779 2685 commendavit.

690 2820 873 2900 Ἀμφὶ
914 2818 1128 2903 μάθοις
1172 2820 1430 2885 ὀλοοῖσιν
1468 2819 1628 2904 ἀκὴν
1671 2822 1784 2902 ἔχε,
1828 2822 1992 2887 λεῖπέ
2033 2846 2094 2885 τε
2135 2820 2403 2897 κεστούς·
2437 2847 2444 2853 ·

698 2906 960 2988 ἐχθαίρω
1001 2906 1075 2971 τὰ
1118 2907 1381 2988 λέγουσιν
1423 2906 1747 2988 ἀθύρματα
1789 2910 2220 2988 ποντογενείης.

446 3029 557 3088 His
603 3028 872 3088 versibus
918 3049 1050 3089 cum
1095 3030 1289 3089 Diana
1344 3031 1467 3089 vati
1526 3031 1815 3090 amatoria
1859 3035 2092 3090 tantum
2138 3032 2402 3091 carmina
2441 3032 2781 3108 interdicat,

446 3117 623 3189 atque
667 3114 784 3172 iam
828 3134 887 3173 v.
920 3116 1000 3174 28
1045 3117 1107 3173 et
1153 3116 1231 3174 29
1277 3133 1313 3173 a
1355 3115 1566 3174 bellica
1609 3116 1780 3175 Musa
1824 3135 1961 3175 eum
2005 3116 2358 3191 avocaverit,
2405 3117 2779 3177 scribendum

448 3218 574 3257 csse
618 3190 774 3273 ἄμφι
803 3192 1053 3275 πόθοις,
1096 3200 1215 3258 iam
1248 3200 1390 3258 olim
1418 3202 1622 3260 monui
1653 3201 1716 3259 in
1747 3202 2072 3262 emendatt.
2103 3200 2322 3276 Nonni,
2371 3221 2516 3277 quas
2561 3202 2781 3261 annall.

449 3282 633 3358 antiq.
668 3282 806 3343 Vol.
837 3283 930 3343 III
960 3278 1182 3364 (1836)
1229 3285 1570 3345 inserendas
1615 3286 1838 3361 curavi,
1885 3307 1942 3364 p.
1981 3287 2123 3347 654.

623 3366 835 3428 Verbis
880 3369 999 3429 illis
1046 3387 1164 3428 uno
1211 3389 1386 3430 versu
1428 3368 1752 3445 respondet
1797 3368 2140 3447 Oppianus.

703 3479 991 3564 ἕκλύομέν
1035 3500 1123 3565 σε,
1170 3484 1487 3565 Μάκαιρα,
1530 3482 1741 3568 γάμων
1781 3480 2056 3565 ἆμύητον
2099 3486 2330 3549 ἐοῦσαν.

446 3604 594 3664 Post
638 3624 773 3664 eum
804 3605 1058 3665 alterum
1089 3626 1326 3667 versum
1358 3608 1663 3683 excidisse,
1711 3608 2100 3683 probabiliter
2129 3609 2528 3669 demonstrari
2558 3612 2776 3685 potest.

444 3690 713 3749 Primum
776 3691 935 3750 enim
990 3691 1053 3750 in
1109 3692 1433 3768 colloquio,
1490 3693 1649 3768 quod
1705 3712 1905 3753 secum
1950 3714 1985 3753 a
2027 3695 2219 3754 Diana
2261 3696 2605 3755 institutum
2650 3714 2779 3755 esse

444 3778 622 3852 poeta
678 3775 855 3853 fingit
910 3776 1046 3835 inde
1104 3796 1137 3835 a
1182 3798 1235 3839 v.
1282 3780 1380 3853 20,
1428 3781 1523 3837 ter
1566 3798 1634 3837 ea
1677 3778 1805 3837 Dea
1849 3779 2080 3839 duobus
2125 3779 2396 3840 versibus
2442 3778 2778 3856 Oppianum

447 3861 743 3936 appellat,
806 3862 907 3937 qui
961 3861 1169 3921 itidem
1225 3867 1315 3920 ter
1372 3862 1604 3924 duobus
1646 3864 1918 3924 versibus
1962 3864 2301 3940 respondet.
2385 3864 2553 3923 Idem
2597 3866 2777 3924 etiam

445 3946 503 4004 h.
547 3946 587 4005 l.
646 3945 773 4005 fieri
829 3946 1096 4006 debebat.
1184 3947 1367 4006 Deest
1421 3950 1652 4023 autem,
1714 3968 1866 4026 quae
1921 3950 2250 4010 necessario
2307 3949 2576 4009 addenda
2631 3953 2776 4025 erat,

447 4030 593 4092 haec
638 4032 959 4091 sententia:
1008 4049 1167 4107 „non
1212 4051 1321 4109 ego
1367 4052 1597 4094 amores
1626 4034 1991 4110 Venerisque
2035 4054 2238 4094 canam
2285 4034 2594 4095 delicias.“'
2659 4035 2776 4093 Ita-

446 4133 559 4188 que
603 4116 848 4176 lacunae
892 4116 1066 4194 signa
1108 4116 1343 4193 figenda
1386 4122 1582 4179 erunt.

615 4199 689 4259 V.
726 4202 843 4260 138
876 4221 1001 4277 sqq.

680 4304 775 4374 H
810 4316 994 4379 πάλιν
1040 4316 1371 4401 ἕσπερίησιν
1416 4316 1505 4381 στ’
1552 4317 1746 4421 ἠέλιος
1791 4320 1934 4403 ζυγὰ
1977 4322 2193 4400 κλίνει,

701 4396 923 4462 ὁππότε
967 4403 1357 4481 σημαίνουσιν
1400 4403 1525 4479 ἕαῖς
1570 4400 1810 4490 ἀγέλῃσι
1855 4416 2099 4487 νομῆες,
