3132 5129
1259 387 1718 447 -541—

310 544 526 619 quibus
573 542 772 602 verbis
817 543 1032 618 ipsam,
1081 544 1142 599 in
1186 560 1304 615 qua
1349 542 1474 600 sola
1520 543 1681 600 totus
1726 542 1821 600 hic
1865 543 2029 601 loeus
2075 548 2362 619 versatur,
2413 543 2642 604 Orestis

309 631 563 687 mortem
608 627 855 685 indicari
902 646 1032 685 cum
1079 631 1352 701 apertum
1397 627 1493 700 sit,
1542 630 1610 685 ut
1652 628 1715 684 in
1760 627 1948 685 altero
1980 627 2107 686 loco
2142 629 2379 687 Electra
2408 633 2640 704 patrem

308 716 628 787 memorat,
676 713 893 787 mirum
937 711 1203 787 profecto
1248 713 1368 782 est,
1418 711 1575 786 quod
1622 729 1729 769 nec
1773 712 1875 770 ille
1920 731 2107 787 aeque
2156 713 2373 772 diserte
2422 734 2640 773 memo-

307 799 476 855 ratur
522 801 703 872 atque
746 798 809 855 in
855 797 1041 855 altero
1087 796 1216 855 loco
1264 796 1336 854 ab
1381 796 1623 855 Electra
1667 799 1864 871 pater,
1913 800 1971 855 et
2017 798 2252 874 statim,
2302 802 2370 857 ut
2399 800 2640 874 quidem

308 883 550 956 volunt,
612 882 838 940 Chorus
896 882 967 939 ad
1015 881 1393 956 Iphigeniam
1452 883 1826 941 convertitur
1869 882 2067 941 verbis
2114 884 2433 958 eiusmodi,
2492 903 2644 959 quae

308 967 444 1025 huie
501 967 743 1042 quidem
804 966 962 1024 haud
1019 966 1189 1040 satiS,
1253 966 1476 1039 optime
1533 984 1674 1025 vero
1722 965 1920 1025 Oresti
1967 969 2281 1027 convenire
2326 970 2643 1027 immatura

305 1070 447 1110 nece
494 1052 745 1126 abrepto
790 1054 946 1111 reete
994 1052 1427 1109 demonstravit
1457 1050 1708 1109 Kvicala
1737 1070 1794 1124 p.
1832 1052 1976 1110 229.
2040 1051 2167 1110 Iam
2213 1054 2262 1110 si
2307 1054 2638 1112 memineri-

309 1156 438 1193 mus
493 1138 556 1194 in
616 1137 784 1194 libris
843 1137 1040 1194 omnia
1084 1135 1221 1193 inde
1267 1155 1301 1193 a
1345 1155 1400 1192 v.
1438 1137 1555 1193 186
1585 1136 1975 1211 Iphigeniae,
2033 1156 2154 1195 non
2198 1136 2391 1196 Choro
2434 1138 2638 1212 tribui,

308 1221 469 1280 illius
528 1239 839 1296 personam
895 1240 1016 1279 non
1074 1223 1211 1295 post
1265 1219 1408 1278 XVI
1465 1220 1699 1277 demum
1758 1221 1858 1279 sed
1928 1222 2047 1279 iam
2102 1225 2239 1296 post
2293 1221 2379 1279 VI
2433 1240 2640 1281 versus

306 1310 442 1363 ante
467 1296 839 1373 δινευούσαις
870 1305 1262 1364 reducendam
1296 1324 1421 1363 esse
1451 1324 1520 1363 eo
1544 1306 1762 1364 certius
1789 1307 2331 1381 pronuntiabimus,
2356 1307 2639 1381 quoniam

310 1390 498 1448 Choro
555 1390 824 1465 quidem,
887 1409 1063 1465 quem
1117 1390 1357 1465 querela
1415 1410 1467 1449 v.
1508 1392 1836 1448 186—191
1900 1391 2142 1465 profusa
2198 1393 2488 1466 promisso
2534 1410 2640 1450 suo

309 1475 661 1537 satisfecisse
708 1495 884 1550 supra
931 1475 1205 1549 vidimus,
1255 1494 1386 1533 cum
1433 1493 1541 1533 nec
1588 1494 1657 1533 ex
1688 1476 1934 1550 Argivis
1981 1476 2353 1535 solummodo
2399 1495 2636 1551 compo·

311 1562 458 1618 situs
505 1561 582 1618 sit
626 1560 974 1619 mulieribus
1020 1563 1079 1618 et
1123 1560 1478 1617 famularum
1523 1579 1643 1619 non
1692 1559 2013 1622 amicarum
2059 1580 2299 1619 munere
2334 1561 2646 1637 fungatur,

310 1646 498 1703 multo
545 1646 739 1703 minus
785 1645 1101 1704 conveniat
1145 1645 1431 1703 scelerum
1477 1662 1917 1719 poenarumque
1961 1647 2022 1703 in
2047 1645 2432 1704 Tantalidum
2463 1647 2638 1705 domo

311 1730 466 1787 vices
524 1735 583 1786 et
641 1737 908 1789 accurate
953 1731 1100 1789 scire
1145 1733 1208 1787 et
1251 1734 1452 1804 aperte
1497 1749 1851 1806 memorare,
1913 1749 2088 1806 quam
2135 1732 2247 1806 ipsi
2294 1730 2641 1807 Iphigeniae

310 1814 450 1872 haec
495 1814 692 1872 omnia
733 1818 1032 1890 postremo
1076 1813 1330 1889 primum
1377 1814 1475 1871 ad·
1497 1813 1725 1875 Orestis
1771 1819 2023 1875 mortem
2056 1819 2193 1873 tum·
2214 1816 2285 1874 ad
2319 1835 2484 1874 suam
2515 1834 2637 1875 sor-

314 1904 434 1958 tem
478 1898 760 1957 referenti
803 1900 1005 1958 eodem
1050 1900 1225 1974 plane
1270 1899 1462 1973 mod0,
1513 1918 1631 1974 quo
1677 1901 1880 1959 eadem
1929 1920 2109 1975 supra
2143 1901 2443 1959 Electram
2490 1902 2638 1959 vidi-

313 2003 444 2043 mus
489 2003 620 2042 eum
668 1985 790 2043 suis
833 1988 1007 2058 atque
1053 1985 1317 2058 paternis
1363 1985 1594 2043 casibus
1640 1986 2001 2061 iungentem.

481 2069 648 2138 Quod
695 2070 745 2128 si
791 2088 995 2127 verum
1042 2072 1158 2142 est,
1206 2070 1268 2127 in
1311 2067 1489 2125 ποίνα
1533 2063 1619 2144 γ’,
1665 2070 1823 2144 quod
1868 2070 2208 2128 Badhamus
2253 2070 2316 2128 in
2360 2065 2636 2145 ποίναμ’

312 2152 615 2227 mutabat,
662 2153 1001 2228 importuna
1043 2154 1335 2227 particula
1379 2155 1440 2212 in
1485 2154 1762 2227 copulam
1809 2154 2092 2213 mutanda
2135 2154 2455 2229 eademque
2499 2156 2640 2213 haec

309 2241 447 2311 post
493 2229 730 2295 σπεύδει
773 2258 880 2313 pro
911 2238 1283 2297 adversativa
1314 2239 1726 2297 coniunctione
1760 2240 2067 2298 inferenda
2097 2240 2229 2313 erit,
2278 2243 2347 2296 ut
2379 2242 2640 2298 extrema

312 2322 515 2380 addito
560 2324 744 2397 ipsius
790 2324 992 2382 fratris
1036 2324 1276 2381 nomine
1320 2324 1405 2381 ita
1450 2324 1755 2397 scripserit
1800 2324 2145 2398 Euripides:

887 2437 1065 2498 ἔνθεν
1113 2439 1227 2497 τῶν
1270 2432 1536 2511 πρόσθεν
1584 2436 1933 2516 δμαθέντων

889 2521 1263 2584 Τανταλιδᾶν
1309 2520 1571 2620 ἐκβαίνει
1613 2525 1792 2584 ποίνα
1845 2520 1898 2583 τ’

882 2612 963 2680 εἰς
1007 2609 1243 2686 οἴκους,
1289 2603 1529 2669 σπευδει
1571 2601 1628 2668 τ’
1673 2605 2064 2687 ἀσπούδαστ’,

962 2692 1057 2753 ἐπὶ
1104 2695 1199 2755 σοι
1243 2694 1535 2774 δαίμων<,
1583 2691 1733 2771 φίλ’
1779 2691 2143 2775 Ὀρέστα).

310 2815 482 2876 Nune
527 2816 764 2874 demum
810 2815 1120 2892 Iphigenia
1163 2817 1435 2891 pluribus
1481 2817 2057 2891 demonstravit,
2105 2818 2263 2891 quod
2310 2837 2367 2876 v.
2407 2818 2521 2876 147
2544 2837 2634 2893 sq.

873 2931 909 2992 ’ἓ
947 2931 980 2993 ’ὲ
1025 2929 1092 2993 ἕν
1135 2934 1394 3011 κηδείοις
1439 2932 1693 3012 οἴκτοις,

884 3017 958 3076 αἴ
991 3038 1090 3095 μοι
1135 3013 1533 3099 συμβαίνουσ’
1577 3016 1715 3078 ἆται

310 3159 440 3197 eam
484 3140 744 3199 breviter
790 3139 1167 3200 indicasse
1212 3160 1389 3216 supra
1433 3161 1489 3215 p.
1539 3141 1658 3198 531
1710 3141 1996 3200 vidimus!

481 3223 794 3298 Respirare
838 3226 1010 3284 nobis
1054 3225 1342 3300 videmur,
1392 3244 1524 3283 cum
1571 3245 1640 3284 ex
1685 3226 1844 3285 hisce
1888 3225 2148 3284 tenebris
2185 3226 2247 3283 in
2277 3229 2637 3301 postremam

310 3308 486 3367 huius
539 3311 751 3368 cantici
810 3314 1038 3384 partem
1097 3312 1468 3386 emergimus.
1562 3309 1721 3379 Quae
1777 3330 2139 3385 quamquam
2198 3314 2260 3368 et
2307 3313 2433 3386 ipsa
2478 3311 2636 3369 locos

314 3398 720 3453 controversos
766 3394 920 3452 haud
963 3414 1181 3471 paucos
1228 3396 1509 3469 continet,
1558 3395 1616 3452 hi
1664 3399 1862 3454 tamen
1893 3414 2001 3454 nec
2032 3397 2217 3453 nimia
2246 3414 2449 3454 sensus
2481 3398 2637 3453 certe

313 3477 674 3538 obscuritate
720 3479 995 3538 laborant
1041 3485 1102 3538 et
1134 3481 1352 3554 partim
1386 3481 1596 3537 saltem
1631 3480 1707 3538 ab
1738 3481 2162 3555 interpretibus
2193 3480 2450 3556 expediti
2482 3484 2635 3538 sunt.

312 3561 406 3619 Ita
451 3564 655 3620 statim
698 3564 871 3621 initio
916 3565 1058 3638 quin
1104 3585 1159 3624 v.
1210 3566 1329 3624 206
1376 3584 1484 3639 pro
1529 3565 1819 3625 librorum
1865 3565 2156 3642 scriptura
2200 3563 2431 3641 λοχείαν
2481 3569 2638 3622 recte

314 3646 690 3705 Hermannus
735 3644 983 3722 λόχιαι
1028 3650 1328 3724 scripserit
1374 3649 1721 3711 aSchoenio
1769 3654 1830 3710 et
1851 3651 2120 3710 Nauckio
2165 3654 2489 3726 receptum,
2537 3648 2637 3706 du-

315 3730 496 3790 bitari
541 3733 774 3808 nequit3
824 3737 981 3792 recte
1028 3734 1206 3793 etiam
1252 3755 1308 3793 v.
1343 3736 1464 3795 208

884 3840 922 3907 ἆ
965 3846 1384 3927 μναστευθεῖσ’
1433 3850 1490 3925 ἐξ
1526 3847 1831 3914 Ἑλλάνων

319 3968 511 4027 alieno
557 3970 683 4028 loco
727 3972 984 4044 positum
1033 3976 1095 4030 et
1135 3974 1562 4033 animadvertit
1605 3981 1666 4035 et
1708 3941 1813 4036 suo
1859 3977 1985 4035 loco
2030 3977 2166 4051 post
2209 3995 2263 4035 v.
2298 3975 2422 4031 220

891 4067 1146 4151 ἄγαμος,
1191 4071 1469 4150 ἄτεκνος,
1513 4064 1750 4151 ἄπολις,
1795 4073 2011 4148 ἄφιλος

313 4189 578 4250 reddidit
625 4192 910 4269 Scaliger,
960 4194 1051 4253 cui
1097 4194 1444 4270 adstipulati
1491 4195 1633 4251 sunt
1674 4194 1947 4268 plerique
1979 4212 2085 4252 nec
2115 4194 2369 4253 debebat
2398 4195 2636 4270 obloqui

317 4273 609 4351 Klotzius,
670 4279 770 4352 qui
832 4297 964 4338 cum
1010 4298 1243 4338 versum
1290 4279 1510 4337 tradita
1554 4278 1617 4335 in
1661 4279 1798 4336 sede
1844 4278 2118 4336 relictum
2164 4297 2297 4336 cum
2342 4281 2635 4354 sequenti-

311 4359 422 4419 bus
468 4361 662 4420 iunxit
705 4367 766 4421 ct
808 4356 883 4422 a'd
916 4362 1367 4439 Clytemestram
1414 4362 1656 4421 rettulit
1701 4383 1735 4420 a
1778 4363 2038 4421 multis
2071 4360 2309 4423 Graecis
2355 4364 2417 4421 in
2461 4383 2636 4423 conu-

311 4445 474 4502 bium
524 4448 865 4523 expetitam,
911 4467 1030 4506 non
1064 4448 1351 4523 cogitavit
1380 4447 1490 4505 hoc
1520 4448 1757 4523 quidem
1789 4468 1894 4505 nec
1925 4449 2113 4506 inesse
2146 4467 2319 4523 posse
2350 4449 2410 4506 in
2442 4451 2638 4537 verbis

2682 1490 2742 1535 18
