3132 5129
1258 388 1714 453 -385-

308 545 537 624 μοῦνον
578 538 903 623 ἆθελγέα
947 540 1217 618 θέλξον
1252 538 1557 622 Ὀρόντην.
1623 543 1833 622 Itaque
1875 563 1986 622 pro
2031 540 2319 622 τέρπεις
2362 563 2650 620 reponen-

311 633 447 692 dum
498 632 737 692 videtur
778 625 1099 706 θέλγεις.

481 715 703 791 XVIII,
756 717 875 776 189
924 716 995 774 de
1040 715 1272 774 Baccha
1315 715 1570 774 dicitur:

563 838 602 875 α
614 810 653 874 ὖ
667 837 701 893 χ
714 836 742 875 ε
757 837 793 872 ν
808 814 835 874 ί
845 835 891 873 ω
936 815 973 875 δ
978 811 1005 875 ὲ
1048 812 1281 888 λέοντος
1327 811 1644 874 ἕπέπλεκεν
1686 809 1774 874 αὖ
1787 837 1820 892 χ
1835 811 1864 873 έ
1871 838 1959 875 να
2003 813 2221 897 δεσμῷ.

313 929 603 1012 Αὖχένιος
661 955 797 996 cum
850 934 1003 994 nihil
1061 935 1223 994 aliud
1282 938 1483 1010 notet,
1541 935 1661 994 nisi
1715 953 1843 993 rem
1899 935 2113 994 cervici
2170 933 2511 1009 impositam
2559 934 2654 1012 (ut

310 1021 453 1096 XII,
503 1023 581 1080 13
637 1011 913 1094 αὖχένιαι
969 1015 1198 1098 ἔθειραι
1242 1023 1304 1078 et
1346 1019 1522 1094 XIII,
1583 1019 1710 1080 420
1763 1012 2034 1093 αὐχένιος
2077 1039 2172 1077 τει
2177 1016 2290 1096 ων)
2349 1023 2455 1078 aut
2498 1020 2652 1079 circa

310 1107 597 1166 cervicem
655 1105 1065 1198 complicatam
1120 1102 1221 1182 (ut
1262 1104 1389 1182 XV,
1452 1066 1592 1162 141.
1656 1103 1859 1179 XXII,
1920 1105 2040 1162 224
2087 1099 2300 1178 δεσμὸς
2355 1098 2650 1180 αὐχένιος,

313 1189 535 1265 XVIII,
589 1191 706 1248 117
756 1178 979 1266 ζωστὴρ
1025 1183 1353 1265 αὖχένιος),
1409 1189 1620 1265 putida
1673 1149 2028 1264 repetitione
2081 1188 2174 1247 bis
2227 1188 2385 1247 idem
2439 1189 2652 1247 iisdem

318 1276 511 1335 verbis
557 1274 634 1333 N.
681 1274 946 1337 dixisset.
1038 1273 1155 1334 Sed
1200 1273 1335 1333 11.1.
1392 1275 1494 1333 1116
1549 1274 1825 1333 dederat:
1881 1265 2223 1353 ἆγχονίω.
2311 1273 2446 1331 Vid.
2493 1273 2649 1348 XXI,

312 1362 397 1419 31
448 1359 520 1417 (16
567 1359 689 1418 vite
736 1358 1077 1436 Lycurgum
1122 1359 1369 1419 ramulis
1414 1359 1744 1419 vinciente:

564 1480 604 1517 α
585 1452 896 1542 ’γχονίῳ
941 1458 1261 1538 σφήκωσεν
1302 1451 1598 1539 ὗμόζυγον
1641 1454 1919 1536 αὐχένα
1964 1456 2222 1541 δεσμῷ.

320 1578 589 1655 XXXVI,
634 1578 763 1640 440
806 1579 878 1638 de
922 1577 1268 1640 Bacchabus
1313 1597 1348 1638 6
1390 1569 1665 1640 Morrheo
1711 1580 2102 1656 strangulatis
2118 1597 2133 1638 :

570 1691 609 1755 ἆ
624 1715 801 1776 γχον
815 1697 895 1779 ίῳ
938 1697 1224 1776 θλίβοντο
1265 1695 1630 1774 περίπλοκον
1672 1691 1763 1756 αὖ
1778 1718 1810 1774 χ
1826 1693 1904 1755 ἐν
1918 1717 1957 1754 α
2000 1695 2078 1755 δε
2093 1711 2180 1772 σμ
2197 1697 2264 1780 ᾦ.

322 1815 568 1894 XLVH,
616 1817 739 1876 223
784 1816 857 1877 (16
901 1816 1161 1894 Erigone
1175 1863 1190 1893 ,
1238 1819 1622 1896 suspendium
1669 1817 1784 1877 sibi
1828 1819 2074 1892 parante
2095 1839 2108 1875 ε

571 1926 752 2014 ἇγχο
768 1933 897 2016 νίῳ
940 1934 1236 2014 σφίγξασα
1278 1934 1640 2015 περίπλοκον
1679 1929 1958 2012 αὐχένα
2005 1932 2263 2017 δεσμῷ.

326 2053 641 2114 Praeterea
692 2046 966 2132 ἆγχόνιος
1010 2050 1227 2129 δεσμός
1287 2055 1671 2132 coniungitur
1711 2053 1950 2126 XXXV,
1997 2054 2138 2114 364.
2212 2053 2465 2129 XLVII,
2515 2055 2659 2114 233.

318 2136 409 2198 cf.
455 2140 637 2198 etiam
681 2137 842 2216 XVI,
890 2140 1016 2200 390
1037 2158 1124 2215 sq.

491 2223 646 2283 Ibid.
694 2225 836 2282 357.

582 2323 666 2405 πῇ
710 2321 1029 2399 Στάφυλος
1072 2325 1439 2400 σκηπτοῦχος
1480 2319 1833 2401 ἀνήλυθεν,
1875 2320 2040 2400 ὄφρα
2083 2321 2305 2402 νοήσως

322 2444 419 2503 Ita
446 2444 741 2519 Bacchus,
788 2443 973 2502 redux
1017 2445 1079 2502 in
1112 2445 1391 2520 Staphyli
1423 2445 1682 2519 domum,
1727 2444 1831 2502 ubi
1863 2443 1938 2502 ob
1979 2444 2142 2502 illius
2171 2447 2426 2503 mortem
2457 2445 2658 2503 omnia.

245 2523 271 2548 “
329 2532 559 2589 maesta
587 2529 846 2605 invenit,
892 2547 964 2589 ex
992 2528 1191 2589 Methe
1235 2529 1399 2590 illius
1444 2547 1628 2591 uxore
1656 2529 1911 2605 quaerit.
1985 2528 2102 2588 Sed
2132 2522 2493 2608 ἀνέρχεσθαι
2522 2547 2656 2589 66111

322 2614 554 2675 dicatur
582 2617 686 2673 aut
716 2614 787 2673 de
830 2613 1200 2674 ascendendo
1245 2615 1308 2674 in
1352 2615 1616 2691 aliquem
1663 2616 1859 2674 locum
1903 2615 2163 2688 editum,
2209 2620 2279 2673 ut
2307 2614 2522 2690 XXIV,
2559 2616 2657 2673 72.

322 2698 510 2774 XXV,
543 2700 699 2771 401,
744 2699 1000 2774 indeque
1030 2699 1101 2758 de
1132 2700 1475 2775 crescendO,
1522 2702 1627 2759 aut
1671 2700 1742 2758 de
1785 2699 2086 2759 redeundo
2131 2700 2195 2758 in
2238 2700 2454 2775 locum,
2499 2680 2658 2773 unde

322 2802 594 2861 egressus
636 2782 850 2858 fuerim
896 2786 1111 2843 neutra
1154 2745 1514 2860 significatio
1545 2784 1606 2842 h.
1638 2785 1678 2843 l.
1711 2788 1850 2860 apta
1879 2789 1988 2845 est.
2060 2783 2209 2843 Inde
2240 2745 2659 2860 corrigendum

324 2869 592 2937 videtur:
636 2861 1023 2944 α’πήλυθεν,
1069 2887 1227 2944 ,,660
1260 2867 1588 2946 Staphylus
1627 2868 1863 2928 abiit‘?“
1931 2869 2136 2928 Utitur
2163 2872 2362 2929 autem
2394 2868 2660 2929 Bacchus

324 2954 594 3013 consulto
625 2954 909 3030 ambigua
938 2971 1110 3028 voce,
1155 2972 1273 3028 666
1316 2972 1475 3013 mors
1506 2954 1684 3013 etiam
1714 2953 1964 3013 indicari
2007 2958 2276 3030 poterat,
2325 2956 2465 3030 6616
2506 2973 2661 3013 mor-

327 3041 498 3097 tuum
544 3056 669 3097 esse
715 3037 1071 3115 Staphylum
1116 3038 1232 3096 iam
1278 3038 1599 3099 divinatur.
1687 3037 1776 3097 cf.
1826 3039 1967 3097 338.
2015 3038 2136 3098 359
2164 3057 2292 3115 sqq.

494 3122 651 3199 XIX,
698 3123 816 3183 281
845 3140 936 3199 66.
2659 3138 2788 3203 ,649

578 3220 679 3281 καὶ
722 3219 859 3282 ποδὶ
901 3222 1212 3301 λαχνήεντι
1254 3220 1441 3284 πέδον
1486 3219 1770 3306 Σειληνὸς
1816 3218 2098 3301 ἑλίσσων,

580 3304 832 3379 αστατος
877 3303 1031 3366 ἔνθα
1074 3307 1176 3368 καὶ
1220 3306 1374 3369 ἔνθα
1418 3306 1668 3368 ποδοῖν
1708 3306 2032 3384 βακχεύετο
2074 3312 2312 3393 παλμῳ.

328 3426 521 3487 Priori
566 3428 763 3485 versui
808 3428 1086 3486 mendum
1132 3428 1323 3488 inesse
1368 3432 1527 3488 recte
1573 3429 1688 3487 iam
1733 3430 2036 3504 perspexit
2061 3428 2358 3506 Graefius,
2406 3430 2509 3505 qui
2554 3430 2662 3488 aut

330 3507 623 3570 ἕλίσσων’
609 3532 669 3570 m
717 3507 977 3590 ἐρέσσων
1004 3514 1100 3573 vel
1144 3503 1427 3588 ἅρασσων
1470 3511 1855 3587 mutandum,
1903 3517 2007 3572 aut
2046 3512 2153 3571 illo
2199 3516 2436 3573 servato
2481 3510 2661 3571 πόδα

328 3591 673 3673 λαχνήεντα
717 3592 901 3677 πέδῳ
950 3600 1019 3655 Σ.
1067 3592 1320 3656 ἑλίσσων
1362 3598 1739 3657 scribendum
1771 3600 1969 3657 censet
1999 3595 2102 3673 (cf.
2135 3596 2207 3673 V,
2248 3601 2386 3657 111.
2433 3596 2657 3672 XVIII,

334 3684 473 3742 110.
526 3682 695 3756 139).
784 3682 874 3739 Ex
921 3682 1137 3757 quibus
1195 3683 1337 3759 quid
1392 3682 1850 3759 praeferendum
1908 3682 2012 3758 sit,
2067 3701 2190 3742 non
2248 3683 2419 3743 facile
2477 3682 2658 3741 dicas,

330 3764 461 3836 Quo
515 3769 720 3824 autem
776 3784 1012 3843 cunque
1066 3768 1241 3827 modo
1299 3786 1507 3828 versus
1563 3767 1667 3826 ille
1722 3766 2044 3843 scribatur,
2104 3767 2258 3828 male
2316 3767 2555 3827 additur
2597 3768 2662 3825 in

330 3851 716 3926 sequentibus
770 3848 1054 3927 ποδῶν,
1121 3871 1255 3911 cum
1321 3852 1498 3912 modo
1552 3852 1711 3911 idem
1769 3852 1935 3927 pedis
1986 3870 2202 3911 nomen
2257 3850 2659 3928 praecesserit.

331 3936 525 3995 Scribi
571 3935 854 3995 debebat·
902 3937 1061 4017 θοῷ
1101 3930 1353 4014 βακχεύε
1358 3957 1419 3994 το
1462 3937 1706 4017 παλμῷ,
1751 3936 1910 4011 66οᾱ
1955 3955 2023 3996 60
2069 3936 2304 3996 facilius
2349 3938 2412 3996 in
2454 3938 2666 4013 vulga-

334 4022 453 4079 tam
497 4021 800 4094 corrumpi
843 4022 1067 4098 potuit,
1114 4039 1231 4097 quo
1278 4022 1511 4098 saepius
1554 3995 1697 4080 ali‘bi
1726 4019 1804 4079 N.
1835 4022 2136 4081 locutione
2177 4021 2372 4080 utitur
2413 4019 2668 4079 ποδῶν

328 4106 556 4185 παλμῷ.
654 4104 735 4162 Et
788 4106 873 4165 616
916 4104 1031 4181 VI,
1079 4108 1189 4181 47,
1255 4107 1361 4165 ubi
1407 4102 1704 4183 ’Ἕσπερος
1769 4097 2081 4183 ὀρχηστῆρι
2135 4103 2340 4163 ποδῶν
2392 4100 2668 4177 ἐλελίζετο

332 4188 574 4270 ταρσῷ
628 4188 881 4266 legitur,
939 4191 1004 4249 16
1050 4208 1251 4250 versus
1301 4190 1419 4249 fine
1462 4194 1719 4273 παλμῷ
1763 4191 1889 4249 61116
1935 4191 2308 4250 dubitatione
2360 4191 2664 4252 restituae.

332 4273 471 4332 Vid.
529 4290 679 4349 quos
734 4273 895 4334 locos
948 4275 1105 4333 infra
1158 4275 1236 4334 ad
1290 4274 1478 4350 XXII,
1527 4277 1649 4334 313
1675 4295 1804 4352 sqq.
1851 4274 2103 4334 laudavi.
2157 4309 2231 4319 —-
2281 4276 2398 4337 Sed
2441 4277 2506 4335 in
2549 4296 2667 4335 me-

334 4358 584 4417 moriam
628 4357 772 4417 mihi
817 4363 1058 4431 revocat
1099 4360 1454 4419 adiectivum
1502 4356 1654 4431 θοός
1699 4361 1881 4419 alium
1924 4360 2146 4436 locum,
2205 4361 2268 4419 in
2312 4380 2429 4438 quo
2472 4379 2669 4421 emen-

336 4443 531 4502 dando
590 4460 710 4501 non
762 4463 1004 4520 possum
1058 4463 1192 4503 cum
1245 4443 1491 4503 Lehrsio
1547 4444 1758 4504 facere.
1849 4446 2166 4505 Actaeonis
2224 4448 2383 4505 enim
2425 4447 2667 4507 lacerati

437 4548 687 4599 noenu,
714 4550 955 4593 sobriam
1010 4551 1048 4592 1.
2199 4548 2265 4597 25
